<?xml version="1.0" encoding="UTF-8"?>
<!DOCTYPE html PUBLIC "-//W3C//DTD XHTML 1.0 Transitional//EN"
    "http://www.w3.org/TR/xhtml1/DTD/xhtml1-transitional.dtd">
<html xmlns="http://www.w3.org/1999/xhtml" xml:lang="en" lang="en">
 <head>
  <title>
</title>
<meta http-equiv="Content-Type" content="text/html;charset=utf-8" />
  <meta name='ocr-system' content='tesseract 3.04.00' />
  <meta name='ocr-capabilities' content='ocr_page ocr_carea ocr_par ocr_line ocrx_word'/>
</head>
<body>
  <div class='ocr_page' id='page_1' title='image "./reliquiaesacrae08routgoog_0228.png"; bbox 0 0 3700 5667; ppageno 0'>
   <div class='ocr_carea' id='block_1_1' title="bbox 480 639 1237 706">
    <p class='ocr_par' dir='ltr' id='par_1_1' title="bbox 480 639 1237 706">
     <span class='ocr_line' id='line_1_1' title="bbox 480 639 1237 706; baseline -0.004 0"><span class='ocrx_word' id='word_1_1' title='bbox 480 645 544 706; x_wconf 89' lang='grc'><strong>222</strong></span> <span class='ocrx_word' id='word_1_2' title='bbox 761 642 793 705; x_wconf 94' lang='lat' dir='ltr'><strong>S.</strong></span> <span class='ocrx_word' id='word_1_3' title='bbox 817 639 1072 705; x_wconf 86' lang='lat' dir='ltr'><strong>DIONYSIUS</strong></span> <span class='ocrx_word' id='word_1_4' title='bbox 1097 639 1237 703; x_wconf 86' lang='lat' dir='ltr'><strong>ALEX.</strong></span> 
     </span>
    </p>
   </div>
   <div class='ocr_carea' id='block_1_2' title="bbox 477 810 1528 1838">
    <p class='ocr_par' dir='ltr' id='par_1_2' title="bbox 477 810 1528 1838">
     <span class='ocr_line' id='line_1_2' title="bbox 482 810 1526 873; baseline -0.005 -1"><span class='ocrx_word' id='word_1_5' title='bbox 482 823 499 848; x_wconf 81' lang='lat'><strong>‘⁸</strong></span> <span class='ocrx_word' id='word_1_6' title='bbox 515 815 562 873; x_wconf 89' lang='lat' dir='ltr'><strong>die</strong></span> <span class='ocrx_word' id='word_1_7' title='bbox 576 817 606 873; x_wconf 89' lang='lat'><strong>3.</strong></span> <span class='ocrx_word' id='word_1_8' title='bbox 626 813 733 873; x_wconf 82' lang='lat' dir='ltr'>mensis</span> <span class='ocrx_word' id='word_1_9' title='bbox 752 813 888 871; x_wconf 84' lang='lat' dir='ltr'>Octobris</span> <span class='ocrx_word' id='word_1_10' title='bbox 907 812 1099 870; x_wconf 89' lang='lat' dir='ltr'><strong>celebratur.”</strong></span> <span class='ocrx_word' id='word_1_11' title='bbox 1142 811 1233 867; x_wconf 93' lang='lat' dir='ltr'><strong>Porro</strong></span> <span class='ocrx_word' id='word_1_12' title='bbox 1251 811 1280 866; x_wconf 93' lang='lat' dir='ltr'><strong>in</strong></span> <span class='ocrx_word' id='word_1_13' title='bbox 1296 811 1430 869; x_wconf 89' lang='lat' dir='ltr'><strong>omnibus</strong></span> <span class='ocrx_word' id='word_1_14' title='bbox 1445 810 1526 869; x_wconf 88' lang='lat' dir='ltr'><strong>Lati-</strong></span> 
     </span>
     <span class='ocr_line' id='line_1_3' title="bbox 480 917 1528 998; baseline -0.002 -20"><span class='ocrx_word' id='word_1_15' title='bbox 480 921 526 978; x_wconf 89' lang='lat' dir='ltr'><strong>nis</strong></span> <span class='ocrx_word' id='word_1_16' title='bbox 536 918 766 998; x_wconf 81' lang='lat' dir='ltr'><strong>Martyrologiis,</strong></span> <span class='ocrx_word' id='word_1_17' title='bbox 782 928 815 976; x_wconf 89' lang='lat' dir='ltr'><strong>ut</strong></span> <span class='ocrx_word' id='word_1_18' title='bbox 830 927 913 975; x_wconf 89' lang='lat' dir='ltr'><strong>notat</strong></span> <span class='ocrx_word' id='word_1_19' title='bbox 925 917 1033 975; x_wconf 82' lang='lat' dir='ltr'><strong>Gavius</strong></span> <span class='ocrx_word' id='word_1_20' title='bbox 1048 917 1077 973; x_wconf 95' lang='lat' dir='ltr'><strong>in</strong></span> <span class='ocrx_word' id='word_1_21' title='bbox 1089 917 1168 972; x_wconf 83' lang='lat' dir='ltr'><strong>Hist.</strong></span> <span class='ocrx_word' id='word_1_22' title='bbox 1178 917 1236 973; x_wconf 82' lang='lat' dir='ltr'><strong>Lit.</strong></span> <span class='ocrx_word' id='word_1_23' title='bbox 1252 937 1281 995; x_wconf 86' lang='lat' dir='ltr'><strong>p.</strong></span> <span class='ocrx_word' id='word_1_24' title='bbox 1294 917 1361 973; x_wconf 80' lang='grc'><strong>124.</strong></span> <span class='ocrx_word' id='word_1_25' title='bbox 1377 917 1528 993; x_wconf 84' lang='lat' dir='ltr'><strong>“hujusce</strong></span> 
     </span>
     <span class='ocr_line' id='line_1_4' title="bbox 480 1019 1527 1099; baseline -0.001 -19"><span class='ocrx_word' id='word_1_26' title='bbox 480 1030 499 1057; x_wconf 83' lang='lat'><strong>‘⁸</strong></span> <span class='ocrx_word' id='word_1_27' title='bbox 513 1023 568 1081; x_wconf 85' lang='lat' dir='ltr'><strong>viri</strong></span> <span class='ocrx_word' id='word_1_28' title='bbox 589 1033 619 1080; x_wconf 89' lang='lat' dir='ltr'><strong>et</strong></span> <span class='ocrx_word' id='word_1_29' title='bbox 641 1021 774 1099; x_wconf 81' lang='lat' dir='ltr'>Gregorii</span> <span class='ocrx_word' id='word_1_30' title='bbox 797 1019 1044 1078; x_wconf 74' lang='lat' dir='ltr'><strong>Neocaesariensis</strong></span> <span class='ocrx_word' id='word_1_31' title='bbox 1063 1020 1202 1078; x_wconf 89' lang='lat' dir='ltr'><strong>memoria</strong></span> <span class='ocrx_word' id='word_1_32' title='bbox 1226 1022 1271 1077; x_wconf 81' lang='lat'><strong>15.</strong></span> <span class='ocrx_word' id='word_1_33' title='bbox 1293 1019 1356 1078; x_wconf 88' lang='lat' dir='ltr'><strong>Cal.</strong></span> <span class='ocrx_word' id='word_1_34' title='bbox 1380 1021 1527 1079; x_wconf 85' lang='lat' dir='ltr'><strong>Novemb.</strong></span> 
     </span>
     <span class='ocr_line' id='line_1_5' title="bbox 480 1123 1528 1206; baseline 0.001 -22"><span class='ocrx_word' id='word_1_35' title='bbox 480 1135 499 1160; x_wconf 87' lang='lat'><strong>·‘</strong></span> <span class='ocrx_word' id='word_1_36' title='bbox 513 1126 703 1185; x_wconf 89' lang='lat' dir='ltr'><strong>celebratur.”</strong></span> <span class='ocrx_word' id='word_1_37' title='bbox 745 1124 847 1202; x_wconf 83' lang='lat' dir='ltr'><strong>Atque</strong></span> <span class='ocrx_word' id='word_1_38' title='bbox 872 1123 936 1200; x_wconf 79' lang='lat' dir='ltr'><strong>ejus</strong></span> <span class='ocrx_word' id='word_1_39' title='bbox 961 1125 1079 1183; x_wconf 88' lang='lat' dir='ltr'><strong>nomine</strong></span> <span class='ocrx_word' id='word_1_40' title='bbox 1103 1136 1227 1184; x_wconf 82' lang='lat' dir='ltr'><strong>erectam</strong></span> <span class='ocrx_word' id='word_1_41' title='bbox 1254 1146 1315 1185; x_wconf 89' lang='lat' dir='ltr'><strong>esse</strong></span> <span class='ocrx_word' id='word_1_42' title='bbox 1339 1126 1431 1185; x_wconf 86' lang='lat' dir='ltr'><strong>initiis</strong></span> <span class='ocrx_word' id='word_1_43' title='bbox 1456 1127 1528 1206; x_wconf 86' lang='lat' dir='ltr'><strong>ipsis</strong></span> 
     </span>
     <span class='ocr_line' id='line_1_6' title="bbox 479 1228 1527 1311; baseline 0 -22"><span class='ocrx_word' id='word_1_44' title='bbox 479 1230 576 1290; x_wconf 75' lang='lat' dir='ltr'><strong>saculi</strong></span> <span class='ocrx_word' id='word_1_45' title='bbox 596 1230 691 1307; x_wconf 89' lang='lat' dir='ltr'><strong>quarti</strong></span> <span class='ocrx_word' id='word_1_46' title='bbox 706 1228 893 1289; x_wconf 73' lang='lat' dir='ltr'><strong>Alexandriae</strong></span> <span class='ocrx_word' id='word_1_47' title='bbox 914 1229 1073 1300; x_wconf 87' lang='lat' dir='ltr'><strong>ecclesiam,</strong></span> <span class='ocrx_word' id='word_1_48' title='bbox 1089 1230 1165 1290; x_wconf 92' lang='lat' dir='ltr'><strong>idem</strong></span> <span class='ocrx_word' id='word_1_49' title='bbox 1184 1231 1293 1289; x_wconf 89' lang='lat' dir='ltr'><strong>Cavius</strong></span> <span class='ocrx_word' id='word_1_50' title='bbox 1311 1251 1347 1289; x_wconf 85' lang='lat' dir='ltr'><strong>ex</strong></span> <span class='ocrx_word' id='word_1_51' title='bbox 1365 1232 1527 1311; x_wconf 84' lang='lat' dir='ltr'><strong>Epiphanii</strong></span> 
     </span>
     <span class='ocr_line' id='line_1_7' title="bbox 479 1335 1527 1395; baseline 0.001 -2"><span class='ocrx_word' id='word_1_52' title='bbox 479 1336 588 1395; x_wconf 75' lang='lat' dir='ltr'><strong>Hares.</strong></span> <span class='ocrx_word' id='word_1_53' title='bbox 609 1335 681 1392; x_wconf 83' lang='lat' dir='ltr'><strong>lxix.</strong></span> <span class='ocrx_word' id='word_1_54' title='bbox 701 1356 754 1394; x_wconf 93' lang='lat' dir='ltr'><strong>nos</strong></span> <span class='ocrx_word' id='word_1_55' title='bbox 775 1335 867 1394; x_wconf 88' lang='lat' dir='ltr'><strong>docet.</strong></span> <span class='ocrx_word' id='word_1_56' title='bbox 912 1336 986 1394; x_wconf 66' lang='lat' dir='ltr'><strong>Haec</strong></span> <span class='ocrx_word' id='word_1_57' title='bbox 1007 1347 1104 1394; x_wconf 89' lang='lat' dir='ltr'><strong>autem</strong></span> <span class='ocrx_word' id='word_1_58' title='bbox 1127 1336 1247 1395; x_wconf 85' lang='lat' dir='ltr'><strong>ecclesia</strong></span> <span class='ocrx_word' id='word_1_59' title='bbox 1269 1337 1305 1394; x_wconf 89' lang='lat' dir='ltr'><strong>ab</strong></span> <span class='ocrx_word' id='word_1_60' title='bbox 1324 1335 1527 1395; x_wconf 89' lang='lat' dir='ltr'><strong>Alexandrino</strong></span> 
     </span>
     <span class='ocr_line' id='line_1_8' title="bbox 479 1441 1526 1523; baseline 0.001 -23"><span class='ocrx_word' id='word_1_61' title='bbox 479 1441 589 1522; x_wconf 92' lang='lat' dir='ltr'><strong>populo</strong></span> <span class='ocrx_word' id='word_1_62' title='bbox 600 1442 754 1500; x_wconf 76' lang='lat' dir='ltr'><strong>Athanasii</strong></span> <span class='ocrx_word' id='word_1_63' title='bbox 766 1441 881 1520; x_wconf 83' lang='lat' dir='ltr'><strong>expulsi</strong></span> <span class='ocrx_word' id='word_1_64' title='bbox 896 1444 983 1500; x_wconf 70' lang='lat' dir='ltr'><strong>causa</strong></span> <span class='ocrx_word' id='word_1_65' title='bbox 997 1442 1197 1500; x_wconf 83' lang='lat' dir='ltr'><strong>tumultuante</strong></span> <span class='ocrx_word' id='word_1_66' title='bbox 1208 1442 1343 1501; x_wconf 90' lang='lat' dir='ltr'><strong>incendio</strong></span> <span class='ocrx_word' id='word_1_67' title='bbox 1354 1455 1526 1523; x_wconf 89' lang='lat' dir='ltr'><strong>consumpta</strong></span> 
     </span>
     <span class='ocr_line' id='line_1_9' title="bbox 479 1546 1525 1627; baseline -0.002 -20"><span class='ocrx_word' id='word_1_68' title='bbox 479 1559 533 1613; x_wconf 88' lang='lat' dir='ltr'><strong>est,</strong></span> <span class='ocrx_word' id='word_1_69' title='bbox 549 1548 693 1606; x_wconf 82' lang='lat' dir='ltr'><strong>referente</strong></span> <span class='ocrx_word' id='word_1_70' title='bbox 708 1546 872 1605; x_wconf 84' lang='lat' dir='ltr'><strong>Sozomeno</strong></span> <span class='ocrx_word' id='word_1_71' title='bbox 886 1547 936 1605; x_wconf 89' lang='lat' dir='ltr'><strong>lib.</strong></span> <span class='ocrx_word' id='word_1_72' title='bbox 951 1548 994 1605; x_wconf 91' lang='lat' dir='ltr'><strong>iii.</strong></span> <span class='ocrx_word' id='word_1_73' title='bbox 1009 1549 1089 1604; x_wconf 83' lang='lat' dir='ltr'><strong>Hist.</strong></span> <span class='ocrx_word' id='word_1_74' title='bbox 1100 1548 1181 1604; x_wconf 84' lang='lat' dir='ltr'><strong>Eccl.</strong></span> <span class='ocrx_word' id='word_1_75' title='bbox 1197 1568 1259 1627; x_wconf 87' lang='lat' dir='ltr'><strong>cap.</strong></span> <span class='ocrx_word' id='word_1_76' title='bbox 1274 1549 1303 1604; x_wconf 85' lang='lat'><strong>6.</strong></span> <span class='ocrx_word' id='word_1_77' title='bbox 1341 1548 1525 1606; x_wconf 87' lang='lat' dir='ltr'><strong>Mentionem</strong></span> 
     </span>
     <span class='ocr_line' id='line_1_10' title="bbox 478 1651 1526 1732; baseline -0.001 -21"><span class='ocrx_word' id='word_1_78' title='bbox 478 1673 595 1731; x_wconf 89' lang='lat' dir='ltr'><strong>quoque</strong></span> <span class='ocrx_word' id='word_1_79' title='bbox 609 1653 680 1712; x_wconf 86' lang='lat' dir='ltr'><strong>iecit</strong></span> <span class='ocrx_word' id='word_1_80' title='bbox 694 1651 822 1731; x_wconf 85' lang='lat' dir='ltr'><strong>ejusdem</strong></span> <span class='ocrx_word' id='word_1_81' title='bbox 844 1653 972 1712; x_wconf 67' lang='lat' dir='ltr'><strong>ecclesiae</strong></span> <span class='ocrx_word' id='word_1_82' title='bbox 988 1652 1210 1732; x_wconf 87' lang='lat' dir='ltr'><strong>Philostorgius.</strong></span> <span class='ocrx_word' id='word_1_83' title='bbox 1229 1654 1308 1713; x_wconf 87' lang='lat' dir='ltr'><strong>Hist.</strong></span> <span class='ocrx_word' id='word_1_84' title='bbox 1325 1655 1357 1712; x_wconf 92' lang='lat' dir='ltr'><strong>ii.</strong></span> <span class='ocrx_word' id='word_1_85' title='bbox 1376 1656 1423 1711; x_wconf 88' lang='lat' dir='ltr'><strong>ll.</strong></span> <span class='ocrx_word' id='word_1_86' title='bbox 1467 1653 1526 1712; x_wconf 87' lang='lat' dir='ltr'><strong>Sed</strong></span> 
     </span>
     <span class='ocr_line' id='line_1_11' title="bbox 477 1756 1527 1838; baseline -0.002 -21"><span class='ocrx_word' id='word_1_87' title='bbox 477 1758 583 1817; x_wconf 84' lang='lat' dir='ltr'><strong>falsum</strong></span> <span class='ocrx_word' id='word_1_88' title='bbox 603 1768 657 1828; x_wconf 90' lang='lat' dir='ltr'><strong>est,</strong></span> <span class='ocrx_word' id='word_1_89' title='bbox 672 1756 750 1835; x_wconf 87' lang='lat' dir='ltr'><strong>quod</strong></span> <span class='ocrx_word' id='word_1_90' title='bbox 770 1769 867 1816; x_wconf 90' lang='lat' dir='ltr'><strong>narrat</strong></span> <span class='ocrx_word' id='word_1_91' title='bbox 886 1757 1037 1817; x_wconf 87' lang='lat' dir='ltr'><strong>Cedrenus</strong></span> <span class='ocrx_word' id='word_1_92' title='bbox 1058 1758 1136 1817; x_wconf 85' lang='lat' dir='ltr'><strong>Hist.</strong></span> <span class='ocrx_word' id='word_1_93' title='bbox 1154 1761 1297 1836; x_wconf 84' lang='lat' dir='ltr'><strong>Compend.</strong></span> <span class='ocrx_word' id='word_1_94' title='bbox 1315 1780 1380 1838; x_wconf 82' lang='lat' dir='ltr'><strong>pag.</strong></span> <span class='ocrx_word' id='word_1_95' title='bbox 1393 1760 1464 1816; x_wconf 85' lang='grc'><strong>258.</strong></span> <span class='ocrx_word' id='word_1_96' title='bbox 1480 1758 1527 1816; x_wconf 89' lang='lat' dir='ltr'><strong>ed.</strong></span> 
     </span>
    </p>
   </div>
   <div class='ocr_carea' id='block_1_3' title="bbox 477 1862 1528 2258">
    <p class='ocr_par' dir='ltr' id='par_1_3' title="bbox 477 1862 1528 2258">
     <span class='ocr_line' id='line_1_12' title="bbox 480 1862 1526 1943; baseline 0.002 -23"><span class='ocrx_word' id='word_1_97' title='bbox 480 1863 571 1922; x_wconf 87' lang='lat' dir='ltr'><strong>Paris.</strong></span> <span class='ocrx_word' id='word_1_98' title='bbox 586 1863 760 1942; x_wconf 85' lang='lat' dir='ltr'><strong>Dionysium</strong></span> <span class='ocrx_word' id='word_1_99' title='bbox 777 1862 871 1921; x_wconf 84' lang='lat' dir='ltr'><strong>Decio</strong></span> <span class='ocrx_word' id='word_1_100' title='bbox 885 1863 1072 1943; x_wconf 84' lang='lat' dir='ltr'><strong>imperitante</strong></span> <span class='ocrx_word' id='word_1_101' title='bbox 1086 1864 1226 1942; x_wconf 79' lang='lat' dir='ltr'><strong>martyrio</strong></span> <span class='ocrx_word' id='word_1_102' title='bbox 1242 1874 1410 1923; x_wconf 90' lang='lat' dir='ltr'><strong>coronatum</strong></span> <span class='ocrx_word' id='word_1_103' title='bbox 1425 1863 1526 1930; x_wconf 82' lang='lat' dir='ltr'><strong>fuisse,</strong></span> 
     </span>
     <span class='ocr_line' id='line_1_13' title="bbox 478 1967 1527 2047; baseline 0.001 -21"><span class='ocrx_word' id='word_1_104' title='bbox 478 1968 527 2045; x_wconf 90' lang='lat' dir='ltr'><strong>qui</strong></span> <span class='ocrx_word' id='word_1_105' title='bbox 550 1968 601 2027; x_wconf 90' lang='lat' dir='ltr'><strong>diu</strong></span> <span class='ocrx_word' id='word_1_106' title='bbox 623 1979 724 2047; x_wconf 86' lang='lat' dir='ltr'><strong>postea</strong></span> <span class='ocrx_word' id='word_1_107' title='bbox 745 1969 800 2027; x_wconf 92' lang='lat' dir='ltr'><strong>sub</strong></span> <span class='ocrx_word' id='word_1_108' title='bbox 816 1968 954 2028; x_wconf 86' lang='lat' dir='ltr'><strong>Gallieno</strong></span> <span class='ocrx_word' id='word_1_109' title='bbox 974 1988 1051 2026; x_wconf 90' lang='lat' dir='ltr'><strong>anuo</strong></span> <span class='ocrx_word' id='word_1_110' title='bbox 1070 1968 1180 2027; x_wconf 83' lang='lat' dir='ltr'><strong>Christi</strong></span> <span class='ocrx_word' id='word_1_111' title='bbox 1196 1970 1266 2028; x_wconf 82' lang='grc'><strong>264.</strong></span> <span class='ocrx_word' id='word_1_112' title='bbox 1282 1967 1328 2027; x_wconf 88' lang='lat' dir='ltr'><strong>vel</strong></span> <span class='ocrx_word' id='word_1_113' title='bbox 1343 1970 1412 2026; x_wconf 87' lang='grc'><strong>265.</strong></span> <span class='ocrx_word' id='word_1_114' title='bbox 1432 1979 1527 2027; x_wconf 89' lang='lat' dir='ltr'><strong>morte</strong></span> 
     </span>
     <span class='ocr_line' id='line_1_14' title="bbox 477 2072 1528 2152; baseline -0.001 -20"><span class='ocrx_word' id='word_1_115' title='bbox 477 2074 581 2132; x_wconf 89' lang='lat' dir='ltr'><strong>obiret.</strong></span> <span class='ocrx_word' id='word_1_116' title='bbox 611 2072 661 2131; x_wconf 88' lang='lat' dir='ltr'><strong>Ad</strong></span> <span class='ocrx_word' id='word_1_117' title='bbox 676 2074 780 2152; x_wconf 81' lang='lat' dir='ltr'><strong>Magni</strong></span> <span class='ocrx_word' id='word_1_118' title='bbox 794 2073 915 2133; x_wconf 92' lang='lat' dir='ltr'><strong>titulum</strong></span> <span class='ocrx_word' id='word_1_119' title='bbox 931 2072 1010 2150; x_wconf 90' lang='lat' dir='ltr'><strong>quod</strong></span> <span class='ocrx_word' id='word_1_120' title='bbox 1024 2073 1130 2132; x_wconf 86' lang='lat' dir='ltr'><strong>attinet</strong></span> <span class='ocrx_word' id='word_1_121' title='bbox 1149 2073 1339 2132; x_wconf 85' lang='lat' dir='ltr'><strong>disertissimo</strong></span> <span class='ocrx_word' id='word_1_122' title='bbox 1352 2084 1440 2150; x_wconf 88' lang='lat' dir='ltr'><strong>atque</strong></span> <span class='ocrx_word' id='word_1_123' title='bbox 1459 2092 1528 2131; x_wconf 88' lang='lat' dir='ltr'><strong>eru-</strong></span> 
     </span>
     <span class='ocr_line' id='line_1_15' title="bbox 477 2174 1525 2258; baseline -0.002 -21"><span class='ocrx_word' id='word_1_124' title='bbox 477 2178 620 2238; x_wconf 88' lang='lat' dir='ltr'><strong>ditissimo</strong></span> <span class='ocrx_word' id='word_1_125' title='bbox 640 2178 709 2238; x_wconf 91' lang='lat' dir='ltr'><strong>huic</strong></span> <span class='ocrx_word' id='word_1_126' title='bbox 730 2179 866 2258; x_wconf 90' lang='lat' dir='ltr'><strong>episcopo</strong></span> <span class='ocrx_word' id='word_1_127' title='bbox 886 2177 1023 2245; x_wconf 89' lang='lat' dir='ltr'><strong>inditum,</strong></span> <span class='ocrx_word' id='word_1_128' title='bbox 1044 2177 1192 2236; x_wconf 87' lang='lat' dir='ltr'><strong>Eusebius</strong></span> <span class='ocrx_word' id='word_1_129' title='bbox 1212 2177 1298 2236; x_wconf 89' lang='lat' dir='ltr'><strong>initio</strong></span> <span class='ocrx_word' id='word_1_130' title='bbox 1318 2178 1360 2237; x_wconf 93' lang='lat' dir='ltr'><strong>lib</strong></span> <span class='ocrx_word' id='word_1_131' title='bbox 1373 2174 1427 2245; x_wconf 74' lang='lat'><strong>7¹²¹</strong></span> <span class='ocrx_word' id='word_1_132' title='bbox 1447 2179 1525 2238; x_wconf 78' lang='lat' dir='ltr'><strong>Hist.</strong></span> 
     </span>
    </p>
   </div>
   <div class='ocr_carea' id='block_1_4' title="bbox 478 2284 1528 3608">
    <p class='ocr_par' dir='ltr' id='par_1_4' title="bbox 478 2284 1528 3608">
     <span class='ocr_line' id='line_1_16' title="bbox 482 2284 1528 2363; baseline 0 -19"><span class='ocrx_word' id='word_1_133' title='bbox 482 2288 555 2344; x_wconf 82' lang='lat' dir='ltr'><strong>Eccl.</strong></span> <span class='ocrx_word' id='word_1_134' title='bbox 579 2286 636 2344; x_wconf 87' lang='lat' dir='ltr'><strong>isto</strong></span> <span class='ocrx_word' id='word_1_135' title='bbox 660 2285 756 2363; x_wconf 86' lang='lat' dir='ltr'><strong>elogio</strong></span> <span class='ocrx_word' id='word_1_136' title='bbox 782 2304 848 2344; x_wconf 87' lang='lat' dir='ltr'><strong>eum</strong></span> <span class='ocrx_word' id='word_1_137' title='bbox 873 2284 997 2351; x_wconf 86' lang='lat' dir='ltr'><strong>ornavit,</strong></span> <span class='ocrx_word' id='word_1_138' title='bbox 1022 2289 1037 2340; x_wconf 77' lang='grc' dir='ltr'><strong><em>ό</em></strong></span> <span class='ocrx_word' id='word_1_139' title='bbox 1061 2287 1141 2359; x_wconf 72' lang='grc' dir='ltr'>μέγας</span> <span class='ocrx_word' id='word_1_140' title='bbox 1162 2284 1359 2359; x_wconf 73' lang='grc' dir='ltr'><strong>Ἀλεξανδρείας</strong></span> <span class='ocrx_word' id='word_1_141' title='bbox 1383 2287 1528 2344; x_wconf 73' lang='grc' dir='ltr'>ἐπίσκοπος</span> 
     </span>
     <span class='ocr_line' id='line_1_17' title="bbox 479 2388 1526 2467; baseline 0.002 -19"><span class='ocrx_word' id='word_1_142' title='bbox 479 2393 624 2457; x_wconf 76' lang='grc' dir='ltr'>Διονύσιος,</span> <span class='ocrx_word' id='word_1_143' title='bbox 640 2389 677 2449; x_wconf 90' lang='lat' dir='ltr'><strong>ad</strong></span> <span class='ocrx_word' id='word_1_144' title='bbox 691 2410 756 2467; x_wconf 69' lang='lat' dir='ltr'><strong>quar</strong></span> <span class='ocrx_word' id='word_1_145' title='bbox 771 2390 857 2448; x_wconf 88' lang='lat' dir='ltr'><strong>verba</strong></span> <span class='ocrx_word' id='word_1_146' title='bbox 870 2389 912 2447; x_wconf 90' lang='lat' dir='ltr'><strong>ita</strong></span> <span class='ocrx_word' id='word_1_147' title='bbox 928 2388 1074 2454; x_wconf 87' lang='lat' dir='ltr'><strong>Valesius,</strong></span> <span class='ocrx_word' id='word_1_148' title='bbox 1091 2397 1109 2421; x_wconf 86' lang='lat'><strong>“</strong></span> <span class='ocrx_word' id='word_1_149' title='bbox 1124 2388 1195 2447; x_wconf 93' lang='lat' dir='ltr'><strong>Non</strong></span> <span class='ocrx_word' id='word_1_150' title='bbox 1209 2389 1289 2448; x_wconf 88' lang='lat' dir='ltr'><strong>solus</strong></span> <span class='ocrx_word' id='word_1_151' title='bbox 1303 2389 1460 2455; x_wconf 87' lang='lat' dir='ltr'><strong>Eusebius,</strong></span> <span class='ocrx_word' id='word_1_152' title='bbox 1475 2390 1526 2450; x_wconf 82' lang='lat' dir='ltr'><strong>sed</strong></span> 
     </span>
     <span class='ocr_line' id='line_1_18' title="bbox 479 2491 1525 2572; baseline -0.003 -18"><span class='ocrx_word' id='word_1_153' title='bbox 479 2507 498 2529; x_wconf 87' lang='lat'><strong>“</strong></span> <span class='ocrx_word' id='word_1_154' title='bbox 513 2517 614 2555; x_wconf 90' lang='lat' dir='ltr'><strong>omnes</strong></span> <span class='ocrx_word' id='word_1_155' title='bbox 634 2497 696 2555; x_wconf 88' lang='lat' dir='ltr'><strong>fere</strong></span> <span class='ocrx_word' id='word_1_156' title='bbox 717 2494 829 2572; x_wconf 85' lang='lat' dir='ltr'><strong>antiqui</strong></span> <span class='ocrx_word' id='word_1_157' title='bbox 853 2504 949 2572; x_wconf 89' lang='lat' dir='ltr'><strong>patres</strong></span> <span class='ocrx_word' id='word_1_158' title='bbox 970 2493 1115 2572; x_wconf 81' lang='lat' dir='ltr'><strong>Dionysio</strong></span> <span class='ocrx_word' id='word_1_159' title='bbox 1129 2491 1331 2552; x_wconf 87' lang='lat' dir='ltr'><strong>Alexandrino</strong></span> <span class='ocrx_word' id='word_1_160' title='bbox 1351 2513 1525 2571; x_wconf 83' lang='lat' dir='ltr'><strong>cognomen-</strong></span> 
     </span>
     <span class='ocr_line' id='line_1_19' title="bbox 480 2598 1527 2680; baseline -0.005 -19"><span class='ocrx_word' id='word_1_161' title='bbox 480 2608 577 2661; x_wconf 85' lang='lat' dir='ltr'><strong>“tum</strong></span> <span class='ocrx_word' id='word_1_162' title='bbox 591 2601 695 2680; x_wconf 80' lang='lat' dir='ltr'><strong>Magni</strong></span> <span class='ocrx_word' id='word_1_163' title='bbox 709 2599 885 2659; x_wconf 88' lang='lat' dir='ltr'><strong>tribuerunt.</strong></span> <span class='ocrx_word' id='word_1_164' title='bbox 929 2598 977 2656; x_wconf 87' lang='lat' dir='ltr'><strong>Ita</strong></span> <span class='ocrx_word' id='word_1_165' title='bbox 992 2598 1119 2657; x_wconf 86' lang='lat' dir='ltr'><strong>Basilius</strong></span> <span class='ocrx_word' id='word_1_166' title='bbox 1138 2598 1167 2656; x_wconf 92' lang='lat' dir='ltr'><strong>in</strong></span> <span class='ocrx_word' id='word_1_167' title='bbox 1183 2598 1319 2677; x_wconf 87' lang='lat' dir='ltr'><strong>Epistola</strong></span> <span class='ocrx_word' id='word_1_168' title='bbox 1337 2599 1475 2657; x_wconf 77' lang='lat' dir='ltr'><strong>canomca</strong></span> <span class='ocrx_word' id='word_1_169' title='bbox 1489 2599 1527 2656; x_wconf 90' lang='lat' dir='ltr'><strong>ad</strong></span> 
     </span>
     <span class='ocr_line' id='line_1_20' title="bbox 479 2703 1526 2785; baseline -0.009 -20"><span class='ocrx_word' id='word_1_170' title='bbox 479 2717 498 2739; x_wconf 77' lang='lat'><strong>‘⁴</strong></span> <span class='ocrx_word' id='word_1_171' title='bbox 512 2706 763 2785; x_wconf 79' lang='lat' dir='ltr'><strong>Amphilochium,</strong></span> <span class='ocrx_word' id='word_1_172' title='bbox 778 2707 819 2761; x_wconf 76' lang='grc' dir='ltr'><strong>καὶ</strong></span> <span class='ocrx_word' id='word_1_173' title='bbox 836 2703 973 2775; x_wconf 71' lang='grc' dir='ltr'>ἐθαύμασα</span> <span class='ocrx_word' id='word_1_174' title='bbox 989 2709 1044 2761; x_wconf 78' lang='grc' dir='ltr'><strong>πῶς</strong></span> <span class='ocrx_word' id='word_1_175' title='bbox 1057 2705 1188 2759; x_wconf 76' lang='grc' dir='ltr'>κανονικὸν</span> <span class='ocrx_word' id='word_1_176' title='bbox 1202 2703 1264 2760; x_wconf 80' lang='grc' dir='ltr'>ὄντα</span> <span class='ocrx_word' id='word_1_177' title='bbox 1277 2706 1324 2760; x_wconf 78' lang='grc' dir='ltr'><strong>τὸν</strong></span> <span class='ocrx_word' id='word_1_178' title='bbox 1336 2707 1418 2778; x_wconf 75' lang='grc' dir='ltr'>μέγαν</span> <span class='ocrx_word' id='word_1_179' title='bbox 1431 2706 1526 2760; x_wconf 75' lang='grc' dir='ltr'>Διονύ.</span> 
     </span>
     <span class='ocr_line' id='line_1_21' title="bbox 479 2807 1526 2888; baseline -0.002 -20"><span class='ocrx_word' id='word_1_180' title='bbox 479 2821 498 2845; x_wconf 88' lang='grc'>“</span> <span class='ocrx_word' id='word_1_181' title='bbox 511 2835 570 2868; x_wconf 68' lang='lat' dir='ltr'><strong>ocos</strong></span> <span class='ocrx_word' id='word_1_182' title='bbox 591 2813 731 2884; x_wconf 75' lang='grc' dir='ltr'>παρῆλθεν.</span> <span class='ocrx_word' id='word_1_183' title='bbox 770 2809 922 2867; x_wconf 88' lang='lat' dir='ltr'><strong>Maximus</strong></span> <span class='ocrx_word' id='word_1_184' title='bbox 946 2828 1063 2886; x_wconf 89' lang='lat' dir='ltr'><strong>quoque</strong></span> <span class='ocrx_word' id='word_1_185' title='bbox 1086 2809 1117 2866; x_wconf 90' lang='lat' dir='ltr'><strong>iu</strong></span> <span class='ocrx_word' id='word_1_186' title='bbox 1142 2807 1268 2867; x_wconf 85' lang='lat' dir='ltr'><strong>Scholiis</strong></span> <span class='ocrx_word' id='word_1_187' title='bbox 1289 2809 1326 2867; x_wconf 92' lang='lat' dir='ltr'><strong>ad</strong></span> <span class='ocrx_word' id='word_1_188' title='bbox 1349 2808 1526 2888; x_wconf 85' lang='lat' dir='ltr'><strong>Dionysium</strong></span> 
     </span>
     <span class='ocr_line' id='line_1_22' title="bbox 479 2912 1525 2994; baseline -0.003 -19"><span class='ocrx_word' id='word_1_189' title='bbox 479 2928 498 2951; x_wconf 82' lang='lat'><strong>‘⁴</strong></span> <span class='ocrx_word' id='word_1_190' title='bbox 513 2914 733 2994; x_wconf 78' lang='lat' dir='ltr'><strong>Areopagitam,</strong></span> <span class='ocrx_word' id='word_1_191' title='bbox 759 2925 790 2972; x_wconf 93' lang='lat' dir='ltr'><strong>et</strong></span> <span class='ocrx_word' id='word_1_192' title='bbox 818 2913 945 2991; x_wconf 84' lang='lat' dir='ltr'><strong>Symeon</strong></span> <span class='ocrx_word' id='word_1_193' title='bbox 972 2912 1189 2992; x_wconf 86' lang='lat' dir='ltr'><strong>Metaphrastes</strong></span> <span class='ocrx_word' id='word_1_194' title='bbox 1213 2913 1244 2970; x_wconf 90' lang='lat' dir='ltr'><strong>in</strong></span> <span class='ocrx_word' id='word_1_195' title='bbox 1267 2912 1354 2972; x_wconf 89' lang='lat' dir='ltr'><strong>Actis</strong></span> <span class='ocrx_word' id='word_1_196' title='bbox 1378 2913 1525 2972; x_wconf 85' lang='lat' dir='ltr'><strong>Passionis</strong></span> 
     </span>
     <span class='ocr_line' id='line_1_23' title="bbox 479 3017 1526 3098; baseline -0.006 -17"><span class='ocrx_word' id='word_1_197' title='bbox 479 3034 498 3057; x_wconf 79' lang='lat'><strong>‘⁶</strong></span> <span class='ocrx_word' id='word_1_198' title='bbox 515 3023 546 3081; x_wconf 89' lang='lat' dir='ltr'><strong>S.</strong></span> <span class='ocrx_word' id='word_1_199' title='bbox 563 3021 646 3080; x_wconf 89' lang='lat' dir='ltr'><strong>Petri</strong></span> <span class='ocrx_word' id='word_1_200' title='bbox 660 3019 928 3079; x_wconf 86' lang='lat' dir='ltr'><strong>Alexandrinorum</strong></span> <span class='ocrx_word' id='word_1_201' title='bbox 943 3019 1083 3098; x_wconf 84' lang='lat' dir='ltr'><strong>episcopi,</strong></span> <span class='ocrx_word' id='word_1_202' title='bbox 1098 3019 1182 3096; x_wconf 89' lang='lat' dir='ltr'><strong>cujus</strong></span> <span class='ocrx_word' id='word_1_203' title='bbox 1195 3018 1290 3077; x_wconf 92' lang='lat' dir='ltr'><strong>locum</strong></span> <span class='ocrx_word' id='word_1_204' title='bbox 1304 3039 1392 3098; x_wconf 91' lang='lat' dir='ltr'><strong>supra</strong></span> <span class='ocrx_word' id='word_1_205' title='bbox 1410 3017 1526 3077; x_wconf 86' lang='lat' dir='ltr'><strong>citavi.’&#39;</strong></span> 
     </span>
     <span class='ocr_line' id='line_1_24' title="bbox 480 3123 1525 3202; baseline -0.005 -15"><span class='ocrx_word' id='word_1_206' title='bbox 480 3129 553 3187; x_wconf 81' lang='lat' dir='ltr'><strong>Haec</strong></span> <span class='ocrx_word' id='word_1_207' title='bbox 575 3126 721 3185; x_wconf 85' lang='lat' dir='ltr'><strong>Valesius.</strong></span> <span class='ocrx_word' id='word_1_208' title='bbox 744 3125 832 3184; x_wconf 89' lang='lat' dir='ltr'><strong>Adde</strong></span> <span class='ocrx_word' id='word_1_209' title='bbox 853 3123 1015 3184; x_wconf 83' lang='lat' dir='ltr'><strong>Auctorem</strong></span> <span class='ocrx_word' id='word_1_210' title='bbox 1035 3126 1146 3199; x_wconf 74' lang='grc' dir='ltr'>ῥήαςας,</span> <span class='ocrx_word' id='word_1_211' title='bbox 1169 3144 1234 3202; x_wconf 73' lang='grc' dir='ltr'><strong>φναν</strong></span> <span class='ocrx_word' id='word_1_212' title='bbox 1258 3124 1351 3183; x_wconf 87' lang='lat' dir='ltr'><strong>eidem</strong></span> <span class='ocrx_word' id='word_1_213' title='bbox 1374 3124 1405 3182; x_wconf 90' lang='lat' dir='ltr'><strong>S.</strong></span> <span class='ocrx_word' id='word_1_214' title='bbox 1424 3124 1525 3192; x_wconf 89' lang='lat' dir='ltr'><strong>Petro,</strong></span> 
     </span>
     <span class='ocr_line' id='line_1_25' title="bbox 478 3229 1522 3312; baseline -0.008 -19"><span class='ocrx_word' id='word_1_215' title='bbox 478 3234 570 3312; x_wconf 87' lang='lat' dir='ltr'><strong>ipsius</strong></span> <span class='ocrx_word' id='word_1_216' title='bbox 594 3231 731 3312; x_wconf 89' lang='lat' dir='ltr'><strong>Dionysii</strong></span> <span class='ocrx_word' id='word_1_217' title='bbox 756 3232 871 3290; x_wconf 87' lang='lat' dir='ltr'><strong>duobus</strong></span> <span class='ocrx_word' id='word_1_218' title='bbox 898 3230 963 3289; x_wconf 90' lang='lat' dir='ltr'><strong>aliis</strong></span> <span class='ocrx_word' id='word_1_219' title='bbox 990 3230 1171 3308; x_wconf 89' lang='lat' dir='ltr'><strong>interpositis</strong></span> <span class='ocrx_word' id='word_1_220' title='bbox 1198 3229 1367 3298; x_wconf 84' lang='lat' dir='ltr'><strong>successori,</strong></span> <span class='ocrx_word' id='word_1_221' title='bbox 1391 3229 1427 3286; x_wconf 89' lang='lat' dir='ltr'><strong>ab</strong></span> <span class='ocrx_word' id='word_1_222' title='bbox 1449 3230 1522 3304; x_wconf 90' lang='lat' dir='ltr'><strong>lmp.</strong></span> 
     </span>
     <span class='ocr_line' id='line_1_26' title="bbox 479 3334 1525 3417; baseline -0.006 -20"><span class='ocrx_word' id='word_1_223' title='bbox 479 3338 648 3398; x_wconf 88' lang='lat' dir='ltr'><strong>Justiniano</strong></span> <span class='ocrx_word' id='word_1_224' title='bbox 673 3337 818 3417; x_wconf 88' lang='lat' dir='ltr'><strong>adscripta</strong></span> <span class='ocrx_word' id='word_1_225' title='bbox 840 3349 885 3397; x_wconf 90' lang='lat' dir='ltr'><strong>est</strong></span> <span class='ocrx_word' id='word_1_226' title='bbox 909 3337 939 3395; x_wconf 90' lang='lat' dir='ltr'><strong>iu</strong></span> <span class='ocrx_word' id='word_1_227' title='bbox 964 3339 1094 3397; x_wconf 65' lang='lat' dir='ltr'><strong>Mactata</strong></span> <span class='ocrx_word' id='word_1_228' title='bbox 1118 3357 1172 3395; x_wconf 89' lang='lat' dir='ltr'><strong>suo</strong></span> <span class='ocrx_word' id='word_1_229' title='bbox 1193 3337 1256 3393; x_wconf 79' lang='lat' dir='ltr'><strong>ado.</strong></span> <span class='ocrx_word' id='word_1_230' title='bbox 1280 3335 1422 3411; x_wconf 65' lang='lat' dir='ltr'><strong>Orionem</strong></span> <span class='ocrx_word' id='word_1_231' title='bbox 1447 3334 1525 3413; x_wconf 91' lang='lat' dir='ltr'><strong>apud</strong></span> 
     </span>
     <span class='ocr_line' id='line_1_27' title="bbox 481 3438 1524 3518; baseline -0.005 -16"><span class='ocrx_word' id='word_1_232' title='bbox 481 3445 601 3502; x_wconf 78' lang='lat' dir='ltr'><strong>Concilio</strong></span> <span class='ocrx_word' id='word_1_233' title='bbox 622 3453 693 3500; x_wconf 93' lang='lat' dir='ltr'><strong>tom.</strong></span> <span class='ocrx_word' id='word_1_234' title='bbox 714 3463 741 3498; x_wconf 87' lang='lat' dir='ltr'><strong>v.</strong></span> <span class='ocrx_word' id='word_1_235' title='bbox 766 3463 794 3518; x_wconf 90' lang='lat' dir='ltr'><strong>p.</strong></span> <span class='ocrx_word' id='word_1_236' title='bbox 817 3441 886 3502; x_wconf 83' lang='lat'><strong>650.</strong></span> <span class='ocrx_word' id='word_1_237' title='bbox 909 3441 955 3501; x_wconf 91' lang='lat' dir='ltr'><strong>ed.</strong></span> <span class='ocrx_word' id='word_1_238' title='bbox 978 3442 1087 3501; x_wconf 85' lang='lat' dir='ltr'><strong>Labbe.</strong></span> <span class='ocrx_word' id='word_1_239' title='bbox 1121 3441 1230 3500; x_wconf 83' lang='lat' dir='ltr'><strong>Confer</strong></span> <span class='ocrx_word' id='word_1_240' title='bbox 1255 3439 1410 3498; x_wconf 88' lang='lat' dir='ltr'><strong>Adnotatt.</strong></span> <span class='ocrx_word' id='word_1_241' title='bbox 1436 3438 1466 3495; x_wconf 90' lang='lat' dir='ltr'><strong>in</strong></span> <span class='ocrx_word' id='word_1_242' title='bbox 1492 3439 1524 3497; x_wconf 79' lang='lat' dir='ltr'><strong>S.</strong></span> 
     </span>
     <span class='ocr_line' id='line_1_28' title="bbox 479 3545 838 3608; baseline -0.014 0"><span class='ocrx_word' id='word_1_243' title='bbox 479 3551 616 3608; x_wconf 74' lang='lat' dir='ltr'><strong>Parnon</strong></span> <span class='ocrx_word' id='word_1_244' title='bbox 632 3545 737 3607; x_wconf 80' lang='lat' dir='ltr'><strong>Anax.</strong></span> <span class='ocrx_word' id='word_1_245' title='bbox 752 3547 838 3606; x_wconf 87' lang='lat' dir='ltr'><strong>infra.</strong></span> 
     </span>
    </p>
   </div>
   <div class='ocr_carea' id='block_1_5' title="bbox 0 0 1854 5667">
    <p class='ocr_par' dir='ltr' id='par_1_5' title="bbox 0 0 1854 5667">
     <span class='ocr_line' id='line_1_29' title="bbox 0 0 1854 5667; baseline 0 1"><span class='ocrx_word' id='word_1_246' title='bbox 0 0 1854 5667; x_wconf 95' lang='lat' dir='ltr'><strong> </strong></span> 
     </span>
    </p>
   </div>
  </div>
 </body>
</html>
