3700 5667
565 669 615 730 IN
640 666 872 730 CONClLIA
896 667 1147 729 CARTHAG.
1314 671 1378 736 177

330 839 432 922 ipsam
465 839 588 902 aditum
622 839 709 903 facit.
748 839 774 901 F
777 862 876 902 annus.
939 840 1089 903 Proxime
1118 847 1192 924 post
1221 847 1378 922 praestant

332 940 417 1012 illud,
431 941 474 1004 cia
487 942 552 1026 qni,
566 963 635 1004 cum
652 941 729 1004 editi
744 948 813 1004 tum
828 941 947 1025 scripti,
964 943 1105 1026 exceptis
1120 942 1243 1004 duobus
1259 942 1373 1005 codici·

332 1043 391 1105 bus
406 1043 438 1104 in
449 1044 524 1106 Var.
536 1043 640 1107 Lectt.
658 1043 689 1104 in
705 1043 833 1106 editione
850 1045 942 1106 Orcla.
959 1044 1225 1121 commemoratis,
1238 1044 1291 1126 qui
1307 1045 1379 1106 sub-

331 1144 471 1208 stituunt
488 1145 516 1207 si
534 1146 588 1228 qni
602 1153 636 1208 et
653 1146 681 1208 ci
694 1145 815 1229 quidem
829 1168 888 1229 pro
903 1146 946 1208 cia
963 1147 1025 1229 qni,
1041 1146 1207 1209 lectionem
1222 1144 1379 1228 corrigere

332 1244 481 1309 volentes.
524 1246 632 1309 Habet
656 1255 817 1329 agitassent
843 1268 900 1330 pro
925 1256 1087 1331 wnmount
1116 1246 1179 1309 cod.
1208 1246 1379 1309 Mearman-

332 1368 451 1410 neonae.

417 1652 590 1718 OONClL.
614 1654 842 1718 OARTHAG.
867 1653 955 1717 SUB
977 1653 1214 1718 OYPRlANO
1230 1655 1292 1717 Vl.

378 1857 417 1920 P.
439 1876 507 1920 112.
532 1858 553 1920 l.
579 1878 609 1940 9.
635 1857 825 1941 Cyprianus]
852 1856 935 1921 Cum
958 1863 1091 1941 propter
1116 1856 1201 1919 illam
1225 1856 1275 1919 eui
1299 1877 1382 1918 nunc

333 1957 481 2021 incumbo
511 1958 763 2022 emendationem
793 1973 826 2022 et
852 1958 1097 2022 illustrationem
1122 1979 1255 2041 operum
1280 1955 1382 2019 sancti

333 2060 482 2144 Cypriani
506 2061 669 2145 legendam
693 2061 898 2145 suscepissem
920 2060 1077 2145 prolixam
1099 2059 1192 2122 nimis
1214 2057 1381 2143 epistolam

332 2159 357 2222 J
360 2160 470 2223 oannis
500 2161 631 2224 Launoii
660 2163 702 2225 ad
729 2161 888 2225 Jacobum
917 2161 1123 2244 Bevilaquam
1153 2160 1194 2222 de
1223 2154 1384 2220 discordia

335 2264 433 2347 Papae
450 2262 603 2347 Stephani
619 2286 690 2327 cum
706 2264 874 2348 Gypn'ano,
892 2265 1027 2327 miratus
1042 2285 1111 2325 sum
1131 2271 1199 2326 tam
1221 2258 1322 2322 multa
1341 2257 1383 2320 ab

333 2390 372 2432 eo
402 2367 463 2431 dici
492 2368 632 2452 potuisse
662 2376 698 2432 ut
729 2368 805 2431 nihil
835 2367 1004 2431 diceretur.
1064 2365 1270 2447 Quaecunque
1299 2361 1383 2425 enim

333 2470 427 2533 affert
448 2479 636 2555 argumenta
658 2478 692 2535 et
713 2471 896 2535 testimonia
918 2472 1070 2534 adversus
1093 2466 1293 2552 Stephanum
1316 2463 1384 2526 nul·

334 2573 394 2635 lius
411 2573 562 2636 momenti
578 2581 652 2636 sunt
675 2573 707 2635 in
727 2574 786 2636 hac
809 2595 905 2636 causa
924 2580 958 2637 et
979 2571 1138 2655 quandam
1153 2569 1273 2632 habent
1288 2565 1383 2629 insul·

333 2675 472 2739 citatem.
517 2675 600 2754 Quid
624 2676 708 2739 enim
733 2676 774 2738 ad
800 2697 929 2739 causam
956 2673 1107 2758 baptismi
1133 2670 1211 2735 facit
1233 2667 1383 2752 Cypriani

334 2777 451 2840 samam
479 2799 547 2840 esse
572 2777 775 2840 celebriorem
798 2798 893 2861 quam
918 2777 1037 2840 famam
1061 2772 1225 2858 Stephani,
1250 2769 1384 2855 Cypria

334 2901 410 2942 num
433 2901 495 2941 non
519 2879 629 2942 cedere
650 2879 825 2964 Stephane,
841 2878 1033 2963 Cyprianum
1055 2895 1263 2961 congregasse
1283 2871 1385 2935 conci·

334 2981 410 3044 lium
442 2980 476 3043 in
509 3003 606 3044 causa
642 2981 802 3065 baptismi,
838 2981 1035 3065 Stephanum
1069 3000 1132 3042 non
1166 2994 1383 3061 congregasse,

333 3082 481 3146 eeclesias
503 3082 633 3145 orientis
655 3093 688 3146 et
711 3083 882 3147 occidentis
904 3105 968 3146 non
990 3081 1163 3166 suscepisse
1181 3097 1383 3164 propugnan-

332 3185 408 3248 dam
429 3185 619 3248 sententiam
635 3185 800 3270 Stephani,
816 3192 849 3249 et
864 3185 966 3250 multa
983 3185 1047 3248 alia
1061 3181 1242 3267 hujusmodi
1258 3203 1327 3264 qua·
1342 3179 1385 3242 ad

334 3307 462 3349 causam
484 3307 546 3347 non
566 3286 735 3369 pertinent,
758 3309 892 3370 quorum
911 3288 1009 3351 etiam
1030 3285 1166 3370 plurima
1185 3283 1266 3346 falsa
1287 3281 1385 3343 sunt!

336 3389 438 3453 Nemo
459 3395 578 3464 autem,
595 3396 632 3452 ut
654 3388 701 3453 ait
721 3390 938 3474 Hieronymus
960 3389 993 3451 in
1016 3387 1152 3472 epistola
1173 3386 1214 3450 ad
1238 3384 1385 3447 Pamma-

335 3490 441 3554 chium
469 3497 579 3554 eontra
607 3493 768 3554 «Ioannem
800 3490 1139 3576 Hierosolymitannm,
1168 3487 1248 3550 salso
1277 3504 1385 3549 verum

336 3592 461 3675 probat.
501 3591 616 3675 Itaque
632 3592 695 3655 ista
710 3592 801 3656 facile
816 3600 947 3677 possent
961 3591 1104 3656 refutari.
1142 3589 1205 3654 Sed
1221 3587 1306 3652 tanti
1321 3608 1385 3649 non

334 3702 418 3757 sunt.
468 3693 670 3757 Verissimum
697 3694 868 3779 igiturest
894 3696 978 3780 quod
1004 3695 1051 3758 ait
1078 3694 1219 3778 Optatus
1245 3691 1277 3753 in
1304 3689 1386 3752 libro

335 3797 458 3880 quinto,
485 3796 653 3860 veritatem
684 3797 797 3860 studiis
827 3797 982 3881 impediri.
1029 3796 1113 3859 Vide
1140 3793 1326 3858 Facundum
1352 3791 1384 3853 in

334 3897 416 3960 libro
436 3907 549 3961 eontra
570 3899 752 3962 Mocianum
772 3921 845 3984 pag.
866 3916 942 3983 577.
965 3899 1074 3984 primae
1096 3896 1252 3962 editionis.
1280 3896 1383 3957 Banu·

334 4023 410 4063 arus.

381 4100 462 4164 lbid.
486 4101 506 4164 l.
527 4121 573 4165 12.
598 4102 757 4166 celebrare
782 4102 962 4186 concilium]
989 4103 1191 4168 celebratum
1213 4099 1309 4161 fuisse
1331 4119 1383 4174 an,

335 4222 410 4285 255.
428 4211 525 4281 recte,
546 4212 583 4268 ut
603 4206 724 4290 opinor,
744 4206 860 4290 probat
880 4204 1071 4268 Pearsonius
1092 4203 1124 4266 in
1145 4199 1310 4265 annalibus
1325 4199 1385 4283 Gy·

333 4305 493 4389 prianicis.
534 4307 701 4372 Bsuuzrus.
759 4309 847 4371 Ante
877 4307 997 4392 paseha
1024 4305 1099 4369 anni
1130 4301 1290 4387 sequentis
1322 4300 1384 4383 256

333 4405 528 4473 celebratum
543 4410 603 4472 hoo
621 4409 787 4473 concilium
802 4409 909 4484 fuisse,
924 4410 1019 4472 docet
1034 4406 1225 4471 Pearsonius
1243 4404 1275 4465 in
1290 4423 1385 4486 opere

332 4518 511 4575 memorato
534 4511 576 4574 ad
599 4532 650 4574 au.
673 4512 773 4588 illum,
795 4515 823 4594 §.
844 4509 941 4573 1.De
965 4511 1076 4573 eodem
1098 4509 1158 4572 hoc
1184 4504 1316 4571 coneilio
1338 4501 1385 4564 ita

332 4610 511 4697 Cyprianus
532 4613 565 4677 in
587 4614 687 4698 Epist.
710 4615 755 4677 od
775 4611 977 4689 Jubaianam,
1001 4634 1072 4697 quae
1095 4620 1146 4677 est
1163 4630 1212 4696 73.
1240 4608 1284 4672 at
1305 4623 1386 4668 aum

419 4736 490 4780 vot.
502 4737 546 4777 111.
837 4733 859 4775 A
874 4735 895 4778 a
