3700 5667
573 657 625 719 IN
651 657 683 721 S.
701 656 932 721 CORNELII
958 660 1275 722 FRAGMENTA.
1408 659 1450 725 78

393 847 433 890 ac
447 824 623 909 Synnade,
636 828 843 907 πρεσβύτερον
859 827 965 892 ἑαυτὸν
985 828 1061 892 εἶναι
1081 851 1172 893 verso
1190 838 1318 893 tontum
1340 829 1450 894 ordine

396 928 568 992 verborum
582 935 726 1012 praestat.

442 1030 481 1093 P.
497 1046 551 1114 25.
565 1029 586 1092 l.
602 1047 653 1112 15.
675 1028 817 1116 βοηθεῖν]
833 1029 965 1096 Omittit
979 1032 1026 1095 cd.
1042 1032 1144 1117 steph.
1181 1032 1344 1097 Exhibeat
1358 1033 1450 1097 iidem

397 1132 452 1216 qni
468 1130 576 1215 paullo
590 1139 676 1195 ante.
700 1130 832 1195 Smoru.
881 1133 974 1197 Adde
990 1134 1087 1197 MSS.
1105 1133 1241 1220 reliquos
1256 1156 1373 1198 omnes.

445 1232 531 1297 Ibid.
547 1233 568 1295 l.
583 1235 630 1297 18.
656 1233 759 1315 ἑτέρας
774 1237 831 1316 γὰρ
847 1234 924 1299 εἶναι
942 1236 1129 1316 φιλοσοφίας
1149 1234 1290 1318 ἐραστής]
1317 1234 1377 1299 Ait
1393 1235 1451 1319 Gy-

398 1334 533 1419 priunus
547 1335 586 1399 de
597 1336 720 1412 eodem,
731 1336 832 1399 Jaenr
845 1357 875 1400 ac
885 1336 966 1413 licet,
977 1346 1005 1400 ct
1020 1336 1249 1420 philosophiam
1261 1335 1310 1400 ccl
1321 1336 1451 1420 eloqrnn-

400 1438 479 1500 tium
500 1457 590 1501 anam
613 1436 748 1522 superbis
772 1435 889 1502 centua
908 1438 1067 1523 predicet.
1125 1438 1185 1517 Qui
1207 1461 1259 1501 nec
1274 1439 1453 1523 fraternam

401 1539 561 1603 minna
574 1560 626 1604 noc
641 1538 870 1604 ισαῖοιίαοιίσαοι
883 1541 1030 1604 unitatem
1045 1541 1150 1617 tenuit,
1166 1542 1256 1604 ctione
1270 1541 1351 1626 qnod
1362 1541 1454 1625 prins

393 1641 507 1725 suerat
532 1642 645 1705 amicit.
689 1641 792 1726 apin.
818 1641 864 1705 nd
885 1640 1098 1703 Antonianum
1121 1663 1151 1725 p.
1170 1657 1220 1723 73.
1244 1640 1294 1703 ed.
1317 1640 1451 1704 Buluzii.

404 1740 486 1806 Haec
497 1763 622 1827 quoque
634 1742 745 1806 scribit
755 1741 913 1807 Pacianus
923 1742 956 1804 in
966 1741 1108 1827 Epistodr
1117 1741 1163 1805 cd
1173 1742 1450 1825 Symproniunnnu

405 1843 559 1928 Cypriani
588 1843 727 1930 qriatcbra
755 1844 831 1908 mitt
857 1844 979 1928 placore
1015 1845 1172 1908 miralia?
1229 1843 1345 1922 Quidni
1374 1841 1453 1907 beati

404 1944 551 2028 martyris
563 1954 591 2008 et
604 1944 744 2009 antolini
765 1946 950 2010 sacerdotis?
994 1947 1206 2010 Nooatinnnm
1221 1944 1296 2007 milri
1314 1945 1453 2029 inperia?

402 2045 620 2131 Philosophum
633 2047 737 2111 caecnli
750 2047 851 2131 fnisse
865 2048 957 2112 andis
971 2074 983 2117 ,·
1005 2070 1057 2111 erec
1078 2046 1153 2110 actia
1167 2046 1263 2108 miror
1276 2043 1315 2108 ab
1331 2045 1454 2108 nolano

405 2148 470 2211 Dei
481 2149 547 2212 cici
557 2148 750 2234 θοροαοναοοα.
768 2153 832 2235 Μ.
845 2174 875 2236 p.
887 2153 959 2215 261.
969 2150 1048 2215 tomi
1060 2149 1111 2212 vii.
1124 2146 1318 2211 Bibliotheca
1325 2149 1455 2211 Poenum

406 2250 639 2315 Gallundinnoe.
687 2253 795 2330 Addo,
809 2253 1017 2339 depositionis
1032 2275 1159 2338 poenanr
1181 2250 1334 2314 meruisse
1351 2251 1454 2314 Nova·

404 2351 538 2429 tianum,
555 2355 677 2418 Conone
692 2357 744 2419 62.
760 2377 853 2439 quem
873 2356 984 2420 dicunt
1001 2354 1210 2439 Apenninum,
1227 2353 1374 2417 clericum
1390 2359 1454 2416 sta.-

404 2462 526 2528 tuento‚
543 2457 570 2518 εἰ
583 2458 639 2535 μὲν
652 2455 686 2519 τὸ
702 2459 797 2535 ὄνομα
811 2463 863 2521 τοῦ
877 2463 1010 2539 Χριστοῦ
1025 2457 1197 2538 ἀρνήσηται,
1210 2454 1452 2534 ἀποβάλλεσθαι,

405 2560 432 2619 εἰ
445 2559 478 2620 δὲ
494 2557 529 2620 τὸ
545 2560 639 2636 ὄνομα
653 2564 706 2622 τοῦ
720 2565 866 2641 κληρικαῦ,
884 2565 1100 2640 καθαιρεῖσθαι.
1140 2559 1269 2622 Interea
1280 2579 1351 2621 curn
1370 2579 1455 2641 quae·

404 2658 509 2722 stione
532 2659 572 2722 de
596 2659 756 2743 lapsorum
779 2660 1043 2736 reconciliatione,
1070 2660 1119 2723 cui
1145 2656 1283 2722 maxime
1306 2657 1454 2721 adversa·

405 2759 502 2824 batur
513 2761 720 2839 Nonniacus,
737 2763 853 2826 crimen
870 2785 933 2847 quo
949 2761 1000 2826 ille
1012 2770 1179 2826 accusatus
1194 2770 1244 2825 est
1256 2757 1455 2845 negligentia·

405 2859 1455 2949 quodammodoconnectisuspicor,verbispersuasusTheodoreti,

406 2986 477 3047 quae
494 2964 701 3030 Constantius
716 2989 813 3051 supra
827 2967 972 3030 adduxit.

451 3068 488 3129 P.
503 3070 554 3131 26.
569 3067 590 3131 l.
604 3086 632 3132 2.
658 3071 853 3154 Καταλιπὸιι]
879 3069 1021 3133 κατέλιπε
1041 3068 1210 3153 Cdrictcpd.
1230 3070 1327 3131 Lectt.
1349 3073 1383 3129 ct
1399 3066 1473 3151 In·-

404 3178 478 3253 tnp.
503 3168 635 3234 Sraorrr.

449 3267 533 3333 Ibid.
557 3268 577 3332 l.
595 3289 626 3355 3.
652 3271 816 3337 πίστευσας
839 3273 1001 3349 κατηξιώθη
1024 3276 1076 3334 τοῦ
1100 3268 1332 3351 πρεσβυτηρίσυ]
1370 3267 1456 3330 Hinc

406 3379 554 3455 apparet,
566 3371 777 3435 Novatianum
793 3394 894 3456 prono
908 3373 1010 3456 gradu
1026 3373 1247 3458 presbyterum
1263 3368 1359 3431 luisse
1374 3367 1457 3429 ordi·

407 3479 529 3547 natum,
546 3473 669 3537 omissis
683 3473 868 3538 diaconatus
883 3482 917 3538 et
933 3475 1181 3538 subdiaconatus
1196 3469 1378 3533 ordinibus:
1404 3469 1456 3552 qui

407 3583 572 3639 mustum
597 3575 658 3641 suit
687 3576 719 3639 in
749 3576 891 3653 ecclesia,
915 3584 952 3640 ut
974 3578 1068 3641 docet
1094 3574 1272 3659 exemplum
1300 3571 1455 3656 Origenis,

409 3675 536 3741 Paulini
563 3677 678 3742 Nolani
707 3692 740 3742 et
766 3678 909 3742 aliorum.
971 3677 1057 3742 Nota
1087 3684 1162 3741 sunt
1188 3676 1285 3740 etiam
1312 3673 1458 3756 exempla

408 3779 570 3844 Ambrosii
598 3780 853 3859 Mediolanensis‚
879 3789 912 3845 et
934 3781 1074 3845 Nectarii
1098 3776 1459 3863 Constantinopolitani,

407 3883 460 3967 qui
484 3905 524 3946 ex
539 3882 717 3968 Neophytis
738 3884 877 3948 ordinati
899 3890 975 3947 sunt
995 3883 1141 3969 episcopi.
1165 3882 1331 3945 Vunnsrns.
1377 3878 1458 3941 For-

408 3985 493 4050 sitan
523 3986 624 4050 solum
653 3987 769 4051 derisui
800 4009 868 4051 esso
898 3995 1026 4071 oportet
1059 3986 1364 4058 archidiaconatum,
1395 4004 1458 4066 quo

409 4088 606 4153 Novatianus
627 4090 765 4154 donatus
779 4096 829 4154 cst
850 4090 904 4153 diu
924 4095 1152 4173 postmortem
1178 4087 1246 4171 ejus
1263 4086 1304 4148 ab
1321 4083 1458 4166 Eulogio

408 4191 542 4277 praesulc
558 4191 786 4266 Alexandrino,
804 4187 909 4255 saeculi
931 4189 1013 4253 sexti
1034 4189 1188 4272 scriptore
1204 4186 1289 4271 apud
1306 4185 1458 4248 Photium

410 4292 747 4357 Cod.ult.001.1622.
793 4293 877 4356 Illud
899 4301 1007 4355 autem
1029 4290 1165 4354 officium
1186 4287 1326 4352 Cornelii
1348 4286 1459 4362 favori,

409 4404 446 4461 ut
459 4396 522 4461 fert
537 4395 664 4482 Eulogii
685 4395 800 4471 fabula,
818 4394 1017 4458 Novatianus
1035 4392 1200 4456 debuerat.
1245 4390 1405 4465 Ceterum,
1422 4396 1459 4453 ut

409 4498 514 4565 obiter
534 4499 594 4563 hoc
616 4519 773 4573 moneam,
796 4497 981 4561 recentioris
1003 4494 1163 4559 memoriae
1186 4491 1394 4577 temporibus,
1413 4488 1459 4551 iu·

409 4606 504 4666 eunte
528 4602 645 4666 saeculo
669 4601 791 4665 decimo
820 4599 967 4685 septimo,
994 4620 1077 4676 cunr,
1101 4605 1139 4663 ut
1166 4595 1304 4682 episcopi
1333 4591 1458 4665 fierent,

452 4721 517 4766 vor.
533 4725 578 4765 ιιι.
929 4723 946 4761 n
