3700 5667
397 679 460 740 454
735 674 766 735 S.
790 672 1096 736 VICTORINUS.

397 846 527 925 Epistola
554 846 593 903 ad
616 845 779 923 Magnum:
810 843 971 901 Victorinus
995 841 1115 920 Moriar
1139 842 1168 898 irs
1190 840 1274 898 libris
1298 841 1347 899 sni
1370 843 1458 900 :licet

395 952 464 1010 derit
479 949 609 1015 monn,
626 970 679 1008 non
694 958 787 1006 tamen
802 949 879 1006 deest
894 947 1061 1006 &canionis
1076 947 1217 1005 rasurae.

436 1054 512 1112 0131
531 1053 609 1111 hisce
624 1052 771 1111 Victorini
789 1051 1006 1110 commentariis
1023 1049 1071 1107 vix
1091 1049 1246 1128 quicquam
1267 1049 1357 1108 hodie
1379 1061 1455 1109 seta·

394 1170 453 1216 tem
473 1157 543 1215 tulit
560 1167 666 1235 proeter
684 1156 905 1226 irocrconircor
924 1154 960 1211 dc
971 1152 1095 1231 fabrica
1117 1151 1217 1209 mandi
1235 1151 1314 1229 quod
1329 1171 1366 1211 ex
1385 1152 1453 1229 ejus

394 1259 616 1319 Commentariis
640 1258 670 1316 in
695 1257 823 1317 Genesin
846 1256 964 1315 videtur
988 1255 1146 1334 repetitum
1172 1274 1234 1314 csse
1257 1266 1290 1314 et
1314 1275 1352 1314 ex
1379 1257 1451 1315 MS.

394 1363 503 1424 Codice
525 1363 727 1422 lambethano
748 1360 879 1439 vulgavit
904 1359 1160 1439 praestantissimus
1181 1359 1227 1417 vir
1247 1356 1329 1418 Guil.
1353 1360 1448 1419 Care.

395 1468 483 1526 Certa
505 1464 729 1525 commentarius
752 1463 781 1522 in
804 1461 1007 1541 Apocalypsin
1028 1461 1078 1539 qui
1102 1464 1158 1520 sub
1179 1461 1325 1521 Victorini
1348 1463 1451 1522 fertur

395 1569 522 1636 nomine,
536 1578 687 1648 oppugnat
702 1566 904 1632 Chiliasmum,
918 1584 1005 1643 quem
1024 1585 1041 1624 a
1054 1564 1211 1625 Victorino
1225 1579 1448 1644 propugnatum

395 1671 502 1732 diserte
517 1671 717 1749 Hieronymus
731 1688 819 1748 supra
833 1689 896 1747 cap.
909 1670 957 1726 18.
974 1678 1108 1728 testatur.
1138 1668 1218 1728 Fieri
1232 1679 1331 1728 tamen
1345 1683 1449 1749 potest

394 1787 429 1834 ut
450 1774 555 1854 partim
571 1773 716 1834 Victorini
737 1773 786 1840 sit,
808 1773 913 1852 partim
935 1771 1066 1838 alterius,
1088 1790 1194 1851 nempe
1214 1773 1446 1851 interpolatoris,

391 1879 492 1957 judice
505 1877 640 1954 Launojo
656 1897 686 1956 p.
701 1876 749 1935 50.
765 1876 815 1954 qui
831 1886 914 1935 notat
924 1876 993 1953 jure
1006 1876 1112 1935 merito
1126 1877 1213 1936 etiam
1228 1876 1355 1936 dubitari
1372 1897 1446 1937 num

396 1984 609 2062 Hieronymum
626 1992 775 2041 auctorem
793 1982 898 2040 babeat
913 2000 979 2058 quse
994 1982 1211 2041 Commentario
1225 1981 1267 2040 illi
1281 1982 1447 2061 praeligitur

394 2087 431 2147 ad
455 2086 628 2146 Anatolium
658 2085 806 2144 Prrefatio.
840 2085 1027 2145 Fabricius.
1074 2085 1121 2146 Dc
1144 2087 1200 2146 hoc
1224 2086 1448 2147 Commentario

394 2191 479 2249 infra.

434 2290 533 2352 ‘¹an
554 2312 629 2371 opus
650 2292 768 2370 respicit
791 2290 824 2349 S.
841 2291 971 2369 Optatus
994 2290 1180 2350 Victorinum
1202 2289 1324 2350 laudam
1348 2292 1402 2353 lib.
1425 2295 1445 2353 i.

396 2397 540 2465 Marcion,
565 2399 703 2462 Praxeas,
727 2394 883 2461 Satellius,
910 2393 1079 2453 Valentinus
1104 2404 1131 2454 et
1155 2396 1247 2454 cctcri
1270 2398 1446 2475 temporibus

394 2501 456 2560 anis
474 2523 493 2561 a
512 2500 654 2560 Victorino
672 2499 883 2564 Petaoionenri‚
903 2519 921 2556 a
942 2499 1105 2578 Zephyrino
1131 2500 1243 2568 Urbica,
1261 2500 1305 2575 (h.
1319 2521 1346 2561 e.
1360 2504 1446 2563 urbis

395 2606 498 2665 Romae
516 2604 664 2685 episcopo)
681 2613 706 2664 ct
731 2603 906 2664 Tertulliano
926 2604 1160 2681 Carthaginiensi
1179 2626 1268 2686 arque
1288 2606 1330 2664 ad
1350 2607 1444 2667 Cata·

393 2711 532 2789 phrygas,
547 2718 572 2768 ct
587 2709 624 2767 ab
638 2709 706 2767 aliis
719 2707 907 2767 necatoribus
920 2707 1042 2767 ecclcriae
1056 2709 1201 2769 catholica
1214 2711 1344 2789 superati
1363 2723 1443 2771 rant.

397 2815 587 2872 Franrcrus.

434 2928 448 2958 ε
464 2914 545 2990 Ergo
558 2912 598 2971 A.
608 2912 679 2970 392.
694 2932 760 2970 cum
774 2912 835 2970 baec
849 2914 879 2972 S.
891 2912 1092 2992 Hieronymus
1105 2915 1255 2982 scriberet,
1266 2916 1445 2980 Victorinus

392 3017 563 3098 martyrium
581 3018 642 3095 jam
662 3017 800 3076 subierat.
823 3018 1011 3078 Faaarcuns.
1057 3021 1133 3078 Cum
1151 3033 1220 3081 ante
1241 3021 1442 3100 Pamphilum,
1463 3010 1469 3019 ’

393 3122 443 3200 qui
456 3122 625 3202 martyrium
637 3122 668 3180 in
679 3121 833 3181 vexatione
846 3122 1061 3181 Maximiniana
1071 3123 1154 3190 obiit,
1166 3124 1245 3184 bunc
1253 3123 1443 3188 collocaverit

393 3226 604 3305 Hieronymus,
622 3225 669 3283 vix
691 3225 822 3294 dubium,
840 3226 912 3303 quin
933 3237 1001 3284 ante
1022 3225 1209 3286 Conmantini
1229 3227 1324 3287 solum
1346 3230 1444 3311 impe.

392 3330 468 3389 rium
488 3339 598 3409 martyr
616 3330 711 3389 factus
728 3340 805 3388 esset
819 3328 999 3389 Victorinus.
1042 3330 1177 3391 Eundem
1198 3334 1275 3392 inter
1293 3334 1443 3394 damnas

392 3433 513 3494 ccclesia
527 3446 733 3494 commemorat
746 3434 823 3494 idem
838 3435 963 3514 scriptor
976 3435 1062 3493 initio
1075 3435 1141 3494 libri
1156 3437 1176 3494 i.
1204 3438 1241 3495 In
1257 3439 1357 3514 Rnfin.
1372 3460 1443 3519 pag.

395 3540 462 3598 199.
476 3539 524 3598 ed.
542 3539 667 3598 Froben.
688 3539 738 3598 nbi
758 3539 849 3607 addit,
867 3547 1017 3619 martyrem
1037 3539 1208 3600 Victorinum
1228 3541 1442 3622 rimplicitatem

391 3663 473 3701 raam
489 3642 518 3699 in
534 3662 565 3701 co
575 3643 709 3720 probare,
724 3643 790 3702 dnm
805 3642 878 3702 nulli
891 3643 1007 3703 molitur
1021 3643 1152 3703 incidias.
