3700 5667
504 654 570 716 las
804 654 1054 732 RELIQUIAE
1081 657 1258 723 SACRAE.

548 818 648 882 LXI.
672 817 849 903 Therapius
871 841 891 883 a
914 819 1007 884 Bulla
1027 820 1119 884 dixit.
1166 821 1227 902 Qui
1243 821 1401 886 haereticis
1416 821 1555 887 ecclesia

502 928 664 1012 baptisma
675 929 820 993 concedit
833 938 867 993 et
876 928 994 1014 prodit,
1007 928 1082 1012 quid
1094 928 1180 993 aliud
1192 951 1288 1014 quam
1299 952 1423 1016 sponsae
1435 931 1554 996 Christi

501 1036 526 1100 J
527 1038 608 1101 udas
623 1038 756 1102 existit?

547 1149 670 1211 LXII.
696 1147 778 1212 Item
793 1147 873 1211 alius
890 1147 1007 1211 Lucius
1021 1169 1042 1210 a
1059 1149 1241 1213 Membresa
1256 1151 1347 1215 dixit.
1393 1151 1554 1238 Scriptum

501 1263 568 1323 est:
594 1259 703 1322 ²Dcaa
710 1268 898 1343 paccatorem
912 1280 971 1322 aaa
984 1259 1082 1322 codd.
1128 1259 1318 1335 Haeretious,
1336 1263 1389 1346 qui
1405 1273 1554 1348 peccator
1561 1286 1578 1342 5

501 1376 562 1447 est,
577 1370 736 1454 quomodo
750 1368 853 1433 audiri
870 1369 902 1431 in
918 1369 1078 1454 baptismo
1094 1373 1224 1456 potest?
1307 1357 1315 1366 ⁰

545 1480 687 1543 LXIII.
711 1479 796 1545 Item
822 1479 902 1543 nlius
929 1479 1021 1543 Felix
1045 1502 1065 1544 a
1089 1480 1273 1545 Buslacenis
1292 1481 1383 1547 dixit.
1430 1483 1468 1548 ln
1490 1485 1552 1549 hae-

500 1588 608 1653 reticis
629 1590 697 1653 sine
717 1589 855 1654 ecclesiae
878 1589 1038 1674 baptismo
1057 1591 1265 1656 admittendis
1279 1614 1371 1656 nemo
1386 1602 1552 1659 eonsuetu-

500 1700 606 1764 dincm
632 1700 749 1765 rationi
775 1707 809 1764 et
834 1700 962 1764 veritati
988 1711 1163 1785 praeponat,
1192 1702 1267 1786 quia
1292 1706 1552 1771 consuetudinem

501 1810 632 1875 ratioet
647 1811 765 1875 veritas
780 1833 905 1896 semper
919 1811 1068 1875 excludit.
1563 1834 1598 1872 ro

545 1922 676 1985 LXIV.
699 1921 791 1985 Alius
811 1921 1001 1986 Saturninus
1023 1921 1065 1984 ab
1088 1920 1229 1986 Avitinis
1251 1923 1342 1987 dixit.
1389 1924 1423 1988 Si
1444 1933 1551 2011 potest

500 2034 707 2099 antichristus
732 2034 809 2097 dare
833 2032 927 2098 alicui
952 2033 1091 2118 gratiam
1115 2033 1244 2110 Christi,
1271 2043 1404 2120 possunt
1427 2053 1461 2102 et
1487 2038 1550 2103 hae·

500 2143 593 2208 retici
608 2143 780 2228 baptizare,
796 2142 850 2227 qui
865 2142 1017 2227 appellati
1032 2147 1108 2206 sunt
1122 2143 1312 2208 antichristi.

546 2255 655 2317 LXV.
680 2254 816 2334 Quintus
831 2253 873 2316 ab
888 2252 1005 2337 Aggya
1019 2251 1111 2316 dixit.
1145 2252 1204 2317 Ille
1218 2260 1325 2338 potest
1340 2255 1417 2320 dare
1431 2256 1551 2342 aliquid

501 2365 555 2450 qui
569 2364 688 2448 aliquid
707 2362 863 2427 habuerit.
910 2361 1066 2427 Haeretici
1085 2370 1194 2427 autem
1215 2364 1290 2447 quid
1310 2373 1444 2449 possunt
1462 2368 1548 2442 dure,
1562 2385 1596 2444 15

501 2497 580 2560 quos
595 2480 723 2538 constat
737 2473 815 2537 nihil
829 2474 970 2537 habere?

545 2587 675 2651 LXVI.
702 2585 793 2650 Alius
808 2585 955 2650 Julianus
970 2607 991 2648 a
1007 2585 1216 2648 Marcelliano
1230 2585 1323 2650 dixit.
1367 2587 1426 2650 ⁸Si
1441 2595 1549 2673 potest

499 2698 595 2762 homo
609 2697 732 2760 duobus
747 2695 882 2759 dominis
904 2695 1030 2771 servire,
1044 2694 1113 2758 Deo
1128 2702 1162 2759 et
1178 2716 1377 2771 mammonae,
1394 2705 1501 2781 potest
1515 2713 1549 2762 et

500 2808 660 2893 baptisma
674 2807 798 2870 duobus
813 2805 941 2883 servire,
957 2805 1130 2870 christiano
1145 2813 1178 2870 et
1193 2807 1354 2872 haeretico.

544 2918 696 2982 LXVII.
723 2916 833 2980 Tenax
861 2916 902 2979 ab
934 2916 1069 2980 Horreis
1098 2916 1205 2980 Caeliae
1234 2917 1326 2982 dixit.
1383 2917 1597 3002 Baptisma20

499 3051 597 3093 unum
616 3036 674 3105 est,
699 3027 755 3091 sed
775 3026 922 3090 ecclesiae.
970 3025 1036 3090 Ubi
1059 3028 1191 3092 ecclesia
1215 3050 1277 3092 non
1304 3036 1366 3107 est,
1389 3029 1549 3114 baptisma

498 3139 561 3204 illic
576 3161 644 3203 esse
659 3159 723 3201 non
739 3143 858 3223 potest.

543 3249 716 3312 LXVIII.
739 3246 832 3309 Alius
851 3244 969 3309 Victor
987 3246 1029 3309 ab
1055 3249 1196 3310 Assuras
1221 3247 1315 3312 dixit.
1360 3249 1548 3336 hScriptum

498 3368 549 3426 est
563 3360 638 3445 quia
657 3359 746 3422 Deus
767 3378 849 3419 unus
869 3364 930 3432 est,
951 3364 984 3420 et
1005 3356 1152 3422 Christus
1171 3379 1264 3436 unus,
1280 3365 1313 3422 et
1327 3359 1458 3423 ecclesia
1472 3382 1547 3438 una,

498 3481 532 3538 et
554 3472 714 3557 baptisma
739 3491 847 3533 unum.
891 3469 1056 3548 Quomodo
1080 3490 1156 3553 ergo
1181 3468 1243 3532 illic
1264 3469 1421 3553 baptisari
1435 3470 1593 3556 aliquis25

498 3592 605 3671 potest
620 3584 675 3647 ubi
690 3583 778 3646 Deus
793 3588 826 3644 et
841 3579 987 3645 Christus
1002 3588 1036 3644 et
1051 3580 1182 3644 ecclesia
1197 3602 1260 3643 non
1275 3583 1346 3645 est?

542 3695 681 3758 LXIX.
705 3691 888 3755 Donatulus
911 3713 933 3755 a
955 3692 1058 3776 Capsa
1078 3691 1169 3755 dixit.
1214 3691 1260 3756 Et
1274 3715 1333 3777 ego
1348 3715 1471 3779 semper
1486 3693 1546 3757 hoc

497 3804 591 3880 sensi,
607 3811 644 3867 ut
661 3802 814 3880 haeretici,
831 3801 884 3885 qui
905 3800 982 3863 nihil
997 3800 1074 3865 loris
1092 3802 1241 3886 consequi
1259 3810 1402 3887 possunt,
1418 3804 1546 3888 quando

496 3915 538 3980 ad
554 3913 719 3978 ecclesiam
737 3918 966 3976 convertuntur
980 3912 1191 3997 baptizantur.

542 4025 661 4088 LXX.
695 4023 834 4087 Verulus
859 4045 880 4086 a
903 4023 1080 4087 Rusiccade
1105 4023 1198 4087 dixit.
1244 4025 1353 4087 Homo
1378 4024 1592 4095 haereticus30

496 4140 574 4203 dare
588 4159 651 4199 non
667 4141 774 4221 potest
785 4135 867 4219 quod
880 4155 945 4197 non
957 4133 1073 4206 habet;
1092 4134 1193 4197 multo
1204 4133 1306 4219 magis
1317 4134 1543 4212 schismaticus,

496 4248 551 4332 qui
567 4247 651 4331 quod
665 4244 778 4309 habuit
793 4243 908 4307 amisit.

540 4357 679 4420 LXXI.
704 4354 923 4419 Pudentianus
945 4375 966 4418 a
987 4352 1110 4418 Cuiculi
1134 4355 1224 4419 dixit.
1270 4356 1406 4421 Novitas
1425 4357 1544 4441 episco-

560 4597 658 4643 2Joan.
671 4596 703 4642 ix.
715 4611 757 4655 31·
900 4609 914 4637 ι
926 4599 1000 4647 hlatt.
1014 4601 1046 4648 vi.
1060 4615 1098 4659 ²4·
1246 4601 1260 4637 b
1273 4598 1361 4661 Ephes.
1373 4599 1404 4646 ir.
1418 4612 1441 4661 5,
1454 4599 1477 4647 6.
