3700 5667
554 668 604 731 IN
629 666 861 731 CONCILIA
885 667 1134 731 CARTHAG.
1307 668 1371 736 199

323 834 527 902 eruditissimi
551 835 698 899 monachi
721 834 919 899 Benedictini
944 836 997 919 qui
1021 844 1216 920 postremam
1239 857 1371 921 operum

323 939 391 1023 ejus
413 937 584 1002 editionem
606 944 766 1001 curarunt.
812 936 921 1021 Atque
943 960 1001 1022 ego
1021 961 1106 1014 sane,
1123 938 1177 1022 qui
1196 938 1262 1001 scio
1281 958 1371 1001 sano-

325 1050 393 1106 tum
410 1038 602 1123 prrianum
622 1040 805 1123 frequenter
826 1040 962 1103 scribere
985 1040 1147 1104 ecclesiam
1170 1063 1238 1105 esse
1260 1041 1371 1104 funda·

324 1150 391 1208 tam
410 1162 506 1225 super
523 1141 666 1216 Petrum,
683 1141 774 1205 facilc
792 1162 861 1204 eam
877 1139 1045 1205 lectionem
1065 1143 1285 1226 praetulissem,
1301 1163 1372 1226 quae

324 1243 437 1308 nititur
456 1242 648 1306 auctoritate
663 1241 869 1326 plurimorum
884 1249 1026 1306 veterum
1041 1243 1202 1317 librorum,
1219 1243 1279 1306 nisi
1300 1242 1370 1307 ani·

325 1340 563 1405 madvertissem
587 1340 857 1425 comparationem
879 1340 931 1405 hic
954 1342 1078 1406 institui
1102 1344 1186 1407 inter
1208 1343 1373 1407 ecclesiam

325 1450 359 1507 et
372 1442 530 1520 haeresim,
542 1444 685 1526 adeoque
701 1442 899 1505 retinendam
915 1465 983 1506 esse
998 1465 1106 1508 vocem
1115 1455 1250 1529 petraea,
1261 1445 1293 1508 in
1309 1466 1373 1529 qua

325 1544 501 1607 aedificatur
516 1543 656 1618 ecclesia,
672 1551 709 1607 ut
722 1543 770 1607 ait
786 1544 1004 1626 Augustinus3
1027 1545 1109 1608 inira
1129 1545 1162 1607 in
1182 1545 1373 1609 allocutione

326 1645 472 1710 Januarii
495 1645 706 1722 anulaensis‚
731 1668 760 1729 p.
781 1665 855 1729 334.
883 1645 1021 1730 legitur:
1046 1646 1183 1710 Ecclcm
1204 1657 1231 1710 st
1252 1648 1374 1711 laercsic

326 1746 395 1810 duae
419 1746 549 1810 diverses
571 1767 616 1809 res
640 1757 718 1810 suat.
750 1746 919 1810 Bannzms.
970 1748 1160 1831 Quanquam
1186 1748 1225 1811 de
1251 1747 1312 1812 hac
1338 1769 1373 1812 re

327 1849 440 1933 saepius
461 1848 657 1923 monuimus;
681 1849 764 1932 quod
787 1848 960 1932 importuni
982 1849 1103 1912 librarii
1124 1849 1176 1911 nbi
1199 1859 1300 1933 petrae
1322 1871 1374 1913 oc-

327 1951 474 2014 currebat
489 1948 617 2026 mentio,
628 1949 737 2013 statim
752 1950 794 2014 ad
807 1952 940 2014 Petrum
955 1951 987 2013 id
1003 1951 1250 2035 pertrahebant:
1265 1959 1373 2016 tamen

327 2073 397 2115 cum
421 2050 561 2135 Rignltio
584 2051 636 2114 hic
659 2052 827 2115 observare
850 2074 910 2136 par
933 2052 1006 2127 erit,
1029 2052 1246 2137 Augustinum
1270 2075 1375 2117 exem·

329 2153 424 2237 plaris
443 2153 492 2216 sui
507 2152 603 2215 fidem
618 2166 761 2217 secutum
775 2152 836 2217 hoc
851 2154 919 2216 loco
934 2153 1056 2238 legisse.
1088 2154 1276 2235 AEdificccit
1289 2155 1374 2219 ecclo-

328 2255 404 2318 cicm
418 2275 505 2317 ccam
518 2254 654 2317 Cincius
667 2264 970 2338 superponerem
983 2277 1074 2339 super
1087 2277 1222 2320 arenam.
1241 2255 1372 2320 Faunus.

332 2357 386 2420 lta
407 2358 441 2420 in
462 2356 540 2419 edit.
563 2355 665 2419 Oxon.
691 2356 815 2420 codices
839 2365 978 2440 quatuor
1002 2357 1178 2442 signantur,
1201 2356 1234 2420 in
1261 2357 1375 2441 quibus

329 2457 466 2542 positum
482 2466 532 2520 est
548 2458 684 2532 Petrum,
699 2457 885 2541 quibuscum
900 2458 1022 2521 faciunt
1036 2464 1176 2542 quatuor
1190 2457 1244 2531 illi,
1261 2457 1376 2543 quibus

329 2566 412 2637 utor,
427 2580 570 2642 unusque
586 2558 625 2621 dc
640 2558 763 2621 duobus
779 2581 875 2643 penes
889 2582 940 2622 me
955 2559 1130 2643 Augustini
1147 2558 1288 2624 MSStis.

333 2734 336 2739 f
373 2658 412 2721 P.
431 2679 501 2722 120.
516 2659 538 2721 l.
553 2679 606 2744 30.
628 2659 714 2723 velut
728 2662 874 2744 cancere]
892 2661 969 2723 Vox
983 2669 1070 2724 recte
1085 2683 1119 2725 se
1133 2661 1252 2738 habet3
1274 2682 1373 2744 quan-

331 2760 446 2824 tumvis
467 2760 641 2825 reclament
666 2761 796 2846 qnidam
819 2761 1031 2847 grammatici,
1078 2761 1244 2826 Lucretius
1268 2762 1321 2826 lib.
1345 2783 1375 2827 v.

331 2861 418 2939 dicit,
443 2863 585 2926 Ocncmis
610 2873 643 2927 ut
666 2873 762 2927 cedat
785 2873 878 2927 nutas
900 2864 945 2927 cd
968 2863 1146 2927 solstitialem
1171 2872 1205 2928 ct
1228 2873 1376 2929 neutrum

332 2983 407 3040 esso,
435 2973 532 3048 prout
563 2965 615 3028 hic
647 2972 830 3049 usurpatur,
860 2965 979 3030 diserte
1010 2963 1150 3030 affirmat
1184 2965 1377 3031 Priscianus.

333 3063 462 3130 Fuscus

374 3168 503 3231 P.121.
527 3167 547 3230 l.
568 3188 616 3232 10.
640 3169 898 3253 praesumptores]
923 3169 1077 3234 conferas
1098 3170 1238 3255 Suffrap.
1261 3168 1378 3233 Secun-

333 3268 417 3332 diani
432 3292 453 3333 a
467 3270 649 3346 Thambeis,
665 3271 749 3356 qnod
765 3271 993 3356 octogesimum
1008 3278 1067 3334 est.
1106 3270 1260 3333 Nesciunt
1275 3291 1377 3346 voces,

336 3371 409 3450 Quot
429 3372 492 3435 siat
513 3371 664 3456 baptismi,
689 3395 760 3436 cum
783 3373 933 3458 Cypriani
954 3372 1077 3435 codices
1099 3378 1248 3455 quatuor,
1264 3371 1377 3454 quibus

332 3487 414 3551 utor,
429 3482 499 3538 tum
518 3475 689 3558 Augustini
706 3476 768 3539 duo
785 3476 847 3539 mei
862 3474 1081 3558 manuscripti.

375 3574 459 3640 Ibid.
484 3576 574 3656 l.17.
601 3575 721 3639 flabiles
745 3582 778 3639 et
802 3576 941 3652 tabidos]
969 3574 1009 3638 In
1034 3572 1194 3646 Foriensi
1212 3571 1328 3656 flebiles
1349 3581 1406 3637 et·

332 3677 453 3754 labiles,
468 3700 642 3763 perperam.
673 3678 813 3741 Tabidos
828 3677 995 3741 haereticos
1010 3676 1097 3749 dicit,
1110 3675 1201 3761 quasi
1215 3676 1379 3740 tabescen-

334 3786 382 3845 tes
403 3802 539 3844 moerore
561 3791 594 3844 et
617 3780 762 3863 squalore
784 3779 991 3863 poenitentiae.
1015 3778 1194 3842 Rresmrus.
1238 3777 1379 3841 Dubium

333 3903 375 3945 an
397 3882 554 3967 intelligat
573 3880 701 3946 Cassius
723 3903 762 3944 ex
783 3880 973 3964 poenitentia
994 3880 1156 3964 squalidos
1177 3886 1212 3942 et
1232 3878 1380 3964 lacrymis

334 3981 533 4055 diffluentes;
566 4003 607 4045 an
636 3982 728 4045 malis
757 3982 898 4044 moribus
927 3989 1095 4065 corruptos
1124 3987 1158 4043 et
1187 3980 1379 4064 deploratos.

336 4084 426 4147 Infra
441 4084 566 4156 dicitnr,
583 4085 675 4147 Mons
689 4082 839 4158 heretica,
855 4105 922 4167 quse
937 4083 1087 4146 diuturna
1102 4080 1167 4146 tado
1178 4081 1300 4166 pollam
1314 4090 1359 4145 ert
1367 4103 1378 4141 :

335 4187 419 4270 quod
434 4187 476 4250 ad
492 4185 699 4270 posteriorem
714 4207 841 4249 sensum
856 4184 997 4248 inclinat.
1023 4183 1153 4246 Faunus.

380 4288 463 4352 lbid,
478 4289 498 4351 l.
516 4288 566 4354 28.
590 4288 728 4352 ecclesiae
750 4286 942 4369 assistimus]
962 4287 1076 4351 Graeca
1098 4286 1215 4368 luterp.
1239 4283 1379 4348 συνιστά-

335 4395 411 4470 μεθα
425 4395 461 4469 τῇ
478 4392 629 4474 ἐκκλησίᾳ.
972 4422 974 4425 ’

381 4492 465 4556 Ibid.
488 4492 509 4555 l.
533 4512 586 4578 33.
610 4491 704 4574 fiant]
733 4492 891 4575 quomodo
916 4489 1115 4554 Christianos
1137 4487 1264 4551 faciunt
1312 4489 1383 4552 Ista

337 4594 452 4658 desunt
467 4594 500 4656 in
515 4593 652 4677 quinque
666 4593 805 4676 antiquis
825 4592 986 4656 codicibus
1005 4598 1038 4654 et
1052 4590 1138 4674 apud
1153 4589 1381 4673 Augustinum,

337 4701 371 4758 et
385 4716 444 4779 pro
458 4693 497 4757 iis
511 4691 629 4778 legitur
646 4692 830 4777 simpliciter
842 4694 937 4774 floret,
952 4700 989 4756 nt
1009 4691 1209 4756 scribendum
1224 4691 1380 4766 videatur,
