3700 5667
537 678 587 741 IN
613 667 1116 742 CONC1L1ACARTHAG.
1282 670 1341 742 161

302 841 408 904 Verba
429 840 558 926 Synodi,
575 843 729 910 Historiae
745 845 976 910 Ecclesiasticae
999 845 1051 907 lib.
1068 842 1119 908 vii.
1138 866 1207 928 cap.
1223 864 1275 928 30.
1299 845 1344 908 sic

301 943 431 1019 habeut,
451 945 499 1007 καὶ
520 948 611 1012 οὕτως
632 950 845 1030 ὑψηλοφρονεῖ
863 950 910 1011 καὶ
932 950 1090 1027 ὑπερῆρται
1111 951 1237 1025 κοσμικᾶ
1259 946 1344 1024 ἀξιοί-

299 1070 379 1124 ματα
398 1046 607 1123 ὑποδυόμενος,
624 1050 671 1111 καὶ
691 1050 880 1130 δονκηνάριος
898 1055 1019 1129 μᾶλλον
1036 1047 1054 1127 ἢ
1069 1051 1231 1114 ἐπίσκοπος
1246 1047 1344 1111 θέλων

303 1151 468 1221 καλεῖσθαι,
491 1149 538 1210 καὶ
564 1156 668 1228 σοβῶν
694 1156 768 1214 κατὰ
790 1156 842 1218 τὰς
867 1155 988 1234 ἀγορὰς,
1015 1155 1063 1215 καὶ
1089 1154 1249 1217 ἐπιστολὰς
1274 1153 1345 1215 ἀνα-

301 1251 456 1330 γινώσκων
482 1251 530 1314 καὶ
555 1254 757 1333 ὑπαγορεύων,
784 1254 846 1334 ἅμα
871 1259 1001 1334 βαδίζων
1026 1256 1163 1338 δημοσίᾳ,
1187 1256 1235 1318 καὶ
1259 1259 1343 1335 δορυ-

301 1355 485 1433 φορούμενος
506 1357 562 1417 8ισ.
608 1351 718 1419 Ηοοοο
740 1357 838 1442 igitur
859 1358 1023 1421 hominum
1044 1378 1144 1442 genus
1165 1356 1256 1419 valde
1278 1378 1344 1418 mo-

300 1455 425 1529 lestum,
444 1456 586 1540 adeoque
608 1457 752 1520 odiosum
772 1460 890 1544 passim
913 1467 946 1522 et
969 1459 1100 1521 invisum
1124 1457 1290 1542 plerisque,
1306 1464 1343 1520 ut

299 1557 396 1621 etiam
425 1557 615 1621 Ciroitorum
644 1568 678 1622 et
707 1560 921 1636 Ouriosorum,
952 1561 1007 1624 sed
1036 1559 1211 1645 praescrtim
1238 1559 1344 1623 Ohris-

300 1658 404 1736 tinnis,
432 1658 486 1743 qui
512 1660 683 1743 saepissime
709 1662 821 1725 talium
846 1663 1019 1726 officiorum
1046 1662 1234 1726 crudelitate
1260 1684 1343 1725 com·

300 1761 445 1844 prehensi
479 1763 521 1825 ad
553 1770 730 1847 potestates
764 1765 979 1848 rapiebantur.
1036 1757 1189 1847 Eulogius
1222 1764 1344 1828 archie-

301 1863 448 1948 piscopus
475 1864 712 1929 Alexandrinus
740 1866 821 1930 libro
851 1868 890 1930 de
916 1867 1094 1950 Disciplina
1119 1866 1344 1930 Ecclesiastica

299 1968 450 2030 adversus
476 1966 647 2045 Nouatum,
672 1970 864 2033 mentionem
890 1970 967 2034 lacit
993 1969 1210 2034 commentarii
1241 1969 1342 2051 cujus-

303 2069 376 2132 dam
404 2069 585 2146 Novatiani,
609 2071 698 2154 eujus
724 2072 804 2135 hanc
830 2072 925 2136 luisse
952 2072 1142 2157 hypothesin
1165 2072 1274 2146 refert,
1299 2072 1345 2134 ὅτι

303 2172 522 2248 βασιλεύοντος
546 2169 699 2251 Ῥωμαίων
726 2177 834 2238 Δεκίου
864 2177 912 2238 καὶ
938 2177 1156 2256 Οὐαλεριανοΰ,
1184 2175 1347 2255 Περίννιος

300 2273 501 2354 Δουκηνάριος
523 2278 699 2357 πρόσταγμα
720 2279 826 2355 λαβὼν
848 2278 917 2358 παρ’
938 2279 1043 2350 αὐτῶν,
1064 2277 1178 2343 πάντας
1199 2277 1266 2342 τοὺς
1287 2278 1346 2338 tva

301 2375 354 2454 τὴν
378 2374 494 2455 Ῥώμην
520 2379 567 2440 καὶ
595 2381 645 2443 τὰς
667 2377 751 2459 πέριξ
782 2382 925 2462 ἐπαρχίας
951 2380 1139 2461 χριστιανοὺς
1164 2377 1345 2458 βαρυτάταις

301 2478 448 2556 βασάνοις
474 2479 521 2542 καὶ
547 2487 663 2560 πικραῖς
688 2484 838 2560 τιμωρίαις
864 2486 1092 2561 εἰδωλολατρεῖν
1120 2480 1267 2559 ἐβιάζετο,
1295 2480 1344 2541 καὶ

300 2581 410 2642 πολλοὶ
427 2583 484 2659 μὲν
499 2583 547 2643 καὶ
562 2583 652 2645 ἄλλοι
672 2586 815 2647 ε’νιδίδονν
830 2588 865 2670 τῇ
880 2587 935 2668 βίᾳ
950 2588 1006 2647 bac.
1026 2584 1127 2669 (apud
1142 2582 1293 2646 Photium
1312 2581 1344 2642 in

299 2681 493 2754 Bibliotheca,
509 2685 578 2747 cod.
599 2687 684 2767 182.)
723 2687 900 2750 Videantur
922 2708 992 2771 quae
1015 2686 1054 2748 de
1077 2683 1290 2748 Beneficiariis
1312 2695 1346 2745 et

297 2785 436 2849 (lenosis
449 2787 491 2849 ad
507 2787 736 2851 Tertullianum
752 2788 995 2864 observavimus,
1006 2797 1039 2852 et
1054 2811 1124 2872 quae
1140 2788 1181 2850 ed
1197 2786 1342 2849 ultimam

299 2886 450 2973 Cypriani
473 2888 663 2973 Epistolam,
685 2891 725 2953 de
748 2891 999 2955 Frumentariis:
1031 2891 1084 2954 sed
1108 2889 1251 2973 inprimis
1273 2904 1344 2972 quae

299 2991 340 3053 ad
367 2991 537 3075 Capitolini
564 2993 774 3066 Pertinacem,
801 2993 983 3056 Salmasius.
1014 2993 1183 3055 chsnmus
1208 3013 1229 3054 a
1255 2988 1345 3053 Fello

298 3094 423 3157 allatus.
475 3093 573 3157 Plura
602 3095 641 3158 tle
671 3095 847 3159 ducenariis
876 3097 1000 3160 emdite
1030 3096 1117 3159 dicta
1146 3092 1283 3177 reperies
1312 3091 1345 3153 in

299 3196 572 3260 observationibus
595 3196 736 3281 Rigaltii.
785 3198 862 3261 Vide
885 3199 982 3263 etiam
1005 3207 1115 3283 notam
1138 3193 1344 3280 marginalem

298 3297 390 3361 Beati
421 3297 565 3363 Rhenani
598 3300 639 3362 ad
672 3299 838 3383 epistolem
871 3300 982 3383 synodi
1015 3299 1224 3363 Antiochense
1259 3294 1345 3377 apud

300 3399 449 3464 Rufinum
479 3400 532 3464 tib.
557 3402 609 3463 vii.
636 3424 705 3486 cap.
733 3404 782 3464 26.
813 3412 846 3465 ct
871 3402 1050 3485 Josephum
1079 3400 1273 3482 Scaligerum
1303 3396 1345 3458 ad

300 3503 476 3566 Manilium.
499 3504 642 3568 Joennes
665 3504 812 3568 Calvinus
840 3506 872 3567 in
901 3504 1003 3567 lexico
1024 3502 1170 3586 juridice,
1194 3500 1226 3562 in
1248 3497 1345 3562 verbo

299 3607 482 3682 Daceaam'i,
499 3608 573 3670 citat
595 3607 761 3690 epistolam
785 3614 934 3689 quartam
955 3606 1027 3669 libri
1049 3604 1142 3691 primi
1166 3600 1268 3666 sancti
1287 3600 1345 3683 Gy-

299 3710 410 3795 priani,
427 3733 497 3793 quae
519 3718 569 3774 est
591 3711 658 3773 haec
680 3718 802 3785 nostra,
818 3710 849 3772 in
865 3731 928 3794 qua
949 3709 996 3772 ait
1016 3715 1127 3772 extare
1149 3706 1217 3769 haec
1237 3703 1345 3778 verba,

298 3834 391 3896 acque
411 3822 445 3874 at
463 3811 516 3875 illa
536 3809 724 3897 superb-ierit,
740 3810 932 3895 sublatusque
942 3811 1046 3894 fateri!
1065 3808 1230 3873 mundanis
1246 3805 1347 3890 άίριιί-

296 3913 419 3990 tatibus,
433 3914 614 3977 decertarier
631 3914 732 4000 pot-ias
747 3935 839 3997 quma
855 3914 1006 3997 ιρίιοοριω
1023 3912 1126 3975 occari
1146 3910 1252 3973 achras.
1298 3909 1346 3970 At

297 4039 356 4101 ego
372 4017 435 4081 ista
450 4038 551 4100 neque
571 4016 604 4078 in
624 4015 814 4079 editionibus
833 4014 936 4077 inveni
957 4036 1058 4097 neque
1079 4014 1112 4076 in
1127 4011 1217 4075 libris
1232 4008 1345 4074 voteri-

298 4122 367 4184 bus.
397 4119 563 4181 Bacurius.
611 4118 690 4181 llaec
713 4117 810 4180 verba
833 4139 853 4179 a
875 4115 1016 4201 Rigaltio
1039 4115 1182 4200 superius
1204 4113 1347 4176 adducta

298 4232 373 4286 suut
398 4245 438 4286 ex
460 4221 600 4306 Epistola
623 4221 887 4294 Antiocheaoram,
911 4219 1001 4302 cujus
1027 4217 1169 4302 epistolae
1192 4222 1301 4298 partes
1323 4233 1344 4275 a

296 4345 347 4388 me
362 4325 444 4387 infra
459 4324 661 4388 collocantur.

341 4427 379 4490 P.
401 4432 468 4489 106.
484 4426 505 4490 l.
522 4445 570 4488 12.
587 4435 621 4489 et
636 4425 789 4509 martyrio
805 4445 930 4508 quoque
945 4420 1129 4506 dignatione
1145 4416 1273 4481 Domini
1289 4416 1344 4479 ho·

297 4529 445 4615 noratus]
465 4529 574 4612 Finge,
595 4527 678 4590 sicca
698 4538 810 4602 morte,
832 4548 895 4588 non
916 4532 1058 4596 cruenta,
1077 4522 1226 4585 allectum
1248 4520 1344 4582 fuisse

296 4629 492 4707 Cornelium,
524 4639 693 4715 postquam
722 4629 895 4691 Dominum
931 4626 1092 4690 confessus
1125 4631 1219 4700 esset,
1249 4631 1346 4708 prout

341 4756 409 4796 roa.
427 4755 470 4796 ιιι.
800 4751 821 4792 r
