3700 5667
544 649 593 713 IN
619 649 847 713 CONCILIA
873 649 1123 713 cAu'rHAG.
1294 651 1354 712 141

311 841 350 882 ex
381 816 459 881 meis
487 815 647 881 codicibus
670 823 771 891 extat,
796 838 904 880 vocem
931 816 1117 880 dulcedinem
1141 822 1217 879 ante
1243 814 1359 878 divinae

310 931 338 984 et
344 930 487 1005 paterne
493 919 622 1004 pietatis
635 919 811 1004 opponimus
824 919 1005 982 addendam
1021 941 1089 982 esse
1104 940 1224 982 censeo.

356 1023 393 1086 P.
410 1040 462 1104 97.
477 1021 498 1085 l.
518 1042 566 1106 13.
590 1021 681 1084 nobis
707 1021 882 1106 imminere]
914 1022 1094 1084 Pronomen
1119 1019 1203 1084 nodie
1225 1042 1264 1084 ex
1288 1020 1358 1083 edd.

311 1136 388 1190 ante
404 1125 616 1197 Baluziauam,
633 1146 688 1188 seu
704 1123 956 1201 Benedictinam‚
971 1124 1136 1197 revocavi;
1153 1122 1359 1209 similiterque

311 1228 499 1313 particulam
528 1237 554 1290 et
583 1237 658 1291 ante
689 1227 898 1298 examinetis5
934 1226 1214 1303 consentientibus,
1245 1226 1360 1310 quibus

312 1352 394 1394 nune
410 1340 496 1406 ntor,
511 1329 649 1393 MSStis.

356 1433 439 1496 Ibid.
456 1433 475 1496 l.
497 1435 545 1497 16.
569 1433 657 1496 vobis
671 1433 807 1517 qnoque]
824 1431 972 1496 Cornelio
988 1432 1202 1517 Romanisque
1218 1432 1291 1495 suis.

356 1535 437 1599 lbid.
454 1536 543 1616 l.'17.
568 1536 660 1616 Quod
685 1535 711 1598 si
736 1535 776 1598 de
800 1535 926 1620 collegis
950 1535 1075 1621 aliquis]
1109 1537 1298 1619 Quanquam
1324 1535 1357 1599 in

312 1640 431 1724 synodo
459 1639 640 1702 convenerit
669 1639 765 1723 lapsis
799 1639 840 1701 ob
875 1639 1073 1723 ingruentem
1106 1640 1357 1724 persecutionem

312 1764 421 1827 pacem
432 1741 589 1804 maturius
604 1741 741 1804 dandam
757 1764 836 1817 esse,
853 1750 961 1804 tamen
977 1765 1048 1806 eum
1064 1765 1160 1828 penes
1176 1743 1358 1828 episcopum

312 1852 382 1908 erat
394 1844 539 1929 judicare
558 1844 597 1906 de
619 1843 698 1928 lapsi
721 1844 921 1928 paenitentia,
938 1866 987 1906 res
1008 1844 1075 1907 haec
1091 1844 1123 1906 in
1142 1843 1210 1928 ejus
1224 1844 1358 1908 arbitrio

312 1969 409 2030 usque
422 1946 606 2031 permansit.
651 1949 722 2010 Aut
738 1942 883 2010 fortassis
903 1946 1032 2030 respicit
1052 1946 1216 2031 episcopos
1236 1969 1299 2021 eos,
1315 1948 1358 2010 ad

312 2071 390 2132 quos
414 2048 583 2134 provinciae
608 2048 726 2112 Africae
752 2048 863 2133 synodi
890 2049 1020 2113 decreta
1050 2071 1113 2112 uon
1141 2049 1357 2133 pertinebant.

313 2151 444 2217 Faunus.

354 2254 437 2318 Ibid.
452 2253 473 2318 l.
491 2272 542 2337 25.
563 2253 740 2338 graviorem
761 2253 877 2341 multo]
902 2255 997 2319 Certe
1020 2255 1178 2339 Cypriane
1199 2264 1269 2319 erat
1285 2279 1358 2341 gra·

312 2358 378 2423 rior
387 2383 397 2435 3
417 2357 470 2443 qui
486 2365 559 2440 post
574 2357 658 2420 exilii
674 2357 781 2434 tandiu,
799 2359 929 2422 tandem
945 2359 1005 2422 hac
1019 2359 1237 2444 persecutione
1252 2361 1358 2445 eapite

312 2460 519 2544 plectebatur.
565 2459 628 2523 Sed
645 2460 827 2545 Prophetae,
842 2461 981 2524 visorum
1000 2483 1129 2524 suorum
1149 2484 1213 2524 uon
1233 2484 1359 2547 semper

313 2562 365 2625 fidi
379 2562 579 2647 interpretes.
624 2564 753 2626 Donum
771 2562 955 2648 prophetias
969 2563 1211 2649 interpretandi,
1229 2587 1358 2650 prorsus

312 2672 381 2728 erat
395 2664 580 2729 distinctum
594 2687 615 2728 a
629 2665 805 2751 prophetiae
820 2665 1021 2730 charismate.
1046 2666 1122 2730 Vid.
1142 2688 1154 2730 1
1174 2667 1249 2731 Cor.
1266 2667 1287 2731 i.
1309 2689 1355 2732 ro.

313 2766 441 2832 Faunus.
489 2768 636 2833 Cornelio
651 2769 777 2854 quidem
798 2768 925 2854 gravior
945 2768 1006 2833 luit
1027 2769 1096 2834 haec
1112 2769 1198 2834 Galli
1218 2772 1357 2849 venatio,

312 2877 347 2934 ut
362 2870 483 2934 Fellum
501 2870 661 2955 corrigens
674 2871 828 2956 Anglicns
848 2871 895 2935 ait
916 2871 1084 2956 interpres,
1101 2894 1164 2935 non
1185 2873 1355 2958 Cypriane,

311 2972 363 3057 qui
379 2972 643 3057 lmpValeriano
657 2972 813 3037 nonnullis
834 2981 907 3058 post
930 2974 1021 3038 annis
1037 2975 1223 3060 martyrium
1247 2999 1355 3061 passu·

311 3094 364 3137 rus
378 3081 457 3137 erat.

354 3175 434 3239 Ibid.
450 3176 470 3238 l.
489 3179 538 3240 26.
564 3177 906 3263 ostendi-admoneri]
935 3180 975 3242 ln
1004 3179 1125 3264 aliquot
1155 3179 1252 3243 MSS.
1281 3187 1355 3265 post

310 3275 390 3341 nobs
415 3278 544 3343 additur
567 3279 676 3342 eumue
701 3284 795 3363 opert
822 3279 954 3356 librarii,
981 3281 1033 3366 qui
1062 3282 1192 3345 verbum
1219 3303 1355 3365 sequens

310 3380 421 3443 mendi
443 3381 485 3444 ad
511 3380 654 3465 superius
672 3381 858 3466 prendimus
883 3383 1081 3447 referendum
1106 3403 1263 3445 essenon
1288 3382 1356 3445 ani-

310 3482 489 3546 madvertit.
536 3482 574 3545 ln
588 3483 724 3569 vulgatis
738 3491 846 3547 autem
866 3507 941 3547 mox
957 3485 1081 3549 obtinet
1102 3484 1277 3560 ostenditur,
1294 3505 1354 3567 pro

310 3585 432 3662 ostendi,
449 3592 482 3648 et
497 3585 629 3649 subinde
646 3585 803 3648 adnuunt
824 3609 882 3671 pro
901 3586 1067 3650 admoneri.
1113 3585 1251 3671 Optimae
1269 3595 1355 3650 notae

309 3686 408 3750 codex
424 3685 513 3750 Colb.
529 3687 579 3750 cui
595 3694 628 3751 et
643 3687 736 3751 Gorb.
752 3687 867 3772 aliique
883 3689 1002 3763 favent,
1017 3689 1172 3752 sinceram
1187 3687 1355 3752 lectionem

308 3788 490 3852 asservavit.
513 3789 684 3854 Ocnsrnnr.
731 3791 832 3870 Quem
856 3792 982 3874 quidem
997 3792 1098 3855 virum
1118 3792 1277 3856 eruditum
1293 3792 1354 3857 hcc

308 3887 375 3953 loco
398 3897 523 3954 secutus
545 3913 625 3954 sum.
670 3892 756 3954 Edit.
782 3893 980 3956 Benedictinu
1005 3894 1104 3957 habet
1128 3893 1295 3957 ostenditur
1320 3904 1353 3959 et

306 3991 505 4055 admoveamus.
550 3992 638 4056 Edit.
661 3994 753 4056 Oeen.
771 3995 937 4059 ostend-itur
953 4004 987 4059 et
1004 3996 1172 4058 admonent.
1219 3995 1283 4057 Sed
1298 3993 1353 4056 diu

305 4102 380 4158 ante
395 4094 617 4160 Constantium
634 4096 665 4159 in
689 4098 881 4160 Muuutieuu
897 4098 968 4161 edit.
984 4098 1048 4161 duo
1063 4097 1116 4161 isti
1137 4096 1282 4160 infinitivi
1298 4118 1352 4158 ex·

305 4195 440 4260 titenant
454 4197 569 4260 edendi
583 4207 616 4262 et
631 4198 796 4262 uduwueri.
831 4198 875 4262 Et
891 4221 973 4262 nunc
988 4200 1065 4262 mihi
1081 4205 1277 4283 compertum
1292 4205 1351 4271 est,

305 4322 485 4384 comparere
509 4323 563 4364 eos
592 4301 623 4362 in
652 4301 749 4364 codice
773 4302 866 4364 Meu
895 4301 967 4364 eut.
995 4302 1080 4364 Novi
1096 4300 1211 4385 priori,
1236 4300 1291 4362 sed
1319 4299 1353 4362 in

297 4403 461 4486 posteriori
476 4401 600 4465 ostendit
620 4411 654 4466 et
676 4403 843 4476 adureneri,
859 4404 893 4466 in
915 4404 1022 4466 codiee
1047 4401 1260 4465 vetustissimo
1283 4425 1354 4466 meo

304 4504 557 4569 Meernreuniune
574 4504 739 4568 ostenditur
754 4512 787 4568 et
797 4504 965 4582 cdueueri,
978 4505 1054 4567 dum
1067 4503 1099 4565 in
1111 4502 1234 4567 duobus
1245 4503 1354 4568 alteris

304 4605 392 4682 meis,
411 4607 493 4672 sieut
516 4607 549 4669 iu
574 4606 665 4671 editt.
694 4615 769 4671 ante
793 4606 976 4671 Manutium
999 4606 1169 4671 ostenditur
1194 4615 1227 4671 et
1251 4607 1353 4670 edmo-

303 4726 407 4769 mmur
420 4706 527 4791 posita
543 4722 628 4772 sunt.
