<?xml version="1.0" encoding="UTF-8"?>
<!DOCTYPE html PUBLIC "-//W3C//DTD XHTML 1.0 Transitional//EN"
    "http://www.w3.org/TR/xhtml1/DTD/xhtml1-transitional.dtd">
<html xmlns="http://www.w3.org/1999/xhtml" xml:lang="en" lang="en">
 <head>
  <title>
</title>
<meta http-equiv="Content-Type" content="text/html;charset=utf-8" />
  <meta name='ocr-system' content='tesseract 3.04.00' />
  <meta name='ocr-capabilities' content='ocr_page ocr_carea ocr_par ocr_line ocrx_word'/>
</head>
<body>
  <div class='ocr_page' id='page_1' title='image "./reliquiaesacrae08routgoog_0331.png"; bbox 0 0 3700 5667; ppageno 0'>
   <div class='ocr_carea' id='block_1_1' title="bbox 495 664 1368 732">
    <p class='ocr_par' dir='ltr' id='par_1_1' title="bbox 495 664 1368 732">
     <span class='ocr_line' id='line_1_1' title="bbox 495 664 1368 732; baseline 0.005 -5"><span class='ocrx_word' id='word_1_1' title='bbox 495 665 545 727; x_wconf 96' lang='lat' dir='ltr'><strong>IN</strong></span> <span class='ocrx_word' id='word_1_2' title='bbox 570 664 802 729; x_wconf 87' lang='lat' dir='ltr'>SYNODUM</span> <span class='ocrx_word' id='word_1_3' title='bbox 829 666 1202 730; x_wconf 86' lang='lat' dir='ltr'><strong>ANTIOCHENAM.</strong></span> <span class='ocrx_word' id='word_1_4' title='bbox 1304 670 1368 732; x_wconf 72' lang='grc'><strong>328</strong></span> 
     </span>
    </p>
   </div>
   <div class='ocr_carea' id='block_1_2' title="bbox 319 834 1369 4398">
    <p class='ocr_par' dir='ltr' id='par_1_2' title="bbox 322 834 1369 1228">
     <span class='ocr_line' id='line_1_2' title="bbox 322 834 1368 921; baseline 0.002 -22"><span class='ocrx_word' id='word_1_5' title='bbox 322 834 481 921; x_wconf 80' lang='lat' dir='ltr'><strong>effugium,</strong></span> <span class='ocrx_word' id='word_1_6' title='bbox 498 843 534 900; x_wconf 90' lang='lat' dir='ltr'><strong>nt</strong></span> <span class='ocrx_word' id='word_1_7' title='bbox 554 836 659 900; x_wconf 81' lang='lat' dir='ltr'><strong>obiter</strong></span> <span class='ocrx_word' id='word_1_8' title='bbox 678 835 709 899; x_wconf 87' lang='lat' dir='ltr'><strong>id</strong></span> <span class='ocrx_word' id='word_1_9' title='bbox 729 844 848 912; x_wconf 88' lang='lat' dir='ltr'><strong>notem,</strong></span> <span class='ocrx_word' id='word_1_10' title='bbox 863 836 949 920; x_wconf 90' lang='lat' dir='ltr'>quod</span> <span class='ocrx_word' id='word_1_11' title='bbox 964 857 1003 899; x_wconf 83' lang='lat' dir='ltr'><strong>ex</strong></span> <span class='ocrx_word' id='word_1_12' title='bbox 1018 835 1099 901; x_wconf 82' lang='lat' dir='ltr'><strong>salse</strong></span> <span class='ocrx_word' id='word_1_13' title='bbox 1114 838 1281 902; x_wconf 83' lang='lat' dir='ltr'><strong>verborum</strong></span> <span class='ocrx_word' id='word_1_14' title='bbox 1295 860 1368 901; x_wconf 89' lang='lat' dir='ltr'><strong>eon-</strong></span> 
     </span>
     <span class='ocr_line' id='line_1_3' title="bbox 323 938 1369 1024; baseline 0.003 -22"><span class='ocrx_word' id='word_1_15' title='bbox 323 939 499 1003; x_wconf 87' lang='lat' dir='ltr'><strong>struetione</strong></span> <span class='ocrx_word' id='word_1_16' title='bbox 518 938 620 1003; x_wconf 88' lang='lat' dir='ltr'><strong>critiei</strong></span> <span class='ocrx_word' id='word_1_17' title='bbox 640 938 770 1024; x_wconf 81' lang='lat' dir='ltr'><strong>quidem</strong></span> <span class='ocrx_word' id='word_1_18' title='bbox 784 938 943 1002; x_wconf 82' lang='lat' dir='ltr'><strong>haeretieis</strong></span> <span class='ocrx_word' id='word_1_19' title='bbox 960 947 1124 1023; x_wconf 77' lang='lat' dir='ltr'><strong>pararunt,</strong></span> <span class='ocrx_word' id='word_1_20' title='bbox 1139 939 1369 1005; x_wconf 89' lang='lat' dir='ltr'><strong>intereludetur</strong></span> 
     </span>
     <span class='ocr_line' id='line_1_4' title="bbox 324 1039 1367 1127; baseline 0.002 -24"><span class='ocrx_word' id='word_1_21' title='bbox 324 1039 492 1104; x_wconf 83' lang='lat' dir='ltr'><strong>eoilstione</strong></span> <span class='ocrx_word' id='word_1_22' title='bbox 507 1062 616 1105; x_wconf 91' lang='lat' dir='ltr'><strong>eorum</strong></span> <span class='ocrx_word' id='word_1_23' title='bbox 631 1062 702 1105; x_wconf 80' lang='lat' dir='ltr'><strong>enin</strong></span> <span class='ocrx_word' id='word_1_24' title='bbox 718 1041 820 1107; x_wconf 87' lang='lat' dir='ltr'><strong>tribus</strong></span> <span class='ocrx_word' id='word_1_25' title='bbox 835 1040 905 1106; x_wconf 78' lang='lat' dir='ltr'><strong>eliis</strong></span> <span class='ocrx_word' id='word_1_26' title='bbox 920 1040 980 1105; x_wconf 90' lang='lat' dir='ltr'><strong>SS.</strong></span> <span class='ocrx_word' id='word_1_27' title='bbox 990 1041 1164 1127; x_wconf 80' lang='lat' dir='ltr'><strong>Scripturae</strong></span> <span class='ocrx_word' id='word_1_28' title='bbox 1179 1042 1267 1120; x_wconf 88' lang='lat' dir='ltr'><strong>loeis,</strong></span> <span class='ocrx_word' id='word_1_29' title='bbox 1278 1041 1367 1107; x_wconf 90' lang='lat' dir='ltr'><strong>nimi-</strong></span> 
     </span>
     <span class='ocr_line' id='line_1_5' title="bbox 324 1142 1098 1228; baseline 0.001 -22"><span class='ocrx_word' id='word_1_30' title='bbox 324 1164 404 1216; x_wconf 88' lang='lat' dir='ltr'><strong>rum,</strong></span> <span class='ocrx_word' id='word_1_31' title='bbox 420 1144 507 1206; x_wconf 77' lang='lat' dir='ltr'><strong>Rom.</strong></span> <span class='ocrx_word' id='word_1_32' title='bbox 523 1142 544 1206; x_wconf 91' lang='lat' dir='ltr'><strong>i.</strong></span> <span class='ocrx_word' id='word_1_33' title='bbox 562 1161 611 1227; x_wconf 82' lang='lat'><strong>25.</strong></span> <span class='ocrx_word' id='word_1_34' title='bbox 632 1145 728 1207; x_wconf 76' lang='lat' dir='ltr'><strong>JPet.</strong></span> <span class='ocrx_word' id='word_1_35' title='bbox 744 1143 784 1207; x_wconf 92' lang='lat' dir='ltr'><strong>iv.</strong></span> <span class='ocrx_word' id='word_1_36' title='bbox 806 1143 1098 1228; x_wconf 79' lang='lat' dir='ltr'><strong>11.2Oor.xi.3r.</strong></span> 
     </span>
    </p>

    <p class='ocr_par' dir='ltr' id='par_1_3' title="bbox 324 1244 1368 1535">
     <span class='ocr_line' id='line_1_6' title="bbox 367 1244 1368 1332; baseline 0.001 -22"><span class='ocrx_word' id='word_1_37' title='bbox 367 1247 404 1310; x_wconf 91' lang='lat' dir='ltr'><strong>P.</strong></span> <span class='ocrx_word' id='word_1_38' title='bbox 422 1264 494 1330; x_wconf 83' lang='lat'><strong>292.</strong></span> <span class='ocrx_word' id='word_1_39' title='bbox 510 1245 530 1309; x_wconf 94' lang='lat' dir='ltr'><strong>l.</strong></span> <span class='ocrx_word' id='word_1_40' title='bbox 545 1266 593 1309; x_wconf 84' lang='lat'><strong>10.</strong></span> <span class='ocrx_word' id='word_1_41' title='bbox 613 1245 668 1309; x_wconf 87' lang='grc' dir='ltr'><strong>τὸν</strong></span> <span class='ocrx_word' id='word_1_42' title='bbox 686 1246 752 1309; x_wconf 76' lang='grc' dir='ltr'>υἱὸν</span> <span class='ocrx_word' id='word_1_43' title='bbox 771 1245 1002 1331; x_wconf 77' lang='grc' dir='ltr'>ὖπερτιθέμεθιι]</span> <span class='ocrx_word' id='word_1_44' title='bbox 1025 1247 1059 1309; x_wconf 86' lang='grc' dir='ltr'><strong>τὸ</strong></span> <span class='ocrx_word' id='word_1_45' title='bbox 1083 1252 1136 1310; x_wconf 85' lang='grc' dir='ltr'><strong>νῦν</strong></span> <span class='ocrx_word' id='word_1_46' title='bbox 1158 1269 1216 1332; x_wconf 88' lang='lat' dir='ltr'><strong>pro</strong></span> <span class='ocrx_word' id='word_1_47' title='bbox 1238 1248 1300 1311; x_wconf 86' lang='lat' dir='ltr'><strong>isto</strong></span> <span class='ocrx_word' id='word_1_48' title='bbox 1322 1244 1368 1310; x_wconf 83' lang='lat' dir='ltr'><strong>ni·</strong></span> 
     </span>
     <span class='ocr_line' id='line_1_7' title="bbox 324 1348 1366 1436; baseline 0.002 -25"><span class='ocrx_word' id='word_1_49' title='bbox 324 1348 378 1411; x_wconf 89' lang='lat' dir='ltr'><strong>hili</strong></span> <span class='ocrx_word' id='word_1_50' title='bbox 397 1349 451 1412; x_wconf 89' lang='grc' dir='ltr'><strong>τὸν</strong></span> <span class='ocrx_word' id='word_1_51' title='bbox 472 1349 538 1412; x_wconf 78' lang='grc' dir='ltr'><strong>νὶὸν</strong></span> <span class='ocrx_word' id='word_1_52' title='bbox 552 1348 768 1433; x_wconf 87' lang='lat' dir='ltr'><strong>reponendum</strong></span> <span class='ocrx_word' id='word_1_53' title='bbox 784 1370 853 1412; x_wconf 86' lang='lat' dir='ltr'><strong>esse</strong></span> <span class='ocrx_word' id='word_1_54' title='bbox 868 1348 997 1412; x_wconf 76' lang='lat' dir='ltr'><strong>videbat</strong></span> <span class='ocrx_word' id='word_1_55' title='bbox 1012 1349 1187 1414; x_wconf 83' lang='lat' dir='ltr'><strong>Turrisnus</strong></span> <span class='ocrx_word' id='word_1_56' title='bbox 1201 1349 1366 1436; x_wconf 88' lang='lat' dir='ltr'><strong>interpres.</strong></span> 
     </span>
     <span class='ocr_line' id='line_1_8' title="bbox 325 1448 1151 1535; baseline 0.001 -22"><span class='ocrx_word' id='word_1_57' title='bbox 325 1449 378 1513; x_wconf 87' lang='lat' dir='ltr'><strong>Ad</strong></span> <span class='ocrx_word' id='word_1_58' title='bbox 393 1471 494 1535; x_wconf 80' lang='lat' dir='ltr'><strong>marg.</strong></span> <span class='ocrx_word' id='word_1_59' title='bbox 511 1450 657 1514; x_wconf 71' lang='lat' dir='ltr'><strong>ductarii</strong></span> <span class='ocrx_word' id='word_1_60' title='bbox 671 1448 825 1513; x_wconf 69' lang='lat' dir='ltr'><strong>Demetri</strong></span> <span class='ocrx_word' id='word_1_61' title='bbox 840 1448 923 1513; x_wconf 88' lang='lat' dir='ltr'><strong>idem</strong></span> <span class='ocrx_word' id='word_1_62' title='bbox 938 1448 1078 1534; x_wconf 87' lang='lat' dir='ltr'><strong>positum</strong></span> <span class='ocrx_word' id='word_1_63' title='bbox 1093 1458 1151 1515; x_wconf 89' lang='lat' dir='ltr'><strong>est.</strong></span> 
     </span>
    </p>

    <p class='ocr_par' dir='ltr' id='par_1_4' title="bbox 323 1551 1369 1945">
     <span class='ocr_line' id='line_1_9' title="bbox 367 1551 1368 1638; baseline 0.001 -22"><span class='ocrx_word' id='word_1_64' title='bbox 367 1553 405 1617; x_wconf 89' lang='lat' dir='ltr'><strong>P.</strong></span> <span class='ocrx_word' id='word_1_65' title='bbox 423 1571 494 1638; x_wconf 82' lang='lat'><strong>293.</strong></span> <span class='ocrx_word' id='word_1_66' title='bbox 511 1552 531 1616; x_wconf 90' lang='lat' dir='ltr'><strong>l.</strong></span> <span class='ocrx_word' id='word_1_67' title='bbox 550 1555 598 1617; x_wconf 89' lang='lat'><strong>16.</strong></span> <span class='ocrx_word' id='word_1_68' title='bbox 624 1551 679 1616; x_wconf 76' lang='grc' dir='ltr'><strong>ἕνα</strong></span> <span class='ocrx_word' id='word_1_69' title='bbox 700 1558 759 1615; x_wconf 79' lang='grc' dir='ltr'><strong>τῶν</strong></span> <span class='ocrx_word' id='word_1_70' title='bbox 778 1552 877 1636; x_wconf 83' lang='grc' dir='ltr'>τριῶν]</span> <span class='ocrx_word' id='word_1_71' title='bbox 894 1553 969 1616; x_wconf 91' lang='grc' dir='ltr'><strong>Ηοο</strong></span> <span class='ocrx_word' id='word_1_72' title='bbox 984 1553 1098 1637; x_wconf 79' lang='lat' dir='ltr'>recepi,</span> <span class='ocrx_word' id='word_1_73' title='bbox 1114 1554 1199 1637; x_wconf 86' lang='lat' dir='ltr'><strong>qued</strong></span> <span class='ocrx_word' id='word_1_74' title='bbox 1214 1552 1368 1637; x_wconf 71' lang='lat' dir='ltr'><strong>placuisse</strong></span> 
     </span>
     <span class='ocr_line' id='line_1_10' title="bbox 324 1653 1368 1739; baseline -0.001 -19"><span class='ocrx_word' id='word_1_75' title='bbox 324 1655 448 1720; x_wconf 81' lang='lat' dir='ltr'><strong>videtur</strong></span> <span class='ocrx_word' id='word_1_76' title='bbox 473 1654 641 1732; x_wconf 86' lang='lat' dir='ltr'><strong>Turrieno‚</strong></span> <span class='ocrx_word' id='word_1_77' title='bbox 668 1654 835 1739; x_wconf 79' lang='lat' dir='ltr'><strong>epistolem</strong></span> <span class='ocrx_word' id='word_1_78' title='bbox 863 1653 978 1719; x_wconf 80' lang='lat' dir='ltr'><strong>Latine</strong></span> <span class='ocrx_word' id='word_1_79' title='bbox 1004 1655 1150 1728; x_wconf 85' lang='lat' dir='ltr'><strong>vertenti,</strong></span> <span class='ocrx_word' id='word_1_80' title='bbox 1177 1677 1236 1739; x_wconf 87' lang='lat' dir='ltr'><strong>pro</strong></span> <span class='ocrx_word' id='word_1_81' title='bbox 1262 1655 1368 1720; x_wconf 77' lang='grc' dir='ltr'>ἑκατὸν</span> 
     </span>
     <span class='ocr_line' id='line_1_11' title="bbox 323 1754 1369 1843; baseline -0.001 -21"><span class='ocrx_word' id='word_1_82' title='bbox 323 1764 421 1839; x_wconf 74' lang='grc' dir='ltr'>τριῶν,</span> <span class='ocrx_word' id='word_1_83' title='bbox 431 1758 525 1842; x_wconf 90' lang='lat' dir='ltr'><strong>idque</strong></span> <span class='ocrx_word' id='word_1_84' title='bbox 539 1757 581 1820; x_wconf 79' lang='lat' dir='ltr'><strong>ad</strong></span> <span class='ocrx_word' id='word_1_85' title='bbox 597 1778 697 1843; x_wconf 78' lang='lat' dir='ltr'><strong>marg.</strong></span> <span class='ocrx_word' id='word_1_86' title='bbox 711 1756 856 1821; x_wconf 63' lang='lat' dir='ltr'><strong>semare·</strong></span> <span class='ocrx_word' id='word_1_87' title='bbox 867 1754 1024 1821; x_wconf 76' lang='lat' dir='ltr'><strong>Decoeeni</strong></span> <span class='ocrx_word' id='word_1_88' title='bbox 1037 1756 1177 1840; x_wconf 88' lang='lat' dir='ltr'><strong>positum</strong></span> <span class='ocrx_word' id='word_1_89' title='bbox 1191 1767 1250 1821; x_wconf 83' lang='lat' dir='ltr'><strong>est.</strong></span> <span class='ocrx_word' id='word_1_90' title='bbox 1277 1756 1369 1821; x_wconf 71' lang='lat' dir='ltr'><strong>Intra</strong></span> 
     </span>
     <span class='ocr_line' id='line_1_12' title="bbox 324 1858 877 1945; baseline -0.004 -21"><span class='ocrx_word' id='word_1_91' title='bbox 324 1881 383 1944; x_wconf 82' lang='lat' dir='ltr'><strong>ego</strong></span> <span class='ocrx_word' id='word_1_92' title='bbox 399 1860 532 1940; x_wconf 74' lang='grc' dir='ltr'>Μαμβρῆ</span> <span class='ocrx_word' id='word_1_93' title='bbox 548 1880 606 1944; x_wconf 89' lang='lat' dir='ltr'><strong>pro</strong></span> <span class='ocrx_word' id='word_1_94' title='bbox 622 1861 730 1945; x_wconf 82' lang='grc' dir='ltr'>Μανρῇ</span> <span class='ocrx_word' id='word_1_95' title='bbox 745 1858 877 1922; x_wconf 77' lang='lat' dir='ltr'><strong>correxi.</strong></span> 
     </span>
    </p>

    <p class='ocr_par' dir='ltr' id='par_1_5' title="bbox 322 1960 1368 2332">
     <span class='ocr_line' id='line_1_13' title="bbox 367 1960 1368 2046; baseline -0.002 -20"><span class='ocrx_word' id='word_1_96' title='bbox 367 1963 405 2026; x_wconf 92' lang='lat' dir='ltr'><strong>P.</strong></span> <span class='ocrx_word' id='word_1_97' title='bbox 422 1979 495 2045; x_wconf 85' lang='lat'><strong>294.</strong></span> <span class='ocrx_word' id='word_1_98' title='bbox 515 1961 534 2024; x_wconf 94' lang='lat' dir='ltr'><strong>l.</strong></span> <span class='ocrx_word' id='word_1_99' title='bbox 555 1981 603 2046; x_wconf 83' lang='lat'><strong>13.</strong></span> <span class='ocrx_word' id='word_1_100' title='bbox 624 1962 673 2024; x_wconf 81' lang='grc' dir='ltr'><strong>καὶ</strong></span> <span class='ocrx_word' id='word_1_101' title='bbox 695 1960 842 2024; x_wconf 77' lang='grc' dir='ltr'>ἐκάλεσεν</span> <span class='ocrx_word' id='word_1_102' title='bbox 864 1960 955 2025; x_wconf 81' lang='grc' dir='ltr'>αὐτὸν</span> <span class='ocrx_word' id='word_1_103' title='bbox 977 1961 1108 2042; x_wconf 74' lang='grc' dir='ltr'>ἅγγελος</span> <span class='ocrx_word' id='word_1_104' title='bbox 1130 1960 1239 2040; x_wconf 80' lang='grc' dir='ltr'>Κυρίου</span> <span class='ocrx_word' id='word_1_105' title='bbox 1261 1962 1295 2024; x_wconf 68' lang='grc' dir='ltr'><strong>ἐκ</strong></span> <span class='ocrx_word' id='word_1_106' title='bbox 1316 1963 1368 2024; x_wconf 79' lang='grc' dir='ltr'><strong>τοῦ</strong></span> 
     </span>
     <span class='ocr_line' id='line_1_14' title="bbox 322 2061 1368 2148; baseline 0 -21"><span class='ocrx_word' id='word_1_107' title='bbox 322 2063 463 2148; x_wconf 74' lang='grc' dir='ltr'>οὐράνον]</span> <span class='ocrx_word' id='word_1_108' title='bbox 493 2064 575 2128; x_wconf 84' lang='lat' dir='ltr'><strong>Haee</strong></span> <span class='ocrx_word' id='word_1_109' title='bbox 600 2062 722 2127; x_wconf 83' lang='lat' dir='ltr'><strong>Graeeis</strong></span> <span class='ocrx_word' id='word_1_110' title='bbox 746 2084 829 2127; x_wconf 88' lang='lat' dir='ltr'><strong>nune</strong></span> <span class='ocrx_word' id='word_1_111' title='bbox 854 2062 977 2141; x_wconf 83' lang='lat' dir='ltr'><strong>eddidi,</strong></span> <span class='ocrx_word' id='word_1_112' title='bbox 1004 2061 1152 2127; x_wconf 85' lang='lat' dir='ltr'><strong>anrieni</strong></span> <span class='ocrx_word' id='word_1_113' title='bbox 1178 2062 1368 2148; x_wconf 78' lang='lat' dir='ltr'><strong>interprete-</strong></span> 
     </span>
     <span class='ocr_line' id='line_1_15' title="bbox 322 2162 1368 2249; baseline 0.001 -21"><span class='ocrx_word' id='word_1_114' title='bbox 322 2165 440 2229; x_wconf 88' lang='lat' dir='ltr'><strong>tionem</strong></span> <span class='ocrx_word' id='word_1_115' title='bbox 462 2173 600 2242; x_wconf 89' lang='lat' dir='ltr'><strong>seeutus,</strong></span> <span class='ocrx_word' id='word_1_116' title='bbox 623 2165 655 2229; x_wconf 91' lang='lat' dir='ltr'><strong>in</strong></span> <span class='ocrx_word' id='word_1_117' title='bbox 677 2186 741 2249; x_wconf 84' lang='lat' dir='ltr'><strong>que</strong></span> <span class='ocrx_word' id='word_1_118' title='bbox 756 2170 860 2240; x_wconf 83' lang='lat' dir='ltr'><strong>extet,</strong></span> <span class='ocrx_word' id='word_1_119' title='bbox 874 2162 920 2228; x_wconf 71' lang='lat' dir='ltr'><strong>Bt</strong></span> <span class='ocrx_word' id='word_1_120' title='bbox 940 2164 1057 2228; x_wconf 68' lang='lat' dir='ltr'><strong>vomeri</strong></span> <span class='ocrx_word' id='word_1_121' title='bbox 1076 2185 1143 2228; x_wconf 77' lang='lat' dir='ltr'><strong>eum</strong></span> <span class='ocrx_word' id='word_1_122' title='bbox 1161 2162 1285 2248; x_wconf 60' lang='lat' dir='ltr'><strong>auehe</strong></span> <span class='ocrx_word' id='word_1_123' title='bbox 1304 2165 1368 2229; x_wconf 86' lang='lat' dir='ltr'><strong>De·</strong></span> 
     </span>
     <span class='ocr_line' id='line_1_16' title="bbox 323 2267 547 2332; baseline 0.009 -2"><span class='ocrx_word' id='word_1_124' title='bbox 323 2269 403 2332; x_wconf 78' lang='lat' dir='ltr'><strong>mini</strong></span> <span class='ocrx_word' id='word_1_125' title='bbox 416 2268 453 2331; x_wconf 71' lang='lat' dir='ltr'><strong>do</strong></span> <span class='ocrx_word' id='word_1_126' title='bbox 466 2267 547 2332; x_wconf 77' lang='grc' dir='ltr'><strong>σσὶο.</strong></span> 
     </span>
    </p>

    <p class='ocr_par' dir='ltr' id='par_1_6' title="bbox 320 2366 1367 2758">
     <span class='ocr_line' id='line_1_17' title="bbox 367 2366 1367 2455; baseline -0.001 -21"><span class='ocrx_word' id='word_1_127' title='bbox 367 2370 404 2434; x_wconf 91' lang='grc' dir='ltr'><strong>Ρ.</strong></span> <span class='ocrx_word' id='word_1_128' title='bbox 425 2387 496 2455; x_wconf 81' lang='grc'><strong>295.</strong></span> <span class='ocrx_word' id='word_1_129' title='bbox 521 2370 541 2434; x_wconf 92' lang='lat' dir='ltr'><strong>l.</strong></span> <span class='ocrx_word' id='word_1_130' title='bbox 561 2389 609 2433; x_wconf 91' lang='lat'><strong>10.</strong></span> <span class='ocrx_word' id='word_1_131' title='bbox 633 2370 791 2450; x_wconf 67' lang='lat' dir='ltr'><strong>liutpertus</strong></span> <span class='ocrx_word' id='word_1_132' title='bbox 813 2370 845 2431; x_wconf 71' lang='grc' dir='ltr'><strong>δὲ</strong></span> <span class='ocrx_word' id='word_1_133' title='bbox 868 2367 921 2432; x_wconf 83' lang='grc' dir='ltr'><strong>τὸν</strong></span> <span class='ocrx_word' id='word_1_134' title='bbox 940 2366 1222 2453; x_wconf 67' lang='grc' dir='ltr'>προγεγραμμένον]</span> <span class='ocrx_word' id='word_1_135' title='bbox 1247 2369 1312 2432; x_wconf 85' lang='lat' dir='ltr'><strong>Pro</strong></span> <span class='ocrx_word' id='word_1_136' title='bbox 1334 2371 1367 2433; x_wconf 68' lang='lat' dir='ltr'><strong>te</strong></span> 
     </span>
     <span class='ocr_line' id='line_1_18' title="bbox 321 2469 1367 2556; baseline -0.001 -21"><span class='ocrx_word' id='word_1_137' title='bbox 321 2473 374 2537; x_wconf 84' lang='grc' dir='ltr'><strong>τὸν</strong></span> <span class='ocrx_word' id='word_1_138' title='bbox 396 2473 526 2538; x_wconf 77' lang='lat' dir='ltr'>exhibet</span> <span class='ocrx_word' id='word_1_139' title='bbox 546 2473 633 2535; x_wconf 83' lang='grc' dir='ltr'>τόνδε</span> <span class='ocrx_word' id='word_1_140' title='bbox 655 2493 777 2556; x_wconf 83' lang='lat' dir='ltr'><strong>mergo,</strong></span> <span class='ocrx_word' id='word_1_141' title='bbox 797 2471 892 2534; x_wconf 86' lang='lat' dir='ltr'><strong>verbo</strong></span> <span class='ocrx_word' id='word_1_142' title='bbox 914 2469 1046 2551; x_wconf 76' lang='grc' dir='ltr'>λέγομεν</span> <span class='ocrx_word' id='word_1_143' title='bbox 1068 2469 1196 2547; x_wconf 86' lang='lat' dir='ltr'><strong>omisso,</strong></span> <span class='ocrx_word' id='word_1_144' title='bbox 1215 2471 1272 2534; x_wconf 88' lang='lat' dir='ltr'><strong>sed</strong></span> <span class='ocrx_word' id='word_1_145' title='bbox 1293 2471 1367 2534; x_wconf 80' lang='grc' dir='ltr'>ὄντα</span> 
     </span>
     <span class='ocr_line' id='line_1_19' title="bbox 320 2569 1365 2655; baseline -0.004 -18"><span class='ocrx_word' id='word_1_146' title='bbox 320 2573 371 2637; x_wconf 86' lang='lat' dir='ltr'><strong>hie</strong></span> <span class='ocrx_word' id='word_1_147' title='bbox 392 2582 442 2638; x_wconf 87' lang='lat' dir='ltr'><strong>est</strong></span> <span class='ocrx_word' id='word_1_148' title='bbox 464 2574 531 2638; x_wconf 75' lang='grc' dir='ltr'>ἀντὶ</span> <span class='ocrx_word' id='word_1_149' title='bbox 552 2578 604 2636; x_wconf 84' lang='grc' dir='ltr'><strong>τοῦ</strong></span> <span class='ocrx_word' id='word_1_150' title='bbox 628 2572 713 2635; x_wconf 77' lang='grc' dir='ltr'>εἶναι.</span> <span class='ocrx_word' id='word_1_151' title='bbox 760 2571 839 2635; x_wconf 83' lang='lat' dir='ltr'><strong>Mox</strong></span> <span class='ocrx_word' id='word_1_152' title='bbox 861 2569 995 2652; x_wconf 74' lang='grc' dir='ltr'>παρίστη</span> <span class='ocrx_word' id='word_1_153' title='bbox 1015 2593 1073 2655; x_wconf 90' lang='lat' dir='ltr'><strong>pro</strong></span> <span class='ocrx_word' id='word_1_154' title='bbox 1093 2571 1220 2652; x_wconf 76' lang='grc' dir='ltr'>πάρεστι</span> <span class='ocrx_word' id='word_1_155' title='bbox 1238 2594 1278 2636; x_wconf 85' lang='lat' dir='ltr'><strong>ex</strong></span> <span class='ocrx_word' id='word_1_156' title='bbox 1293 2594 1365 2634; x_wconf 79' lang='lat' dir='ltr'><strong>nxx.</strong></span> 
     </span>
     <span class='ocr_line' id='line_1_20' title="bbox 321 2693 456 2758; baseline 0 -21"><span class='ocrx_word' id='word_1_157' title='bbox 321 2693 456 2758; x_wconf 78' lang='lat' dir='ltr'><strong>reposui.</strong></span> 
     </span>
    </p>

    <p class='ocr_par' dir='ltr' id='par_1_7' title="bbox 365 2772 1357 2860">
     <span class='ocr_line' id='line_1_21' title="bbox 365 2772 1357 2860; baseline -0.001 -20"><span class='ocrx_word' id='word_1_158' title='bbox 365 2774 446 2840; x_wconf 90' lang='lat' dir='ltr'><strong>Ibid.</strong></span> <span class='ocrx_word' id='word_1_159' title='bbox 462 2776 482 2841; x_wconf 90' lang='lat' dir='ltr'><strong>l.</strong></span> <span class='ocrx_word' id='word_1_160' title='bbox 503 2794 550 2858; x_wconf 88' lang='lat'><strong>17.</strong></span> <span class='ocrx_word' id='word_1_161' title='bbox 566 2778 600 2839; x_wconf 78' lang='grc' dir='ltr'><strong>ἐν</strong></span> <span class='ocrx_word' id='word_1_162' title='bbox 614 2774 717 2860; x_wconf 80' lang='grc' dir='ltr'>χερσὶ]</span> <span class='ocrx_word' id='word_1_163' title='bbox 734 2777 768 2838; x_wconf 78' lang='grc' dir='ltr'><strong>ἐν</strong></span> <span class='ocrx_word' id='word_1_164' title='bbox 781 2775 860 2858; x_wconf 85' lang='grc' dir='ltr'>χειρὶ</span> <span class='ocrx_word' id='word_1_165' title='bbox 876 2777 973 2839; x_wconf 80' lang='lat' dir='ltr'><strong>Seeer</strong></span> <span class='ocrx_word' id='word_1_166' title='bbox 988 2773 1110 2838; x_wconf 82' lang='lat' dir='ltr'><strong>Textus</strong></span> <span class='ocrx_word' id='word_1_167' title='bbox 1124 2780 1158 2838; x_wconf 84' lang='lat' dir='ltr'><strong>et</strong></span> <span class='ocrx_word' id='word_1_168' title='bbox 1173 2772 1357 2839; x_wconf 83' lang='lat' dir='ltr'><strong>Turrienus.</strong></span> 
     </span>
    </p>

    <p class='ocr_par' dir='ltr' id='par_1_8' title="bbox 321 2877 1367 3148">
     <span class='ocr_line' id='line_1_22' title="bbox 365 2877 1367 2963; baseline 0.002 -21"><span class='ocrx_word' id='word_1_169' title='bbox 365 2878 402 2943; x_wconf 92' lang='lat' dir='ltr'><strong>P.</strong></span> <span class='ocrx_word' id='word_1_170' title='bbox 422 2898 493 2962; x_wconf 84' lang='lat'><strong>297.</strong></span> <span class='ocrx_word' id='word_1_171' title='bbox 509 2879 529 2943; x_wconf 94' lang='grc' dir='ltr'><strong>Ι.</strong></span> <span class='ocrx_word' id='word_1_172' title='bbox 546 2883 575 2942; x_wconf 85' lang='grc'><strong>8.</strong></span> <span class='ocrx_word' id='word_1_173' title='bbox 595 2882 676 2960; x_wconf 82' lang='grc' dir='ltr'>παρὰ</span> <span class='ocrx_word' id='word_1_174' title='bbox 695 2885 748 2942; x_wconf 86' lang='grc' dir='ltr'><strong>τοῦ</strong></span> <span class='ocrx_word' id='word_1_175' title='bbox 766 2879 888 2963; x_wconf 80' lang='grc' dir='ltr'>πατρὸς]</span> <span class='ocrx_word' id='word_1_176' title='bbox 906 2877 1041 2944; x_wconf 77' lang='lat' dir='ltr'><strong>Habent</strong></span> <span class='ocrx_word' id='word_1_177' title='bbox 1055 2878 1248 2963; x_wconf 72' lang='lat' dir='ltr'><strong>exemplaris</strong></span> <span class='ocrx_word' id='word_1_178' title='bbox 1260 2878 1367 2944; x_wconf 79' lang='lat' dir='ltr'><strong>omnis</strong></span> 
     </span>
     <span class='ocr_line' id='line_1_23' title="bbox 322 2979 1367 3066; baseline 0.001 -21"><span class='ocrx_word' id='word_1_179' title='bbox 322 2982 406 3046; x_wconf 75' lang='lat' dir='ltr'><strong>Novi</strong></span> <span class='ocrx_word' id='word_1_180' title='bbox 430 2983 510 3046; x_wconf 66' lang='lat' dir='ltr'><strong>Tae.</strong></span> <span class='ocrx_word' id='word_1_181' title='bbox 533 2984 614 3062; x_wconf 78' lang='grc' dir='ltr'>παρὰ</span> <span class='ocrx_word' id='word_1_182' title='bbox 635 2986 687 3043; x_wconf 83' lang='grc' dir='ltr'><strong>τοῦ</strong></span> <span class='ocrx_word' id='word_1_183' title='bbox 710 2985 802 3046; x_wconf 84' lang='grc' dir='ltr'>Θεοῦ.</span> <span class='ocrx_word' id='word_1_184' title='bbox 851 2981 964 3047; x_wconf 78' lang='lat' dir='ltr'><strong>Habet</strong></span> <span class='ocrx_word' id='word_1_185' title='bbox 987 2988 1020 3046; x_wconf 89' lang='lat' dir='ltr'><strong>et</strong></span> <span class='ocrx_word' id='word_1_186' title='bbox 1043 2979 1186 3065; x_wconf 81' lang='lat' dir='ltr'><strong>epistelae</strong></span> <span class='ocrx_word' id='word_1_187' title='bbox 1211 2982 1367 3066; x_wconf 84' lang='lat' dir='ltr'><strong>interpres</strong></span> 
     </span>
     <span class='ocr_line' id='line_1_24' title="bbox 321 3083 1224 3148; baseline 0.001 -1"><span class='ocrx_word' id='word_1_188' title='bbox 321 3083 508 3148; x_wconf 82' lang='lat' dir='ltr'><strong>Turrisnus.</strong></span> <span class='ocrx_word' id='word_1_189' title='bbox 1220 3133 1224 3140; x_wconf 81' lang='grc'><strong>.</strong></span> 
     </span>
    </p>

    <p class='ocr_par' dir='ltr' id='par_1_9' title="bbox 321 3183 1367 3578">
     <span class='ocr_line' id='line_1_25' title="bbox 365 3183 1367 3270; baseline 0 -21"><span class='ocrx_word' id='word_1_190' title='bbox 365 3185 552 3250; x_wconf 86' lang='lat' dir='ltr'><strong>Ibid.l.16.</strong></span> <span class='ocrx_word' id='word_1_191' title='bbox 573 3185 638 3248; x_wconf 89' lang='grc' dir='ltr'><strong>Τὸν</strong></span> <span class='ocrx_word' id='word_1_192' title='bbox 659 3187 691 3247; x_wconf 73' lang='grc' dir='ltr'><strong>δὲ</strong></span> <span class='ocrx_word' id='word_1_193' title='bbox 713 3185 778 3248; x_wconf 78' lang='grc' dir='ltr'>υἱὸν</span> <span class='ocrx_word' id='word_1_194' title='bbox 802 3183 875 3270; x_wconf 78' lang='lat' dir='ltr'><strong>tre]</strong></span> <span class='ocrx_word' id='word_1_195' title='bbox 900 3184 959 3249; x_wconf 75' lang='lat' dir='ltr'><strong>vel</strong></span> <span class='ocrx_word' id='word_1_196' title='bbox 981 3186 1233 3250; x_wconf 81' lang='lat' dir='ltr'><strong>subaudiendum</strong></span> <span class='ocrx_word' id='word_1_197' title='bbox 1254 3194 1305 3251; x_wconf 88' lang='lat' dir='ltr'><strong>est</strong></span> <span class='ocrx_word' id='word_1_198' title='bbox 1326 3208 1367 3251; x_wconf 83' lang='lat' dir='ltr'><strong>ex</strong></span> 
     </span>
     <span class='ocr_line' id='line_1_26' title="bbox 321 3286 1366 3367; baseline -0.001 -14"><span class='ocrx_word' id='word_1_199' title='bbox 321 3287 583 3353; x_wconf 73' lang='lat' dir='ltr'><strong>antecedentibus</strong></span> <span class='ocrx_word' id='word_1_200' title='bbox 603 3287 735 3351; x_wconf 84' lang='lat' dir='ltr'><strong>verbum</strong></span> <span class='ocrx_word' id='word_1_201' title='bbox 756 3286 898 3367; x_wconf 80' lang='grc' dir='ltr'>λέγομεν,</span> <span class='ocrx_word' id='word_1_202' title='bbox 919 3287 969 3351; x_wconf 82' lang='lat' dir='ltr'><strong>vel</strong></span> <span class='ocrx_word' id='word_1_203' title='bbox 990 3290 1181 3367; x_wconf 76' lang='grc' dir='ltr'>πιστεύομεν.</span> <span class='ocrx_word' id='word_1_204' title='bbox 1220 3288 1289 3352; x_wconf 81' lang='lat' dir='ltr'><strong>Aut</strong></span> <span class='ocrx_word' id='word_1_205' title='bbox 1310 3289 1366 3352; x_wconf 83' lang='lat' dir='ltr'><strong>ed·</strong></span> 
     </span>
     <span class='ocr_line' id='line_1_27' title="bbox 321 3388 1363 3472; baseline -0.003 -18"><span class='ocrx_word' id='word_1_206' title='bbox 321 3391 459 3454; x_wconf 73' lang='lat' dir='ltr'><strong>dandum</strong></span> <span class='ocrx_word' id='word_1_207' title='bbox 476 3391 577 3471; x_wconf 83' lang='grc' dir='ltr'>φαμὶν</span> <span class='ocrx_word' id='word_1_208' title='bbox 590 3397 667 3453; x_wconf 78' lang='lat' dir='ltr'><strong>ante</strong></span> <span class='ocrx_word' id='word_1_209' title='bbox 681 3389 811 3452; x_wconf 86' lang='lat' dir='ltr'><strong>verbum</strong></span> <span class='ocrx_word' id='word_1_210' title='bbox 829 3389 1097 3468; x_wconf 75' lang='grc' dir='ltr'>ἐνανθρωπηκέναι.</span> <span class='ocrx_word' id='word_1_211' title='bbox 1136 3388 1226 3453; x_wconf 76' lang='lat' dir='ltr'><strong>cons.</strong></span> <span class='ocrx_word' id='word_1_212' title='bbox 1241 3411 1273 3472; x_wconf 90' lang='lat' dir='ltr'><strong>p.</strong></span> <span class='ocrx_word' id='word_1_213' title='bbox 1292 3407 1363 3472; x_wconf 79' lang='lat'><strong>295.</strong></span> 
     </span>
     <span class='ocr_line' id='line_1_28' title="bbox 322 3493 410 3578; baseline 0.011 -22"><span class='ocrx_word' id='word_1_214' title='bbox 322 3493 342 3557; x_wconf 89' lang='grc'><strong>1.</strong></span> <span class='ocrx_word' id='word_1_215' title='bbox 362 3513 410 3578; x_wconf 82' lang='lat'><strong>¹3·</strong></span> 
     </span>
    </p>

    <p class='ocr_par' dir='ltr' id='par_1_10' title="bbox 320 3591 1366 3881">
     <span class='ocr_line' id='line_1_29' title="bbox 363 3591 1366 3679; baseline -0.003 -19"><span class='ocrx_word' id='word_1_216' title='bbox 363 3595 401 3659; x_wconf 82' lang='lat' dir='ltr'><strong>P.</strong></span> <span class='ocrx_word' id='word_1_217' title='bbox 418 3596 490 3679; x_wconf 89' lang='grc'><strong>298.</strong></span> <span class='ocrx_word' id='word_1_218' title='bbox 506 3593 527 3657; x_wconf 89' lang='lat' dir='ltr'><strong>l.</strong></span> <span class='ocrx_word' id='word_1_219' title='bbox 544 3610 572 3674; x_wconf 90' lang='lat'><strong>7.</strong></span> <span class='ocrx_word' id='word_1_220' title='bbox 595 3593 728 3659; x_wconf 78' lang='grc' dir='ltr'>κενώσας</span> <span class='ocrx_word' id='word_1_221' title='bbox 743 3593 850 3656; x_wconf 79' lang='grc' dir='ltr'>ἑαυτὸν</span> <span class='ocrx_word' id='word_1_222' title='bbox 865 3593 924 3657; x_wconf 77' lang='grc' dir='ltr'><strong>ἀπὸ</strong></span> <span class='ocrx_word' id='word_1_223' title='bbox 939 3598 992 3656; x_wconf 83' lang='grc' dir='ltr'><strong>τοῦ</strong></span> <span class='ocrx_word' id='word_1_224' title='bbox 1007 3591 1083 3656; x_wconf 80' lang='grc' dir='ltr'>εἶναι</span> <span class='ocrx_word' id='word_1_225' title='bbox 1098 3592 1151 3656; x_wconf 81' lang='grc' dir='ltr'><strong>ἶσα</strong></span> <span class='ocrx_word' id='word_1_226' title='bbox 1167 3597 1251 3679; x_wconf 74' lang='grc' dir='ltr'>Θεῷ]</span> <span class='ocrx_word' id='word_1_227' title='bbox 1273 3592 1366 3657; x_wconf 86' lang='lat' dir='ltr'><strong>Vide·</strong></span> 
     </span>
     <span class='ocr_line' id='line_1_30' title="bbox 320 3692 1366 3781; baseline -0.002 -21"><span class='ocrx_word' id='word_1_228' title='bbox 320 3697 364 3760; x_wconf 89' lang='lat' dir='ltr'><strong>sis</strong></span> <span class='ocrx_word' id='word_1_229' title='bbox 378 3718 448 3780; x_wconf 86' lang='lat' dir='ltr'><strong>quae</strong></span> <span class='ocrx_word' id='word_1_230' title='bbox 462 3716 559 3779; x_wconf 80' lang='lat' dir='ltr'><strong>supra</strong></span> <span class='ocrx_word' id='word_1_231' title='bbox 577 3695 619 3758; x_wconf 85' lang='lat' dir='ltr'><strong>ed</strong></span> <span class='ocrx_word' id='word_1_232' title='bbox 637 3693 741 3756; x_wconf 69' lang='grc' dir='ltr'>Ενιεσ.</span> <span class='ocrx_word' id='word_1_233' title='bbox 759 3692 855 3757; x_wconf 78' lang='lat' dir='ltr'><strong>Vnnr.</strong></span> <span class='ocrx_word' id='word_1_234' title='bbox 872 3717 908 3757; x_wconf 83' lang='grc' dir='ltr'><strong>ιτι</strong></span> <span class='ocrx_word' id='word_1_235' title='bbox 924 3696 1026 3759; x_wconf 84' lang='lat' dir='ltr'><strong>Lnen.</strong></span> <span class='ocrx_word' id='word_1_236' title='bbox 1043 3694 1083 3758; x_wconf 89' lang='lat' dir='ltr'><strong>de</strong></span> <span class='ocrx_word' id='word_1_237' title='bbox 1098 3694 1197 3760; x_wconf 88' lang='lat' dir='ltr'><strong>veteri</strong></span> <span class='ocrx_word' id='word_1_238' title='bbox 1212 3695 1366 3781; x_wconf 86' lang='lat' dir='ltr'><strong>interpre-</strong></span> 
     </span>
     <span class='ocr_line' id='line_1_31' title="bbox 321 3796 1082 3881; baseline -0.008 -17"><span class='ocrx_word' id='word_1_239' title='bbox 321 3799 443 3864; x_wconf 77' lang='lat' dir='ltr'><strong>tatione</strong></span> <span class='ocrx_word' id='word_1_240' title='bbox 458 3797 552 3881; x_wconf 88' lang='lat' dir='ltr'><strong>hujus</strong></span> <span class='ocrx_word' id='word_1_241' title='bbox 566 3796 733 3861; x_wconf 83' lang='lat' dir='ltr'><strong>eommetis</strong></span> <span class='ocrx_word' id='word_1_242' title='bbox 748 3796 826 3873; x_wconf 85' lang='lat' dir='ltr'>dixi,</span> <span class='ocrx_word' id='word_1_243' title='bbox 841 3797 902 3861; x_wconf 90' lang='lat' dir='ltr'><strong>vol.</strong></span> <span class='ocrx_word' id='word_1_244' title='bbox 919 3796 945 3860; x_wconf 94' lang='lat'><strong>1.</strong></span> <span class='ocrx_word' id='word_1_245' title='bbox 961 3820 992 3881; x_wconf 92' lang='lat' dir='ltr'><strong>p.</strong></span> <span class='ocrx_word' id='word_1_246' title='bbox 1008 3800 1082 3880; x_wconf 83' lang='lat'><strong>364.</strong></span> 
     </span>
    </p>

    <p class='ocr_par' dir='ltr' id='par_1_11' title="bbox 320 3898 1366 4088">
     <span class='ocr_line' id='line_1_32' title="bbox 365 3898 1366 3986; baseline 0.002 -23"><span class='ocrx_word' id='word_1_247' title='bbox 365 3900 446 3964; x_wconf 88' lang='lat' dir='ltr'><strong>lbid.</strong></span> <span class='ocrx_word' id='word_1_248' title='bbox 463 3899 483 3963; x_wconf 84' lang='lat' dir='ltr'><strong>i.</strong></span> <span class='ocrx_word' id='word_1_249' title='bbox 504 3920 553 3963; x_wconf 78' lang='grc' dir='ltr'><strong>ιι.</strong></span> <span class='ocrx_word' id='word_1_250' title='bbox 572 3900 606 3963; x_wconf 85' lang='grc' dir='ltr'><strong>τὸ</strong></span> <span class='ocrx_word' id='word_1_251' title='bbox 620 3900 930 3986; x_wconf 71' lang='grc' dir='ltr'>δέ-ντεπειρομένον]</span> <span class='ocrx_word' id='word_1_252' title='bbox 949 3899 1145 3963; x_wconf 84' lang='lat' dir='ltr'><strong>Turrienum</strong></span> <span class='ocrx_word' id='word_1_253' title='bbox 1160 3908 1289 3964; x_wconf 76' lang='lat' dir='ltr'><strong>secutus</strong></span> <span class='ocrx_word' id='word_1_254' title='bbox 1305 3898 1366 3964; x_wconf 79' lang='lat' dir='ltr'><strong>Le·</strong></span> 
     </span>
     <span class='ocr_line' id='line_1_33' title="bbox 320 4001 1139 4088; baseline -0.005 -20"><span class='ocrx_word' id='word_1_255' title='bbox 320 4004 386 4068; x_wconf 85' lang='lat' dir='ltr'><strong>tine</strong></span> <span class='ocrx_word' id='word_1_256' title='bbox 401 4004 665 4087; x_wconf 73' lang='lat' dir='ltr'><strong>interpretantem</strong></span> <span class='ocrx_word' id='word_1_257' title='bbox 680 4002 750 4088; x_wconf 84' lang='lat' dir='ltr'><strong>lego</strong></span> <span class='ocrx_word' id='word_1_258' title='bbox 765 4003 804 4087; x_wconf 76' lang='grc' dir='ltr'><strong>τῷ</strong></span> <span class='ocrx_word' id='word_1_259' title='bbox 820 4003 852 4064; x_wconf 73' lang='grc' dir='ltr'><strong>δὲ</strong></span> <span class='ocrx_word' id='word_1_260' title='bbox 868 4009 901 4066; x_wconf 83' lang='lat' dir='ltr'><strong>et</strong></span> <span class='ocrx_word' id='word_1_261' title='bbox 915 4001 1139 4082; x_wconf 75' lang='grc' dir='ltr'>πεπειραμένοι.</span> 
     </span>
    </p>

    <p class='ocr_par' dir='ltr' id='par_1_12' title="bbox 319 4102 1366 4398">
     <span class='ocr_line' id='line_1_34' title="bbox 364 4102 1366 4190; baseline -0.007 -20"><span class='ocrx_word' id='word_1_262' title='bbox 364 4107 446 4171; x_wconf 90' lang='lat' dir='ltr'><strong>Ibid.</strong></span> <span class='ocrx_word' id='word_1_263' title='bbox 461 4106 480 4169; x_wconf 91' lang='grc'><strong>1.</strong></span> <span class='ocrx_word' id='word_1_264' title='bbox 493 4126 540 4185; x_wconf 88' lang='grc'><strong>14.</strong></span> <span class='ocrx_word' id='word_1_265' title='bbox 557 4107 595 4172; x_wconf 77' lang='grc' dir='ltr'><strong>ὡς</strong></span> <span class='ocrx_word' id='word_1_266' title='bbox 610 4104 664 4190; x_wconf 76' lang='grc' dir='ltr'>εἴς]</span> <span class='ocrx_word' id='word_1_267' title='bbox 678 4105 751 4169; x_wconf 85' lang='grc' dir='ltr'><strong>Ηοο</strong></span> <span class='ocrx_word' id='word_1_268' title='bbox 767 4113 826 4181; x_wconf 87' lang='lat' dir='ltr'><strong>est,</strong></span> <span class='ocrx_word' id='word_1_269' title='bbox 839 4103 987 4169; x_wconf 80' lang='lat' dir='ltr'><strong>Christus</strong></span> <span class='ocrx_word' id='word_1_270' title='bbox 997 4105 1029 4167; x_wconf 89' lang='lat' dir='ltr'><strong>in</strong></span> <span class='ocrx_word' id='word_1_271' title='bbox 1041 4102 1148 4167; x_wconf 88' lang='lat' dir='ltr'><strong>Veteri</strong></span> <span class='ocrx_word' id='word_1_272' title='bbox 1158 4103 1366 4166; x_wconf 77' lang='lat' dir='ltr'><strong>Testamento</strong></span> 
     </span>
     <span class='ocr_line' id='line_1_35' title="bbox 319 4204 1364 4292; baseline -0.01 -17"><span class='ocrx_word' id='word_1_273' title='bbox 319 4231 401 4275; x_wconf 84' lang='lat' dir='ltr'><strong>unns</strong></span> <span class='ocrx_word' id='word_1_274' title='bbox 415 4217 450 4274; x_wconf 92' lang='lat' dir='ltr'><strong>et</strong></span> <span class='ocrx_word' id='word_1_275' title='bbox 463 4209 547 4273; x_wconf 89' lang='lat' dir='ltr'><strong>idem</strong></span> <span class='ocrx_word' id='word_1_276' title='bbox 562 4215 638 4273; x_wconf 84' lang='lat' dir='ltr'><strong>ente</strong></span> <span class='ocrx_word' id='word_1_277' title='bbox 652 4206 902 4273; x_wconf 81' lang='lat' dir='ltr'><strong>ineernetionem</strong></span> <span class='ocrx_word' id='word_1_278' title='bbox 916 4207 985 4292; x_wconf 83' lang='lat' dir='ltr'><strong>ejus</strong></span> <span class='ocrx_word' id='word_1_279' title='bbox 999 4205 1145 4271; x_wconf 78' lang='lat' dir='ltr'><strong>extitisse</strong></span> <span class='ocrx_word' id='word_1_280' title='bbox 1160 4204 1364 4290; x_wconf 65' lang='lat' dir='ltr'><strong>praedicetur,</strong></span> 
     </span>
     <span class='ocr_line' id='line_1_36' title="bbox 320 4304 1366 4398; baseline -0.01 -22"><span class='ocrx_word' id='word_1_281' title='bbox 320 4313 478 4398; x_wconf 89' lang='lat' dir='ltr'><strong>quemodo</strong></span> <span class='ocrx_word' id='word_1_282' title='bbox 497 4317 610 4395; x_wconf 83' lang='lat' dir='ltr'><strong>postes</strong></span> <span class='ocrx_word' id='word_1_283' title='bbox 629 4310 750 4387; x_wconf 88' lang='lat' dir='ltr'><strong>extitit,</strong></span> <span class='ocrx_word' id='word_1_284' title='bbox 764 4331 829 4373; x_wconf 82' lang='lat' dir='ltr'><strong>nna</strong></span> <span class='ocrx_word' id='word_1_285' title='bbox 851 4330 977 4394; x_wconf 86' lang='lat' dir='ltr'><strong>semper</strong></span> <span class='ocrx_word' id='word_1_286' title='bbox 996 4328 1143 4393; x_wconf 83' lang='lat' dir='ltr'><strong>persone,</strong></span> <span class='ocrx_word' id='word_1_287' title='bbox 1156 4327 1252 4391; x_wconf 81' lang='lat' dir='ltr'><strong>quam</strong></span> <span class='ocrx_word' id='word_1_288' title='bbox 1270 4304 1366 4389; x_wconf 84' lang='lat' dir='ltr'><strong>impie</strong></span> 
     </span>
    </p>
   </div>
   <div class='ocr_carea' id='block_1_3' title="bbox 318 4410 1367 4780">
    <p class='ocr_par' dir='ltr' id='par_1_13' title="bbox 318 4410 1367 4780">
     <span class='ocr_line' id='line_1_37' title="bbox 320 4410 880 4500; baseline -0.009 -22"><span class='ocrx_word' id='word_1_289' title='bbox 320 4413 492 4500; x_wconf 74' lang='lat' dir='ltr'><strong>separabat</strong></span> <span class='ocrx_word' id='word_1_290' title='bbox 507 4411 627 4477; x_wconf 77' lang='lat' dir='ltr'><strong>Paulus</strong></span> <span class='ocrx_word' id='word_1_291' title='bbox 642 4410 880 4476; x_wconf 76' lang='lat' dir='ltr'><strong>samosatenus.</strong></span> 
     </span>
     <span class='ocr_line' id='line_1_38' title="bbox 364 4511 1365 4599; baseline -0.006 -21"><span class='ocrx_word' id='word_1_292' title='bbox 364 4516 401 4579; x_wconf 89' lang='lat' dir='ltr'><strong>P.</strong></span> <span class='ocrx_word' id='word_1_293' title='bbox 424 4534 496 4599; x_wconf 84' lang='grc'><strong>299.</strong></span> <span class='ocrx_word' id='word_1_294' title='bbox 517 4513 606 4578; x_wconf 74' lang='lat' dir='ltr'><strong>tlt.</strong></span> <span class='ocrx_word' id='word_1_295' title='bbox 629 4518 664 4593; x_wconf 78' lang='grc' dir='ltr'><strong>η]</strong></span> <span class='ocrx_word' id='word_1_296' title='bbox 689 4513 788 4598; x_wconf 69' lang='lat' dir='ltr'><strong>niele]</strong></span> <span class='ocrx_word' id='word_1_297' title='bbox 809 4512 912 4577; x_wconf 83' lang='lat' dir='ltr'><strong>Voees</strong></span> <span class='ocrx_word' id='word_1_298' title='bbox 936 4513 1024 4575; x_wconf 81' lang='grc' dir='ltr'>σι’νσίο</span> <span class='ocrx_word' id='word_1_299' title='bbox 1045 4517 1079 4574; x_wconf 84' lang='lat' dir='ltr'><strong>et</strong></span> <span class='ocrx_word' id='word_1_300' title='bbox 1101 4511 1192 4590; x_wconf 79' lang='grc' dir='ltr'>φύσις</span> <span class='ocrx_word' id='word_1_301' title='bbox 1214 4529 1273 4593; x_wconf 85' lang='lat' dir='ltr'><strong>pro</strong></span> <span class='ocrx_word' id='word_1_302' title='bbox 1294 4511 1365 4572; x_wconf 77' lang='grc' dir='ltr'>ὑπο·</span> 
     </span>
     <span class='ocr_line' id='line_1_39' title="bbox 318 4610 1367 4704; baseline -0.009 -21"><span class='ocrx_word' id='word_1_303' title='bbox 318 4616 426 4683; x_wconf 66' lang='grc' dir='ltr'>στάσει</span> <span class='ocrx_word' id='word_1_304' title='bbox 444 4639 578 4704; x_wconf 71' lang='lat' dir='ltr'><strong>persone</strong></span> <span class='ocrx_word' id='word_1_305' title='bbox 604 4615 776 4681; x_wconf 59' lang='lat' dir='ltr'><strong>absistente</strong></span> <span class='ocrx_word' id='word_1_306' title='bbox 800 4621 925 4679; x_wconf 84' lang='lat' dir='ltr'><strong>veteres</strong></span> <span class='ocrx_word' id='word_1_307' title='bbox 950 4613 1111 4678; x_wconf 85' lang='lat' dir='ltr'><strong>interdum</strong></span> <span class='ocrx_word' id='word_1_308' title='bbox 1137 4610 1301 4687; x_wconf 72' lang='lat' dir='ltr'><strong>adhibent,</strong></span> <span class='ocrx_word' id='word_1_309' title='bbox 1328 4618 1367 4674; x_wconf 83' lang='lat' dir='ltr'><strong>ut</strong></span> 
     </span>
     <span class='ocr_line' id='line_1_40' title="bbox 805 4722 889 4780; baseline 0.048 -4"><span class='ocrx_word' id='word_1_310' title='bbox 805 4738 824 4776; x_wconf 80' lang='lat' dir='ltr'><strong>r</strong></span> <span class='ocrx_word' id='word_1_311' title='bbox 839 4722 854 4779; x_wconf 92' lang='lat' dir='ltr'><strong>t</strong></span> <span class='ocrx_word' id='word_1_312' title='bbox 872 4737 889 4780; x_wconf 89' lang='lat'><em>2</em></span> 
     </span>
    </p>
   </div>
   <div class='ocr_carea' id='block_1_4' title="bbox 0 0 1854 5667">
    <p class='ocr_par' dir='ltr' id='par_1_14' title="bbox 0 0 1854 5667">
     <span class='ocr_line' id='line_1_41' title="bbox 0 0 1854 5667; baseline 0 1"><span class='ocrx_word' id='word_1_313' title='bbox 0 0 1854 5667; x_wconf 95' lang='lat' dir='ltr'><strong> </strong></span> 
     </span>
    </p>
   </div>
  </div>
 </body>
</html>
