3700 5667
394 646 460 708 800
670 646 918 723 RELIQUIAE
946 647 1123 709 SACRAE.

804 1003 875 1073 Ex
902 1003 1051 1075 Aouls

396 1232 449 1287 DE
467 1232 594 1287 PAULO
615 1232 883 1289 SAMOSATENSI
903 1233 945 1289 IN
964 1233 1220 1290 ΑΝΤΙΟΟΗΕΝΟ
1241 1232 1448 1290 CONCILIO:

857 1431 927 1479 ειν,
944 1432 987 1469 ux

435 1588 722 1646 DISPUTATIONE
741 1591 859 1648 INTER
877 1593 1038 1650 PAULUM
1058 1592 1108 1648 Ac
1126 1592 1404 1649 MALCHIONEM.

906 1795 934 1857 1.
1457 1826 1475 1884 s

450 1922 635 2016 Συνῆλθεν
661 1919 681 1996 ό
707 1916 827 2020 Λόγος
855 1927 906 2027 τῷ
934 1923 973 1999 ἐκ
1001 1922 1124 2015 Δαβὶδ
1149 1919 1384 2027 γεγενημένῳ,
1403 1919 1445 2003 ὅς

392 2056 493 2134 ἐστιν
522 2057 668 2152 Ἰησοῦς
701 2052 873 2159 Χριστὸς,
905 2058 925 2134 ὀ
956 2060 1137 2158 γεννηθεὶς
1170 2059 1208 2135 ἐκ
1242 2055 1443 2154 πνεύματος
1526 2084 1548 2123 ⁰

394 2191 508 2291 ἁγίου.
557 2192 616 2268 καὶ
653 2198 781 2270 τοῦτον
816 2190 881 2289 μὲν
919 2191 1065 2293 ἤνεγκεν
1105 2193 1128 2291 ἡ
1167 2190 1342 2293 παρθένος
1384 2189 1445 2268 διὰ

392 2324 594 2424 πνεύματος
632 2327 749 2427 ἁγίου.
787 2329 918 2407 ἐκεῖνον
946 2326 984 2407 δὲ
1010 2325 1074 2407 τὸν
1103 2326 1226 2429 Λόγον
1252 2327 1446 2428 ἐγέννησεν

396 2462 417 2540 ὁ
437 2457 530 2543 Θεὸς
553 2459 636 2538 ἄνευ
662 2460 851 2563 παρθένον,
874 2463 932 2540 καὶ
958 2462 1041 2542 ἄνευ
1064 2459 1159 2544 τινὸς
1182 2460 1320 2544 οὑδένος
1343 2459 1444 2543 ὄντος
1460 2498 1497 2537 ιο

395 2594 494 2695 πλὴν
517 2602 581 2675 τοῦ
609 2601 713 2675 Θεοῦ·
751 2598 809 2676 καὶ
836 2597 948 2682 οὕτως
976 2599 1113 2698 uncum
1141 2599 1161 2676 ὁ
1191 2595 1322 2699 Λόγος.
1371 2612 1446 2670 Huc

397 2732 483 2792 Pauli
504 2731 605 2790 attulit
627 2731 703 2811 Imp.
724 2731 911 2792 Juntinianus
935 2733 966 2790 in
988 2733 1130 2792 Tractatu
1153 2733 1259 2791 Contra
1281 2733 1444 2812 Monophy-

394 2838 468 2896 situs
482 2836 518 2894 ab
528 2834 645 2912 Angelo
661 2836 743 2893 Maio
757 2836 837 2894 edito
851 2836 882 2893 in
897 2837 992 2894 Tomo
1001 2836 1076 2894 VII.
1093 2836 1270 2911 Scriptorum
1284 2836 1344 2893 Vet.
1357 2837 1445 2894 Novae

399 2938 580 2998 Collectiom's
593 2958 623 3016 p.
638 2939 707 2996 299.

436 3114 635 3173 Conveniebat
663 3114 795 3173 Verbum
826 3132 893 3172 cum
944 3113 1018 3171 illud
1029 3133 1098 3172 vero
1107 3113 1234 3171 Verbum
1246 3112 1348 3190 genuit
1360 3113 1441 3171 Deus
1454 3131 1491 3189 15

394 3195 495 3275 genito
509 3215 542 3253 ex
558 3194 663 3262 David,
675 3194 726 3271 qui
746 3204 790 3252 est
804 3194 893 3252 Jesus
944 3193 1006 3252 sine
1019 3194 1141 3270 Virgine
1152 3203 1182 3252 et
1193 3193 1255 3252 siue
1267 3193 1369 3268 quovis
1384 3192 1442 3250 alio

396 3275 532 3335 Christus
565 3275 682 3354 genitus
716 3295 753 3333 ex
788 3273 894 3353 spiritu
944 3285 1049 3351 preter
1064 3275 1183 3343 Deum;
1203 3285 1234 3332 et
1248 3273 1289 3332 sic
1303 3273 1441 3332 subsiste-

396 3367 505 3416 nuncto.
541 3359 581 3415 Et
597 3356 675 3414 hunc
691 3355 810 3434 quidem
825 3352 894 3413 tulit
945 3357 995 3415 bat
1010 3355 1151 3416 Verbum.

397 3437 492 3517 Virgo
510 3457 562 3517 per
583 3437 718 3517 spiritum
740 3446 894 3505 sunctum

815 3671 1028 3720 -0—

894 3883 944 3946 11·
1455 3920 1495 3958 20

452 4007 500 4086 ‘O
529 4004 650 4108 Λόγος
674 4001 801 4105 μείζων
825 4001 870 4102 ἦν
896 4009 961 4082 τοῦ
988 4005 1165 4104 Χριστοῦ.
1196 4003 1359 4106 Χριστὸς
1385 4003 1444 4084 διὰ

397 4141 535 4250 σοφίαν
561 4139 687 4243 μείζων
718 4137 869 4240 ἐγένετο·
909 4134 952 4216 τὸ
977 4135 1118 4242 ἀξίωμα
1145 4140 1208 4235 τῆς
1232 4137 1367 4246 σοφίας
1393 4136 1444 4238 μὴ

397 4279 615 4376 καθεἍωμεν.
655 4290 729 4349 Huc
744 4288 829 4348 Pauli
845 4286 947 4348 attulit
960 4287 981 4344 J
983 4286 1148 4346 ustiuianuu
1161 4286 1279 4346 ibidem.

437 4496 568 4556 Verbum
584 4497 676 4574 majus
690 4506 752 4555 erat
767 4495 894 4554 Christo.
948 4495 1043 4551 fuctus
1064 4503 1116 4551 est.
1160 4493 1342 4572 Dignitatem
1368 4495 1445 4573 supi-

400 4576 534 4635 Christus
549 4597 600 4655 per
619 4576 789 4655 sapientium
805 4575 896 4650 major
947 4574 1032 4633 entioe
1047 4594 1083 4631 ne
1097 4575 1309 4634 subvertamus.
1456 4588 1493 4644 25
