3700 5667
470 650 534 712 228
766 654 1013 730 RELIQUIAE
1041 656 1217 718 SACRAE.

471 823 566 926 πρωί
591 828 648 903 καὶ
674 823 775 910 οὗτος
804 822 909 924 εἶπεν,
930 826 1016 929 ὅπερ
1040 825 1169 905 ταύτόν
1194 829 1272 905 ε’στι
1296 834 1358 932 τῷ,
1387 825 1519 924 βαθέος

471 954 615 1057 ὄρθρου·
656 961 713 1035 καὶ
746 957 937 1060 ἐπήγαγεν,
968 961 1218 1042 ἀνατείλαντος
1248 969 1310 1038 τοῦ
1344 961 1456 1057 ἡλίου.
1494 961 1517 1054 ἦ

470 1092 535 1189 μὲν
563 1090 634 1193 γὰρ
664 1091 754 1194 ὁρμὴ
784 1097 840 1172 καὶ
868 1095 891 1192 ἡ
920 1094 1003 1176 ὁδὸς
1031 1095 1159 1183 αὐτῶν,
1181 1097 1293 1192 δῆλον
1317 1097 1364 1177 ὡς
1388 1093 1518 1196 όρθρου

469 1228 610 1325 βαθέος,
630 1232 688 1307 καὶ
707 1231 790 1308 λίαν
808 1231 902 1333 πρωί
919 1228 1114 1333 κατήρχθη·
1145 1229 1352 1332 παρέτειναν
1370 1226 1408 1307 δὲ
1426 1229 1518 1307 κατά

468 1397 507 1441 τε
536 1363 600 1462 τὴν
628 1367 784 1467 πορείαν,
811 1369 869 1444 καὶ
896 1369 977 1466 περὶ
1005 1364 1046 1444 τὸ
1071 1372 1241 1464 μνημεῖον
1269 1365 1543 1465 διατρίβουσαι5

469 1498 592 1601 μέχρις
618 1501 795 1597 ἀνατολῆς
819 1500 936 1598 ἡλίου.
968 1505 1025 1578 καὶ
1043 1499 1142 1600 λε’γει
1161 1502 1218 1577 καὶ
1237 1495 1316 1576 τότε
1336 1497 1479 1582 ταύταις
1498 1499 1518 1574 ό

471 1631 655 1715 νεανισκός
675 1636 695 1711 ό
714 1636 923 1738 λευχείμων·
957 1633 1147 1735 ἰἨγέρθη·
1178 1634 1240 1711 ούκ
1259 1633 1359 1711 ε”στιν
1377 1629 1457 1713 ὧδε.

535 1767 685 1846 Τούτων
710 1770 821 1852 οὕτως
848 1768 1013 1871 ἐχόντων,
1033 1777 1137 1847 τοῦτο
1161 1776 1234 1851 τοῖς
1256 1771 1514 1868 ἀκριβολογου-

468 1903 586 2000 μένοις
612 1903 885 2009 ἀποφαινόμεθα
908 1904 999 1983 κατά
1025 1906 1131 1984 ποίαν
1159 1903 1265 2004 ὥραν,
1285 1901 1308 2003 ἢ
1331 1905 1389 1980 καὶ
1416 1910 1518 1982 ποῖον

550 2039 560 2064 Ι
684 2038 698 2067 ελ

470 2038 650 2140 ἡμιωριον,
679 2076 703 2139 η
731 2037 823 2143 ὧρας
851 2040 1030 2142 τέταρτον,
1059 2040 1234 2142 ἄρχεσθαι
1264 2042 1425 2139 προσῆκε
1455 2043 1567 2137 rucio

469 2176 526 2252 ἐπὶ
546 2181 591 2277 τῇ
610 2182 674 2252 τοῦ
696 2177 829 2275 Κυρίου
849 2176 949 2274 ἡμῶν
967 2177 1007 2253 ἐκ
1025 2181 1157 2276 νεκρῶν
1172 2170 1372 2251 ἀναστάσει
1391 2181 1515 2276 χαρᾶς·

468 2306 550 2390 τούς
574 2309 640 2405 μὲν
666 2310 751 2387 λίαν
778 2307 1056 2412 ἐπιταχύναντας
1079 2311 1136 2386 καὶ
1162 2303 1233 2406 πρὸ
1262 2304 1386 2389 νυκτός
1412 2307 1519 2408 ἐγγύς

471 2444 536 2543 ἤδη
566 2444 752 2542 μεσούσης
779 2445 950 2532 ἀνιέντας,
975 2445 1021 2524 ὡς
1050 2442 1246 2542 ὀλιγώρους
1261 2445 1331 2518 ’καὶ
1358 2445 1519 2544 ἀκρατεῖς

470 2578 696 2684 μεμφόμεθα,
711 2582 794 2681 παρ’
816 2582 943 2679 ὀλίγον
960 2577 1275 2680 προκαταλύοντας
1293 2576 1356 2657 τόν
1375 2579 1517 2679 δρόμον,

469 2715 639 2816 λε’γοντος
667 2712 794 2815 ἀνδρὸς
821 2717 953 2815 σοφοῦ,
973 2712 1031 2785 Ori
1057 2710 1184 2808 μικρὸν
1210 2715 1246 2790 ἐν
1265 2713 1334 2818 βίῳ
1358 2712 1399 2791 τό
1420 2715 1519 2817 παρὰ
1534 2733 1565 2791 ¹⁵

467 2850 603 2951 μικρόν.
633 2848 715 2928 τούς
739 2847 776 2923 δὲ
798 2842 1093 2946 ἐφυστερίζοντας
1120 2847 1177 2921 καὶ
1205 2850 1436 2948 διαρκοῦντας
1462 2852 1519 2928 ἐπὶ

467 2988 655 3070 πλεῖστον,
674 2982 731 3053 καὶ
755 2975 858 3077 μέχρι
881 2975 1052 3078 τετάρτης
1071 2982 1236 3082 φυλακῆς
1259 2984 1515 3086 ἐγκαρτεροῦν-

468 3336 508 3393 od
527 3345 729 3393 monumentum
745 3344 806 3394 orto
816 3337 884 3414 jam
901 3335 966 3393 sole.
1018 3337 1098 3404 hora,
1109 3336 1154 3394 vel
1170 3337 1257 3395 etiam
1272 3338 1457 3408 sentinarum,
1471 3336 1516 3399 vel

472 3416 559 3472 Valde
580 3416 656 3473 enim
679 3435 761 3474 arrone
781 3417 828 3473 hic
850 3435 967 3493 quoque
1017 3429 1120 3493 quarta
1142 3419 1230 3486 horre,
1252 3429 1368 3497 oportet
1388 3419 1516 3497 incipere

467 3494 552 3560 dixit,
564 3495 642 3571 quod
657 3497 732 3553 idem
748 3507 792 3554 est
807 3517 840 3553 ac
853 3516 968 3553 cumino
1018 3495 1147 3555 loetitiaur
1173 3499 1211 3556 ob
1237 3499 1354 3555 Domini
1384 3502 1475 3557 nostri
1501 3521 1566 3559 ano

468 3573 606 3643 diluculo,
617 3587 646 3634 et
656 3577 817 3653 subjuuxit
826 3576 897 3634 Orto
899 3579 967 3654 jum
1018 3578 1141 3635 mortuis
1158 3580 1408 3643 resurrectionem,
1423 3600 1516 3638 enun-

468 3654 533 3712 τοία.
579 3656 726 3713 Profectio
748 3658 835 3722 enim,
859 3668 889 3715 et
912 3657 967 3713 iter
1017 3656 1142 3725 tiamus;
1163 3678 1212 3715 eos
1229 3658 1345 3735 quidem
1364 3661 1412 3737 qui
1431 3661 1516 3719 nimi-

467 3754 564 3792 earum
577 3754 692 3791 summo
703 3735 832 3794 diluculo
841 3749 870 3795 et
881 3736 966 3793 valde
1018 3755 1065 3792 um
1086 3737 1236 3803 festinant,
1255 3750 1284 3796 et
1304 3753 1372 3798 ante
1393 3741 1517 3800 medium

469 3833 552 3871 mane
567 3815 686 3891 incepit.
702 3817 731 3872 in
743 3818 845 3875 itinere
856 3829 965 3882 auteur,
1016 3827 1142 3881 noctem,
1161 3817 1306 3894 jejunium
1332 3822 1461 3888 solvunt,
1485 3835 1519 3881 ut

467 3905 498 3952 et
517 3894 592 3952 eirca
609 3907 839 3962 monumentum,
857 3917 965 3955 moram
1018 3897 1200 3973 negligentes
1227 3913 1257 3958 et
1291 3902 1566 3983 intemperarrteao5

468 3985 621 4031 traxerunt
640 3994 732 4051 usque
751 3976 902 4035 adortum
921 3999 966 4035 so·
1018 3978 1268 4055 reprehendimus,
1290 3994 1323 4039 ut
1342 3985 1392 4058 qui
1415 4003 1518 4062 prope-

468 4053 512 4122 lis,
529 4067 557 4113 et
575 4057 617 4113 eia
634 4056 750 4131 quidam
766 4069 837 4115 tunc
852 4058 922 4115 dicit
937 4078 966 4114 a·
1018 4057 1314 4137 modum,untequam
1331 4083 1382 4140 par
1396 4064 1443 4127 sit,
1454 4084 1518 4121 cur·

467 4133 616 4194 doleseeus
646 4136 826 4204 candidatus,
857 4139 965 4195 Resur-
1018 4157 1082 4194 eum
1111 4140 1290 4217 abruperint,
1317 4144 1432 4201 dicente
1457 4144 1519 4199 viro

469 4222 547 4279 rexit,
564 4238 617 4275 non
634 4225 676 4274 est
690 4218 745 4274 Ιιὶο.
1018 4217 1159 4295 sapiente,
1172 4222 1236 4279 Non
1250 4243 1354 4300 purum
1368 4232 1407 4281 ert
1420 4224 1448 4281 in
1461 4223 1517 4280 vitu

510 4297 583 4354 Ham
603 4307 699 4354 auteur
720 4318 786 4355 curn
807 4298 849 4353 ita
868 4318 898 4355 ae
916 4298 967 4353 ha·
1018 4298 1093 4370 quod
1104 4320 1207 4376 ματιιιιι
1219 4302 1308 4361 obeat.
1346 4305 1406 4361 Eos
1420 4314 1516 4361 auteur
1529 4315 1568 4370 30

469 4376 565 4442 heaut,
583 4376 639 4432 illis
659 4377 710 4452 qui
730 4378 784 4434 hoc
805 4377 968 4435 accuratius
1018 4378 1069 4452 qui
1081 4378 1230 4448 differunt,
1242 4393 1272 4440 et
1283 4383 1440 4461 plurimum
1454 4404 1517 4461 per-

467 4454 661 4532 subtiliusque
673 4457 865 4523 considerant,
879 4467 968 4532 quota
1019 4455 1127 4524 ferunt,
1140 4462 1216 4519 etad
1228 4475 1358 4537 quartam
1372 4483 1464 4540 usque
1476 4463 1518 4519 vi-

910 4620 916 4657 i
930 4619 1007 4667 Maru.
1020 4620 1035 4666 i.
1048 4620 1071 4669 6.
