3700 5667
481 637 545 702 126
777 640 1028 717 RELIQUIAE
1055 641 1233 704 SACRAE.
1346 678 1351 689 ·

479 807 607 873 mittere
629 806 814 872 haereticum
841 808 899 872 nisi
920 809 1102 893 baptizatus
1119 811 1205 897 apud
1229 833 1286 874 nos
1308 809 1413 888 fuerit,
1435 834 1475 875 ne
1497 835 1532 876 se

480 923 573 1003 putet
588 923 680 982 extra
695 917 859 982 ecclesiam
875 918 1064 982 catholicam
1080 920 1277 1004 baptizatum
1293 942 1370 984 csse.

524 1028 656 1091 XLVI.
683 1027 765 1092 Item
780 1028 861 1091 alius
878 1028 969 1092 Felix
985 1051 1005 1092 a
1022 1030 1198 1094 Marazana
1212 1030 1302 1094 dixit.
1349 1030 1426 1094 Una
1441 1030 1531 1107 fides,

479 1157 577 1203 unum
604 1139 808 1222 baptismum,
839 1140 894 1203 sed
923 1140 1062 1204 ecclesiae
1093 1141 1267 1217 catholicae,
1295 1141 1344 1205 cui
1370 1141 1428 1205 soli
1456 1141 1531 1206 licet

478 1248 650 1333 baptizare.
1540 1272 1556 1329 5
1600 1326 1603 1330 .

524 1346 675 1422 XLVII.
700 1358 819 1423 Paulus
841 1359 883 1422 ab
904 1360 998 1424 Obba
1016 1359 1106 1422 dixit.
1155 1360 1213 1422 Me
1229 1382 1291 1423 non
1307 1368 1413 1425 movet
1427 1362 1454 1425 si
1469 1361 1527 1424 ali-

479 1468 549 1553 quis
564 1468 702 1532 ecclesiae
718 1468 813 1532 tidem
828 1483 862 1533 et
877 1470 1045 1534 veritatem
1066 1491 1128 1532 non
1143 1468 1296 1546 vindicat,
1313 1472 1440 1555 quando
1454 1495 1529 1556 apo-

478 1579 579 1643 stolus
595 1579 698 1643 dicat:
723 1592 740 1623 ¹¹
752 1579 835 1658 Quid
854 1581 935 1644 caim
956 1581 984 1644 si
1006 1580 1180 1644 accalcraat
1200 1603 1222 1644 a
1234 1582 1301 1664 fide
1319 1583 1446 1666 qaidma
1464 1583 1529 1647 illc

477 1692 572 1753 aaut?
595 1691 759 1774 Numquid
768 1692 934 1774 infidelitas
944 1692 1149 1779 amaafldcnc
1160 1693 1222 1756 Dei
1232 1695 1415 1757 evacuavit?
1430 1693 1526 1759 Adsit.

478 1801 535 1863 aa
548 1800 628 1863 aci-ra
643 1800 727 1862 Deus·
742 1821 845 1877 ocrea,
861 1802 957 1865 matois
971 1811 1071 1865 catera
1085 1801 1169 1865 tarso
1186 1802 1326 1866 cacadaa.
1373 1803 1406 1865 Si
1420 1812 1577 1868 autem10

389 1926 391 1931 ’
478 1909 569 1974 Deus
595 1931 691 1973 verax
718 1916 778 1986 est,
803 1911 962 1993 quomodo
988 1933 1056 1974 esse
1078 1912 1164 1996 apud
1187 1911 1355 1977 haereticos
1378 1912 1529 1998 baptismi

477 2020 596 2085 veritas
611 2025 729 2105 potest,
745 2021 830 2104 apud
847 2043 926 2105 quos
942 2021 1029 2084 Deus
1047 2043 1109 2084 non
1124 2024 1196 2085 est?

521 2132 695 2195 XLVIII.
720 2132 915 2217 Pomponius
930 2155 951 2197 a
966 2131 1165 2216 Dionysiana
1182 2132 1274 2196 dixit.
1319 2133 1527 2198 Manifestum

477 2248 527 2306 est
549 2240 717 2305 haereticos
739 2263 802 2304 non
822 2263 914 2324 posse
938 2241 1101 2326 baptizare
1123 2249 1157 2306 ct
1179 2242 1394 2306 remissionem
1415 2264 1525 2326 pecca-

478 2360 582 2417 torum
598 2351 686 2426 dare,
702 2349 756 2433 qui
778 2357 972 2433 potestatem
993 2372 1057 2413 non
1072 2349 1193 2415 habant
1207 2358 1244 2414 ut
1261 2360 1319 2415 aut
1334 2351 1455 2416 solvero
1469 2359 1573 2427 aut15

476 2461 575 2547 ligare
589 2460 708 2545 aliquid
725 2460 756 2523 in
772 2461 867 2526 terris
882 2458 1015 2545 possint.

522 2572 660 2635 XLIX.
685 2571 861 2636 venantius
883 2593 903 2635 a
925 2571 1035 2634 Tinisa
1057 2570 1148 2635 dixit.
1194 2571 1228 2634 Si
1243 2572 1377 2635 maritus
1395 2594 1527 2657 peregre

476 2681 676 2766 proficiscens
695 2682 798 2745 amico
819 2703 876 2743 suo
894 2681 1147 2744 commendasset
1163 2702 1294 2744 uxorem
1314 2703 1403 2745 suam
1421 2690 1526 2747 custo-

475 2791 633 2867 diendam,
654 2790 910 2855 commendatam
932 2789 992 2854 sibi
1015 2790 1066 2853 ille
1089 2798 1210 2873 quanta
1232 2801 1341 2876 posset
1363 2791 1527 2876 diligentia

475 2909 688 2978 conservaret,
708 2923 749 2964 ne
768 2901 810 2964 ab
831 2900 937 2985 aliquo
953 2901 1086 2965 castitas
1102 2903 1169 2985 ejus
1184 2910 1217 2966 et
1233 2903 1388 2967 sanctitas
1402 2902 1525 2966 adulte·
1536 2926 1575 2964 20

474 3017 610 3074 caretur.
656 3009 801 3074 Christus
832 3009 989 3074 Dominus
1015 3018 1048 3074 et
1076 3009 1166 3074 Deus
1193 3018 1301 3075 noster
1330 3012 1372 3075 ad
1400 3019 1525 3096 patrem

475 3118 675 3204 proficiscens
696 3140 845 3203 sponsam
865 3141 956 3182 suam
971 3120 1062 3183 nobis
1077 3120 1319 3185 commendavit.
1365 3120 1525 3184 Utrumne

474 3250 545 3293 eam
557 3229 773 3313 incorruptam
784 3237 817 3293 et
829 3229 1012 3293 inviolatam
1023 3231 1245 3308 custodiemus,
1256 3253 1297 3294 an
1307 3231 1524 3314 integritatem

474 3339 542 3424 ejus
557 3347 591 3403 et
606 3339 790 3404 castitatem
805 3341 936 3404 moeclris
948 3348 982 3404 et
996 3341 1234 3425 corruptoribus
1250 3343 1440 3426 prodemus?
1463 3341 1524 3422 Qui

473 3449 556 3514 enim
572 3451 732 3535 baptisma
744 3451 883 3515 ecclesiae
895 3472 1060 3514 commune
1072 3472 1143 3513 cum
1159 3451 1316 3515 haereticis
1330 3451 1417 3526 facit,
1432 3474 1523 3534 spou-
1537 3473 1550 3511 2
1555 3472 1572 3529 5

473 3581 542 3623 sam
558 3559 676 3624 Christi
693 3559 847 3624 adulteris
862 3560 980 3645 prodit.

518 3670 558 3732 L.
583 3669 750 3752 Ahymnus
771 3670 813 3733 ab
837 3670 991 3755 Ausuaga
1017 3671 1107 3735 dixit.
1154 3671 1221 3734 Nos
1245 3692 1342 3733 uuum
1364 3670 1524 3754 baptisma

472 3778 661 3861 accepimus,
678 3784 711 3840 et
733 3777 835 3861 ipsum
858 3800 1050 3843 exercemus.
1097 3779 1157 3860 Qui
1178 3787 1285 3842 autem
1301 3779 1379 3843 dicit
1395 3779 1469 3862 quia
1491 3788 1524 3842 ot

472 3888 630 3953 haereticis
645 3887 720 3951 licet
735 3887 907 3972 baptizare,
924 3890 991 3975 ipse
1007 3892 1070 3954 duo
1091 3891 1286 3976 baptismata
1301 3892 1389 3956 facit.

517 4000 577 4061 1.1.
603 3997 794 4062 Saturninus
817 4019 837 4060 a
865 4000 1049 4064 Victoriana
1074 4002 1166 4068 dixit.
1213 4003 1246 4066 Si
1270 4003 1344 4066 licet
1367 4002 1523 4067 haereticis
1533 4021 1572 4076 30

472 4108 646 4195 baptizare,
662 4107 804 4172 excusati
828 4115 952 4172 suntet
968 4110 1087 4174 defensi
1111 4112 1221 4176 illicita
1238 4112 1310 4191 (for.
1326 4111 1412 4175 licita
1427 4114 1522 4175 qu-

471 4223 575 4301 snxu.)
592 4217 754 4282 facientes.
800 4217 871 4280 Nee
887 4216 979 4281 video
996 4242 1094 4302 quaro
1109 4243 1163 4284 eos
1178 4228 1234 4285 aut
1248 4220 1395 4285 Christus
1410 4222 1519 4284 advor-

471 4331 572 4395 sarios
586 4353 659 4394 suos
674 4337 731 4395 aut
746 4329 910 4414 apostolus
924 4329 1132 4412 antichristos
1146 4333 1361 4417 appellaverit.

516 4443 597 4506 LII.
633 4441 823 4506 Saturninus
852 4463 872 4505 a
903 4441 1031 4505 Thucca
1060 4442 1150 4507 dixit.
1205 4443 1349 4507 Gentiles
1380 4443 1522 4528 quamvis

903 4639 918 4666 ¹¹
933 4629 1003 4676 Rom.
1018 4630 1050 4676 iii.
1065 4645 1087 4691 3.
