3700 5667
497 652 561 717 202
828 658 1208 722 ANNOTATIONES

497 848 557 892 nus
577 827 727 893 voluisset
748 829 836 914 sequi
856 829 1027 894 editionem
1047 851 1151 894 meam
1164 833 1339 914 gestorum,
1355 849 1425 913 quae
1447 836 1543 905 certe,

497 930 583 996 absit
604 932 700 997 verbo
721 931 851 1010 invidia,
870 933 972 997 multo
993 933 1105 997 melior
1125 938 1176 996 est
1195 953 1234 996 ea
1255 952 1350 1017 quam
1371 932 1423 995 ille
1444 932 1544 1004 dedit,

496 1033 663 1096 Beuuzms.
709 1033 881 1099 Moroellus
902 1035 935 1096 in
956 1035 1070 1119 Africa
1091 1033 1270 1098 Christiana
1290 1033 1350 1097 vol.
1366 1033 1386 1096 i.
1403 1056 1474 1118 pag.
1491 1053 1544 1117 95.

497 1143 518 1174 “
534 1135 803 1201 Bamaooorensis.
837 1135 928 1201 Inter
947 1137 1092 1202 civitates
1112 1137 1320 1222 nationesque
1337 1136 1458 1201 Airioae
1479 1159 1544 1200 me

497 1244 518 1276 “
533 1244 700 1303 morantur
714 1261 735 1303 a
749 1238 854 1303 Plinio
868 1240 913 1302 H.
928 1240 975 1302 N.
990 1239 1045 1302 lib.
1061 1262 1090 1303 v.
1106 1260 1134 1302 o.
1150 1260 1182 1318 4.
1200 1239 1403 1318 Vamacures,
1418 1259 1497 1324 quos
1512 1238 1545 1302 in

499 1348 520 1376 ‘⁸
537 1339 687 1405 Numidia
700 1340 798 1405 fuisse
813 1363 852 1405 ex
868 1339 996 1406 Notitia
1010 1340 1187 1405 discimus.”

540 1441 578 1506 P.
600 1460 669 1527 123.
685 1441 705 1505 l.
720 1466 753 1524 4.
773 1443 818 1507 Et
833 1465 892 1529 ego
907 1443 975 1528 ipse
995 1444 1137 1527 secutus]
1156 1443 1294 1507 Addidit
1308 1442 1456 1507 Baluzius
1474 1464 1545 1528 pro·

496 1566 609 1609 nomon
633 1566 695 1629 epo,
712 1544 847 1610 forsitan
868 1568 908 1610 ex
931 1545 1058 1629 seriptis
1079 1545 1155 1620 suis,
1176 1551 1209 1608 et
1231 1566 1307 1607 mox
1328 1544 1412 1609 infra
1433 1543 1544 1613 edidit,

495 1648 570 1733 quia
584 1647 701 1712 obesus
714 1669 771 1712 esee
788 1670 847 1713 aon
864 1657 970 1734 potest,
987 1647 1042 1711 ubi
1056 1645 1215 1732 Rigaltius
1229 1646 1339 1710 alienae
1357 1668 1415 1730 pro
1429 1646 1546 1710 alienus

496 1751 614 1829 habet3
636 1751 744 1815 caeteri
766 1759 886 1829 autem,
909 1751 995 1836 qaae,
1018 1750 1066 1816 vel
1089 1751 1154 1835 qui,
1175 1748 1272 1814 deni
1295 1758 1374 1826 suut,
1395 1748 1545 1814 νιοῦἱκιιηι

495 1875 553 1918 esse
566 1875 626 1918 aaa
637 1863 768 1941 possunt.

540 1958 625 2022 Ibid.
647 1956 667 2020 l.
688 1961 738 2021 28.
762 1958 905 2041 privatus
926 1959 998 2021 fons
1019 1964 1129 2023 noster
1150 1960 1212 2042 est]
1240 1957 1392 2021 Notanda
1414 1963 1474 2029 ost,
1497 1956 1544 2020 ait

496 2059 652 2145 Anglieus
673 2059 840 2144 interpres,
861 2060 1077 2124 vetustissima
1096 2059 1349 2125 accommodatio
1370 2058 1441 2123 libri
1461 2059 1542 2124 Gan·

495 2163 632 2228 tioorum
646 2163 688 2226 ad
704 2161 869 2226 Christum
884 2169 919 2226 et
934 2162 1108 2227 eeclesiam.

540 2267 579 2327 P.
600 2283 671 2345 124.
689 2264 710 2327 l.
733 2284 756 2326 ι.
778 2263 914 2343 Quando
929 2264 1020 2329 danti
1034 2264 1122 2329 loeus
1141 2287 1205 2329 non
1222 2265 1285 2349 est]
1302 2263 1416 2328 Malim
1429 2262 1544 2348 legere,

498 2367 625 2447 Quaado
638 2367 728 2431 duali
741 2365 839 2429 dandi
855 2366 935 2429 loeta
947 2387 1008 2430 uon
1021 2376 1071 2430 est.

540 2469 622 2532 Ibid.
649 2467 669 2533 l.
693 2482 741 2552 15.
774 2467 985 2553 Leptiminus]
1018 2468 1129 2536 Λέπτις
1156 2469 1246 2551 μικρά
1274 2467 1409 2532 Ptolem.
1455 2466 1544 2531 Urbs

496 2569 681 2653 Byzacenae,
696 2589 768 2631 oum
789 2567 900 2652 Leptis
922 2569 1045 2655 Magna
1063 2570 1105 2633 ad
1121 2569 1354 2653 Tripolitanum
1373 2568 1543 2654 pertineat.

495 2672 526 2735 A
553 2669 748 2756 Carthagine
777 2670 949 2735 seeundum
974 2670 1170 2736 Antoninum
1200 2674 1271 2736 106.
1299 2673 1346 2735 M.
1369 2672 1408 2735 P.
1431 2671 1543 2748 distat,

494 2773 622 2839 Debeo
640 2773 761 2839 mentio
778 2773 916 2838 habetur
934 2773 968 2837 in
987 2773 1094 2838 oollat.
1111 2773 1265 2860 Carthag.
1281 2780 1316 2838 et
1335 2773 1429 2838 notit.
1443 2773 1542 2838 Atrio.

497 2878 630 2944 Firmus.

538 2981 621 3045 Ibid.
637 2981 658 3044 l.
678 2978 727 3044 18.
742 3001 807 3043 non
821 2982 932 3065 unum]
951 2981 1025 3046 Non
1038 2981 1098 3046 dee
1113 2978 1315 3065 Augustinus
1328 2980 1448 3056 habet3
1471 3000 1544 3044 oon-

494 3082 651 3148 sentiente
674 3079 801 3167 quidem
822 3083 907 3146 Nooi
929 3083 1002 3148 uolt.
1024 3083 1122 3148 eodioe
1136 3082 1314 3168 poderim,
1334 3082 1390 3146 sed
1409 3080 1455 3145 nil
1473 3102 1542 3144 mu-

493 3185 636 3250 tandum.
660 3183 812 3250 conferas
826 3186 962 3272 Suffiap.
982 3207 1008 3250 1.

537 3287 621 3353 Ibid.
636 3287 658 3352 l.
675 3306 725 3352 22.
749 3288 874 3373 pejores
895 3309 993 3372 quam
1011 3287 1170 3371 ethnioos]
1193 3287 1311 3354 (lonfer
1327 3287 1464 3372 Suffiap.
1487 3284 1544 3351 Sa·

493 3389 614 3454 turnini
628 3410 649 3453 o
666 3389 811 3468 Thuooa,
827 3410 882 3453 seu
896 3388 941 3453 lii.
957 3410 1030 3475 pag.
1048 3391 1119 3454 126.

537 3492 622 3557 Ibid.
637 3491 656 3555 l.
672 3511 726 3577 33.
743 3491 829 3555 Illud
850 3491 1031 3555 mirandum
1052 3491 1114 3575 est]
1137 3491 1252 3577 Vulgo,
1276 3491 1339 3556 Sed
1362 3489 1440 3555 illud
1454 3512 1497 3556 m.
1514 3513 1543 3555 e.

494 3594 594 3659 Omisi
608 3595 662 3659 sed
673 3594 736 3658 fide
751 3593 903 3669 sodidum,
919 3593 1033 3678 quibua
1048 3598 1134 3672 utor,
1148 3601 1183 3657 et
1197 3592 1384 3678 Augustini.

536 3697 576 3762 P.
599 3712 668 3781 125.
692 3696 712 3759 l.
733 3715 765 3777 4.
794 3695 935 3782 Settius]
962 3697 1004 3759 In
1028 3694 1221 3775 corbeiensi,
1243 3696 1286 3760 ab
1309 3695 1371 3759 hoo
1395 3692 1544 3779 episeopo

493 3820 603 3866 omnes
621 3797 688 3861 lere
709 3797 888 3861 nominibus
909 3796 974 3861 suis
994 3797 1207 3883 praemittunt,
1227 3821 1261 3861 m
1281 3819 1375 3872 niem
1399 3817 1464 3882 qua
1482 3797 1545 3861 lor-

492 3901 579 3966 muls
598 3898 775 3984 significare
788 3899 948 3976 videntur,
963 3898 1046 3963 nolle
1065 3920 1099 3963 se
1115 3899 1275 3965 sententia
1290 3921 1349 3964 sua
1363 3919 1544 3985 quenquam

492 4026 514 4069 a
533 4000 761 4076 communione,
777 4001 839 4066 etsi
858 4000 1018 4065 diversum
1037 4001 1183 4078 senserit,
1201 4023 1359 4066 amovere.
1389 3999 1473 4070 Quae
1492 4000 1544 4065 lex

492 4103 580 4170 diota
593 4125 651 4188 per
665 4102 861 4190 cyprianum
875 4102 982 4167 fuerat
998 4102 1032 4166 in
1049 4102 1237 4188 praelatione
1257 4101 1387 4188 Synodi.
1410 4101 1544 4166 Rrenrr.

493 4209 536 4272 ln
557 4207 696 4285 uocibus,
718 4206 756 4270 Si
774 4205 922 4270 mee
942 4205 978 4269 eis
999 4203 1145 4290 baptismo
1166 4226 1218 4270 atro
1235 4213 1363 4292 peceato
1381 4203 1544 4283 master,

492 4332 546 4376 sao
564 4331 623 4395 pro
641 4329 698 4374 auo
718 4306 846 4393 reposui
866 4327 906 4371 ex
926 4305 1031 4372 tribus
1052 4307 1093 4378 de
1112 4307 1274 4400 oodioibus
1292 4306 1372 4372 meis
1390 4305 1544 4393 Augusti-

493 4432 607 4497 noque.

537 4511 660 4579 Ibid.l.
678 4531 730 4580 ια.
749 4518 784 4577 et
798 4508 1000 4577 Christianos
1016 4510 1178 4601 inquinat]
1195 4511 1396 4598 Augustinus
1414 4529 1545 4594 respou-

495 4612 656 4679 deussit:
680 4612 771 4680 Illud
789 4632 860 4679 uuae
881 4611 963 4698 quod
980 4611 1015 4679 ia
1036 4613 1142 4680 ultimo
1157 4615 1263 4700 posuit
1283 4613 1392 4692 dous,
1409 4610 1544 4676 Utrum·
