3700 5667
503 681 571 748 AD
595 680 872 749 DIONYSIUM
896 681 1158 748 ROMANUM.
1293 683 1353 747 tol

309 861 328 888 '‘
342 866 405 915 rate
418 854 622 922 consideranti,
633 855 744 934 aliquid
756 855 785 913 in
801 874 837 915 eo
851 855 957 915 erroris
971 856 1071 922 luisse,
1086 866 1175 933 atque
1188 854 1355 935 opinionem

309 968 329 992 '¹
344 960 408 1037 ejus
427 960 463 1019 de
477 961 594 1020 Christo
608 981 625 1019 a
639 957 762 1020 Niceno
777 959 912 1039 dogmate
929 972 960 1020 et
974 971 1074 1020 nostro
1088 959 1230 1020 hodierno
1247 961 1354 1021 discre-

309 1067 329 1092 “
343 1081 422 1140 pare.
463 1061 505 1121 Ut
521 1063 689 1134 sabellium,
703 1063 753 1142 qui
767 1065 864 1122 Deum
879 1063 976 1142 ipsum
990 1062 1051 1121 siva
1064 1074 1176 1142 patrem
1190 1063 1221 1121 in
1237 1064 1355 1123 Christo

308 1177 326 1198 ‘⁸
341 1179 452 1238 natum,
471 1189 572 1248 poenas
592 1191 708 1250 passum
730 1181 761 1229 et
782 1181 930 1228 mortuum
952 1189 1014 1228 esse
1035 1169 1231 1237 adseverabat,
1248 1170 1355 1229 fortius

309 1280 328 1303 ⁴¹
343 1273 556 1351 comprimeret,
570 1275 694 1352 negabat
709 1275 835 1333 drimano
851 1272 967 1341 Christi,
981 1274 1059 1352 quod
1074 1274 1150 1334 clare
1164 1276 1234 1335 satia
1252 1275 1352 1334 scribit

309 1381 328 1408 “
338 1377 517 1436 Athanasius
532 1382 558 1449 t.
572 1397 600 1434 v.
617 1398 646 1457 p.
660 1378 731 1436 246.
747 1377 784 1436 ad
803 1358 900 1436 Deum
918 1379 949 1435 in
965 1378 1083 1437 Christo
1096 1379 1269 1438 residentem
1288 1400 1353 1460 per·

308 1488 327 1512 ‘¹
342 1481 446 1548 tinere,
467 1494 498 1540 et
518 1482 604 1541 unice
624 1482 661 1541 ad
681 1482 773 1541 filium
794 1483 950 1542 referebat.
992 1482 1042 1540 Ad
1060 1481 1180 1541 alteram
1199 1483 1288 1562 igitur
1307 1504 1355 1543 ex·

308 1593 327 1617 “
342 1587 519 1646 tremitatem
555 1586 750 1647 contendendi
784 1588 883 1647 studio
918 1586 1091 1647 declinabat.
1149 1588 1357 1667 Distinguebat

310 1697 450 1770 “nempe
471 1692 631 1772 Dionysius
652 1694 682 1751 in
704 1693 822 1752 Christo
843 1693 957 1751 verbum
979 1712 1032 1751 seu
1054 1712 1206 1771 personam
1229 1694 1355 1753 divinam

310 1804 330 1828 ⁴⁸
344 1817 362 1854 a
381 1808 465 1876 patre
486 1797 651 1857 distinctam
672 1809 702 1858 et
717 1799 823 1875 filium,
840 1809 901 1867 aut,
920 1799 945 1856 si
966 1798 1067 1864 mavis,
1085 1797 1231 1877 duplicem
1254 1798 1356 1865 lilium,

310 1908 329 1933 ‘⁴
344 1901 474 1960 divinum
491 1914 522 1962 et
535 1903 705 1962 humanum.
750 1903 871 1962 Verbum
889 1922 942 1962 seu
954 1903 1050 1978 filium
1070 1902 1197 1960 ditinum
1214 1902 1250 1960 ab
1264 1903 1355 1959 omni·

310 2014 329 2036 “
345 2005 399 2064 bus
414 2007 523 2066 Christi
537 2010 706 2081 ἀνθρωπίνοις
719 2028 771 2067 seu
786 2008 928 2073 Ιιιιιιιιιιιίι,
940 2007 976 2065 ab
990 2006 1135 2072 omnibus,
1146 2025 1211 2084 quse
1222 2006 1358 2065 Christus

310 2117 328 2141 ⁴⁸
343 2121 377 2167 ut
392 2110 479 2167 homo
497 2111 568 2170 fecit
586 2122 616 2170 et
635 2131 789 2191 perpessus
808 2123 862 2175 est,
879 2110 1069 2170 excludebat:
1093 2110 1154 2168 haec
1173 2128 1242 2168 vero
1260 2111 1357 2168 omnia

310 2223 328 2244 ⁴‘
343 2215 498 2287 ἀνθρώπινα,
514 2217 604 2282 nosci,
617 2217 693 2296 puli,
707 2216 779 2276 mori
794 2215 832 2275 ad
848 2235 939 2274 unum
958 2214 1049 2273 lilium
1066 2213 1193 2273 bominis
1210 2232 1246 2274 ex
1261 2213 1357 2272 Maria

310 2327 329 2350 ‘⁸
343 2330 444 2378 natum
465 2321 621 2399 pertinere,
635 2320 810 2400 disputabat.
858 2321 895 2379 lu
909 2320 982 2380 vitio
999 2321 1061 2379 bec
1080 2330 1149 2379 sunt
1170 2330 1201 2379 et
1219 2330 1297 2380 recta
1312 2321 1358 2378 via

310 2435 330 2456 ⁴⁴
346 2425 460 2485 ducunt
478 2425 515 2485 ad
534 2427 624 2497 illam,
637 2447 702 2506 quae
720 2427 860 2486 Nestorio
879 2426 1031 2492 tribuitur,
1051 2425 1235 2485 sententiam.
1278 2425 1356 2483 Nam

310 2539 328 2562 ‘⁴
345 2531 369 2590 si
392 2532 428 2590 ad
445 2532 539 2608 filium
562 2533 621 2591 Dei
643 2549 695 2591 seu
717 2532 831 2591 verbum
854 2529 973 2590 Christo
994 2531 1105 2588 homini
1124 2530 1261 2607 junctum
1284 2530 1358 2588 nibil

310 2640 329 2666 “
345 2655 443 2693 earum
465 2655 563 2694 rerum
584 2636 801 2715 pertinetque
816 2636 901 2712 filius
922 2635 1044 2694 hmninis
1063 2635 1134 2694 fecit
1154 2644 1185 2694 et
1205 2634 1356 2701 sustinuit,

310 2747 329 2771 “
343 2739 528 2818 perspicuum
547 2749 602 2804 est,
617 2738 762 2817 duplicem
782 2738 813 2796 in
828 2739 947 2799 Christo
965 2749 997 2797 et
1010 2748 1143 2797 naturam
1160 2748 1192 2797 et
1204 2758 1356 2817 personam

309 2851 327 2875 '⁴
342 2863 415 2914 esse,
432 2843 581 2923 filiumque
605 2838 664 2901 Dei
688 2863 740 2902 seu
761 2843 881 2902 verbum
907 2842 1000 2902 lilium
1024 2853 1139 2903 tantum
1162 2843 1288 2902 hominis
1310 2863 1356 2900 ro·

310 2958 328 2982 ¹⁸
343 2950 467 3017 borasse,
489 2949 676 3016 illuminasse,
695 2949 814 3025 juvisse.
868 2947 935 3008 Nec
954 2948 1045 3027 igitur
1066 2958 1175 3008 temere
1197 2948 1357 3028 Dionysius

309 3066 329 3090 ‘⁴
346 3056 447 3114 Βοωω
469 3055 667 3119 accusabatur,
692 3075 866 3133 quamquam
891 3074 993 3134 parum
1017 3053 1154 3113 distincte
1178 3073 1211 3112 ac
1233 3054 1357 3133 perite.”

309 3161 359 3219 Sic
385 3160 578 3219 Moshemius.
632 3159 707 3230 Quae
732 3160 828 3237 gravis
854 3159 996 3238 profecto,
1019 3158 1070 3217 sed
1097 3178 1182 3227 nova,
1205 3158 1236 3215 ni
1261 3157 1356 3223 fallor.

308 3266 453 3324 accusatio
479 3276 533 3322 est.
592 3265 713 3322 Atenim
743 3264 918 3342 Dionysium
947 3262 1141 3321 distrahenda
1169 3282 1299 3340 persona
1327 3263 1357 3319 in

309 3370 427 3428 Christo
443 3389 569 3446 unquam
585 3368 765 3447 postulatum
781 3369 882 3432 fuisse,
898 3367 929 3425 id
943 3366 1061 3426 credere
1077 3385 1131 3425 nos
1146 3376 1226 3424 vetat
1246 3386 1299 3424 sua
1312 3365 1357 3443 ip.

309 3474 369 3530 sius
388 3473 520 3531 defensio
533 3492 570 3530 ex
585 3472 748 3530 Athanasio
763 3470 926 3550 producta;
949 3489 1013 3548 quae
1028 3481 1091 3529 tota
1110 3469 1139 3527 in
1160 3491 1195 3529 eo
1213 3479 1355 3530 versatur,

309 3591 343 3637 ut
364 3588 496 3637 arceatur
518 3598 535 3635 a
557 3597 587 3635 se
610 3576 718 3635 crimen
742 3586 864 3653 negata,
887 3574 934 3633 vel
957 3585 1036 3633 certe
1059 3573 1231 3638 imminutae,
1253 3573 1359 3631 divina

310 3683 419 3741 Christi
434 3693 554 3748 naturae,
570 3701 628 3740 non
644 3680 718 3739 duos
732 3701 785 3760 pro
799 3700 859 3738 uno
873 3680 991 3739 Christo
1005 3678 1162 3740 asserendi.
1208 3679 1315 3756 Neque
1329 3679 1358 3736 in

309 3787 507 3864 sequentibus,
529 3786 606 3864 quod
629 3786 728 3853 sciam,
751 3784 864 3845 suculis
892 3784 1026 3864 Dionysii
1049 3783 1225 3842 auctoritate
1249 3802 1280 3841 ae
1304 3802 1359 3840 un.

309 3913 395 3969 quam
411 3892 570 3951 tuebantur
585 3892 617 3949 N
618 3893 754 3950 estoriani
770 3891 914 3970 dogmatis
929 3889 1054 3969 patroni.
1090 3888 1159 3968 Ipsa
1172 3908 1259 3967 porro
1273 3889 1359 3947 verbu

314 3997 468 4054 Athanasii
487 3995 614 4054 indicata
635 4017 652 4054 a
670 3997 732 4055 viro
753 3997 789 4056 cl.
810 3996 885 4055 nihil
906 3994 1004 4055 valent
1024 3992 1061 4052 ad
1081 3992 1268 4052 obtinendam
1289 4013 1358 4051 cau·

309 4123 368 4160 sam
405 4102 541 4161 adversus
570 4102 799 4162 Alexandrinum
836 4100 1008 4160 antistitem.
1059 4108 1078 4132 “
1093 4098 1283 4176 Dionysius,”
1318 4100 1360 4155 ait

310 4206 502 4271 Moshemius,
532 4212 551 4237 ‘⁴
567 4215 642 4263 testa
670 4204 842 4274 Athanasio,
872 4204 997 4282 negabat
1027 4203 1152 4260 bassiano
1182 4201 1291 4258 Christi
1323 4200 1360 4258 ad

310 4320 328 4343 ‘¹
345 4313 441 4370 Deum
457 4310 488 4367 in
503 4309 621 4368 Christo
636 4309 810 4368 residentem
826 4309 983 4387 pertinere,
995 4318 1025 4364 et
1039 4306 1123 4364 unice
1137 4303 1174 4362 ad
1191 4305 1299 4363 Filium
1313 4325 1360 4364 re-

311 4426 329 4449 “
344 4417 484 4475 ferebat.”
528 4414 570 4472 At
593 4413 660 4472 audi
684 4409 899 4471 Athanasium:
925 4412 972 4468 Ἐν
993 4413 1164 4474 Πιντιιπόλιι,
1187 4409 1293 4487 inquit,
1314 4415 1359 4482 τῆς

309 4526 361 4579 ἅνω
380 4522 475 4594 Λιβύης
493 4523 628 4592 τηνικαῦτά
648 4543 716 4579 τινες
734 4526 786 4577 τῶν
807 4523 957 4576 ἐπισκόπων
977 4520 1128 4590 ἐφρόνησαν
1149 4519 1182 4572 τὰ
1203 4520 1358 4583 Σαβελλὶου·

311 4632 351 4685 sni
373 4633 500 4685 τοσοῦτον
521 4626 638 4699 ἴσχυσαν
659 4630 714 4684 ruis·
736 4627 869 4689 ἐπινοίαις,
892 4627 925 4683 ὣς
948 4625 1039 4698 ὀλίγον
1063 4625 1117 4679 δεῖν
1141 4625 1230 4694 μηκέτι
1253 4625 1281 4680 ιἰι
1305 4627 1361 4682 ruit

355 4747 424 4787 vor..
440 4745 486 4787 111.
808 4740 827 4805 3
846 4742 862 4781 r
