3700 5667
708 663 895 727 CONCIL.
919 662 1169 726 CARTHAG.
1188 663 1225 724 V.
1430 662 1491 724 111

440 854 504 895 non
525 836 643 916 potest,
659 830 734 916 quia
753 830 830 893 foris
850 830 1046 894 constitutus
1068 852 1140 893 oum
1161 834 1272 893 sancto
1292 828 1406 913 spiritu
1430 850 1494 891 non

440 951 501 1018 est,
525 963 581 1004 neo
605 939 767 1024 baptizare
787 938 964 1002 venientem
987 945 1104 1022 potest,
1128 939 1255 1022 quando
1278 943 1312 1001 at
1334 937 1495 1022 baptisma

441 1072 541 1115 uuum
556 1050 611 1127 sit,
623 1058 657 1113 et
669 1049 808 1134 Spiritus
820 1056 950 1112 sanatus
965 1031 1058 1126 unus,
1069 1055 1102 1112 et
1114 1070 1177 1110 una
1192 1047 1323 1112 eeclesia
1334 1070 1354 1112 a
1366 1047 1495 1112 Christo

441 1159 580 1223 Domino
600 1180 696 1242 super
712 1158 845 1222 Petrum
860 1157 981 1242 origine
997 1157 1131 1221 unitatis
1149 1165 1182 1220 ot
1203 1157 1328 1221 ratione
1349 1157 1493 1221 lundata.

414 1272 499 1346 slta
518 1270 555 1334 fit
571 1277 695 1333 utrum
711 1269 818 1333 omnia
837 1270 922 1353 apud
946 1268 1016 1331 illos
1034 1268 1142 1333 inania
1161 1274 1195 1333 et
1219 1268 1300 1333 falsa
1323 1269 1400 1346 sint,
1417 1268 1495 1332 nihil

442 1403 551 1446 eorum
574 1401 645 1466 quae
669 1379 712 1442 illi
736 1379 893 1464 gesserint
916 1379 1045 1463 probari
1072 1401 1092 1442 a
1117 1379 1208 1442 nobis
1234 1379 1360 1442 debeat.
1406 1378 1494 1448 Quid

442 1491 525 1555 eninr
549 1497 658 1575 potest
681 1497 788 1553 ratum
810 1496 844 1553 et
867 1490 994 1553 firmum
1015 1512 1084 1553 esso
1107 1490 1192 1574 apud
1214 1491 1319 1553 Deum
1341 1490 1425 1573 quod
1448 1489 1493 1551 illi

442 1600 574 1675 faciunt,
596 1619 675 1681 quos
691 1597 847 1661 Dominus
865 1598 974 1661 hostes
994 1606 1027 1661 et
1052 1598 1251 1661 adversarios
1273 1619 1347 1661 suos
1365 1597 1443 1660 dioit
1460 1597 1493 1660 in

443 1709 604 1794 evangelio
619 1731 676 1772 suo
692 1730 829 1794 ponens:
853 1710 931 1787 ⁰Qua'
944 1731 1003 1772 aaa
1018 1719 1059 1772 est
1073 1731 1186 1772 aratrum
1200 1709 1360 1772 adversum
1375 1729 1419 1770 ma
1432 1717 1493 1782 ast,·

396 1828 470 1883 roa
497 1820 550 1904 qai
576 1841 636 1882 aaa
661 1840 775 1882 maram
801 1819 924 1903 corripit,
950 1820 1099 1904 aparuit?
1153 1818 1199 1882 Et
1227 1819 1342 1883 beatus
1367 1841 1494 1904 quoque

441 1928 605 2014 apostolus
619 1928 642 1992 J
644 1951 763 1994 oannes
776 1931 931 1993 mandata
941 1929 1071 1992 Domini
1087 1936 1121 1992 et
1135 1936 1297 2013 praeoopta
1312 1929 1494 1994 custodiens

442 2039 475 2103 in
490 2038 626 2124 epistola
637 2061 694 2103 sua
709 2038 852 2122 posuerit
867 2039 950 2122 (sor.
966 2037 1088 2123 posuit)
1103 2037 1228 2101 dicens:
1246 2038 1405 2103 irradiatis
1418 2039 1495 2123 qaia

442 2148 637 2213 antichristus
650 2148 740 2212 vonit.
785 2149 881 2211 Naar
894 2157 993 2211 autam
1012 2147 1185 2211 antichristi
1206 2148 1296 2212 malti
1308 2147 1395 2231 sorti
1415 2157 1494 2211 rant.

449 2259 536 2324 Uada
558 2259 755 2344 ooqaaoscimas
776 2259 850 2344 qaia
875 2259 1038 2322 nathania
1056 2258 1131 2322 lora
1148 2268 1199 2322 ast.
1244 2260 1296 2323 Eo
1316 2257 1400 2323 aba
1417 2259 1494 2323 ario-

398 2391 408 2428 ι
415 2379 524 2447 5raat,
538 2368 593 2433 aed
612 2370 817 2452 masuerum
839 2391 874 2432 ar
894 2367 986 2432 aod-is.
1032 2370 1070 2433 δέ
1091 2370 1171 2432 enim
1185 2369 1320 2452 fulserat
1342 2391 1376 2432 aa
1399 2366 1491 2446 nodas,

442 2480 616 2543 mmwharat
629 2481 732 2565 utiquo
745 2479 906 2544 nobiscnm.
951 2479 1049 2544 Unde
1069 2503 1128 2543 nos
1146 2502 1271 2565 quoque
1291 2479 1437 2564 colligere
1459 2488 1494 2544 ot

443 2589 642 2654 aonsideraro
668 2591 818 2654 debemus
841 2611 884 2653 an
910 2590 965 2674 qui
991 2591 1165 2655 adversarii
1194 2599 1270 2654 sunt
1294 2590 1436 2667 Domini,
1458 2597 1493 2653 et

442 2699 594 2784 appellati
617 2709 693 2765 sunt
721 2701 910 2777 antichristi,
937 2701 1060 2788 possint
1086 2702 1163 2765 dare
1192 2700 1329 2785 ¹gratiam
1360 2698 1492 2764 Christi.

442 2808 548 2888 Quare
568 2809 621 2894 qui
643 2831 714 2873 oum
729 2810 868 2874 Domino
890 2830 1009 2884 sumus,
1024 2816 1058 2873 et
1080 2808 1238 2874 unitatem
1253 2808 1383 2872 Domini
1404 2815 1493 2872 tone-

396 2941 433 2980 20
442 2938 513 2981 mus
536 2926 571 2982 ot
593 2919 765 2982 secundum
789 2919 858 3003 ejus
880 2918 1098 3002 dignationem
1123 2918 1337 2983 saoordotium
1361 2918 1430 3002 ojus
1457 2917 1491 2980 in

442 3027 572 3091 ecclesia
585 3028 854 3105 administramus,
870 3050 1065 3112 quaeaunquo
1079 3030 1252 3093 adversarii
1267 3031 1336 3114 ejus
1353 3036 1387 3094 et
1407 3028 1491 3093 anti·

443 3136 552 3201 christi
567 3137 687 3202 faciunt
702 3139 869 3223 repudiare
881 3146 914 3202 et
927 3138 1057 3222 rojioaro
1067 3144 1101 3202 ot
1113 3161 1171 3224 pro
1186 3140 1358 3224 prophanis
1372 3140 1492 3204 habero

441 3248 601 3324 debemus,
620 3256 654 3312 et
668 3249 714 3312 ois
729 3249 781 3333 qui
797 3250 837 3312 do
852 3271 959 3313 errore
978 3257 1012 3313 et
1034 3251 1193 3334 pravitate
1208 3251 1369 3315 venientes
1392 3272 1491 3335 agno·

442 3363 534 3418 saunt
556 3356 650 3419 unius
675 3356 812 3420 eeclesiae
836 3378 943 3420 voram
973 3356 1080 3432 fidem,
1108 3357 1185 3421 duro
1214 3357 1275 3420 illis
1304 3379 1361 3441 por
1386 3357 1493 3421 omnia

396 3465 554 3547 25divi11ae
577 3466 691 3551 gratiae
715 3475 916 3531 sacramenta
940 3474 973 3531 et
995 3469 1130 3531 unitatis
1154 3476 1188 3532 ot
1211 3468 1284 3532 fidoi
1310 3467 1490 3531 veritatem.

442 3578 598 3663 Optamus
613 3598 681 3653 vos,
697 3576 814 3640 fratres
830 3577 995 3656 carissimi,
1013 3600 1137 3663 sempor
1151 3578 1230 3642 bene
1247 3578 1361 3642 valore.

636 3773 650 3802 0
664 3762 724 3810 Luc.
736 3762 769 3808 xi.
784 3775 822 3821 23·
1022 3773 1036 3810 ιι
1052 3778 1059 3809 ι
1074 3762 1147 3810 Joan.
1161 3762 1186 3808 ii.
1203 3763 1240 3821 18,
1256 3777 1293 3824 ¹9·
