3700 5667
454 652 520 715 802
753 649 1004 728 RELIQUIAE
1030 647 1209 711 SACRAE.

963 960 1001 1021 V.

512 1117 571 1196 Οὐ
595 1114 712 1197 πάλαι
736 1121 842 1192 τοῦτο
864 1112 1002 1214 ἔλεγον,
1025 1111 1080 1191 ὅτι
1105 1112 1147 1190 οὐ
1172 1111 1278 1192 δίδως
1305 1111 1508 1189 οὐσιῶσθαι

454 1254 492 1331 ἐν
517 1257 569 1358 τῷ
595 1248 671 1358 ὅλῳ
700 1253 841 1350 {evipi
865 1246 930 1328 τὸν
956 1245 1031 1329 υἱὸν
1051 1245 1116 1327 τὸν
1140 1249 1327 1346 μονογενῆ,
1348 1244 1412 1325 τὸν
1434 1245 1509 1349 πρὸ

454 1382 579 1483 πάσης
601 1383 751 1466 κτίσεως
770 1380 1001 1487 ι’πῐᾶρχοντας
1037 1397 1131 1455 Extat
1148 1396 1209 1455 haec
1230 1395 1406 1455 Malchionis
1427 1395 1508 1475 cpud

455 1519 615 1577 Leontium
641 1517 716 1596 Byz.
745 1518 890 1576 Adversus
916 1516 1105 1576 Nestorianos
1130 1526 1160 1575 et
1187 1515 1309 1594 Eutych.
1335 1514 1387 1573 lib.
1409 1515 1451 1573 iii.
1478 1515 1538 1580 Es

455 1622 564 1682 Codice
578 1621 647 1680 MS.
662 1620 750 1680 Bodl.

790 1787 951 1865 interprete
965 1787 1001 1846 F.
1020 1786 1177 1845 Turrinnc.

496 1915 605 1974 Nonne
626 1925 694 1973 ente
714 1914 850 1977 dicebam,
875 1916 954 1993 quod
1005 1936 1119 1974 omnem
1135 1924 1307 1980 creaturam,
1320 1915 1350 1972 in
1361 1924 1425 1973 toto
1440 1914 1507 1973 Sel.

453 2017 514 2056 non
541 1996 675 2055 concedis
700 1995 792 2053 lilium
819 1997 955 2073 unigeni·
1005 2008 1104 2055 vctore
1116 1998 1270 2064 οὐσιῶσθω,
1282 1994 1313 2052 id
1324 2006 1378 2061 est,
1388 1996 1506 2053 unitum

454 2088 529 2144 tum,
538 2076 588 2154 qui
600 2086 645 2136 est
658 2095 696 2134 ex
708 2076 871 2135 eternitate
885 2087 954 2136 unte
1005 2096 1067 2135 esse
1083 2075 1243 2135 secundum
1258 2076 1473 2134 substantium?
1521 2094 1560 2132 ιο

838 2319 1123 2368 ...φ-.-

948 2520 1008 2583 Vl.

495 2684 542 2743 Ex
563 2682 742 2764 simplicibus
762 2682 796 2742 fit
814 2693 894 2742 certe
914 2681 1129 2760 compositum
1151 2682 1226 2741 sicut
1244 2682 1275 2740 in
1288 2682 1406 2741 Christo
1419 2681 1505 2750 Jcsu,

454 2789 556 2867 quiex
570 2790 635 2847 Deo
650 2788 750 2847 Verbo
764 2797 795 2846 et
814 2787 943 2844 humano
962 2805 1092 2864 corpore,
1106 2784 1186 2863 quod
1203 2797 1248 2845 est
1263 2806 1300 2844 ex
1319 2787 1428 2845 semine
1444 2786 1507 2844 Ds-

455 2893 515 2961 vid,
530 2912 607 2950 unus
621 2893 716 2950 factus
735 2901 800 2958 est;
822 2910 1005 2967 nequaquam
1025 2889 1150 2949 ulterius
1169 2890 1312 2950 divisione
1331 2890 1437 2968 aliqua,
1453 2891 1505 2950 sed

454 2995 569 3055 unitate
589 2995 759 3054 subsistens.
803 2994 852 3052 'l'u
865 3013 936 3052 vero
949 2993 1058 3053 videris
1076 2993 1147 3052 mihi
1169 2995 1328 3054 secundum
1350 2996 1406 3055 hoc
1426 2995 1506 3055 nolle
1520 3003 1554 3062 ¹5

454 3100 693 3180 compositionem
707 3099 804 3168 fateri,
819 3110 854 3159 ut
868 3119 928 3157 non
946 3099 1109 3158 substantie
1130 3100 1169 3159 sit
1183 3100 1215 3158 in
1229 3120 1265 3160 eo
1280 3100 1357 3159 filius
1371 3101 1506 3170 Dei‚'sed

454 3205 596 3286 sepientis
617 3204 777 3264 secundum
798 3203 1061 3284 perticipationem.
1104 3204 1172 3264 Hoc
1192 3205 1270 3264 enim
1293 3206 1405 3272 dixisti,
1424 3205 1505 3283 quod

453 3309 596 3390 sepientis
609 3308 794 3389 dispendium
814 3309 953 3389 patiatur,
967 3322 998 3368 et
1017 3309 1084 3368 ideo
1103 3310 1263 3389 composits
1280 3331 1342 3370 esse
1359 3331 1418 3369 non
1436 3331 1505 3390 pos.

453 3414 510 3487 sit;
532 3435 586 3475 nec
604 3414 723 3493 cogitas,
739 3413 818 3492 quod
832 3413 932 3473 divins
951 3413 1104 3493 snpientia,
1119 3413 1195 3473 sicut
1214 3425 1369 3493 antequem
1388 3434 1420 3473 se
1440 3415 1503 3473 cxi·

452 3520 591 3588 uenisset,
601 3520 777 3578 indiminuta
788 3518 962 3598 permensit3
982 3517 1024 3576 its
1037 3527 1068 3575 et
1081 3516 1112 3574 in
1127 3517 1180 3576 hec
1194 3518 1403 3586 exinanitione,
1416 3539 1503 3596 quem
1516 3534 1556 3573 20

452 3624 542 3703 gessit
555 3623 790 3692 misericorditer,
800 3623 978 3682 indiminute
991 3633 1079 3699 etque
1093 3621 1311 3681 indemutabilis
1325 3623 1434 3681 extitit.
1459 3622 1505 3681 Et

453 3727 508 3786 hoc
524 3727 613 3785 etism
628 3725 710 3792 dicis,
723 3726 803 3802 quod
819 3727 963 3806 sapientie
976 3727 1122 3787 habitaret
1140 3728 1171 3786 in
1188 3748 1234 3796 eo,
1248 3729 1325 3787 sicut
1339 3728 1504 3787 habitemus

452 3838 484 3889 et
497 3848 550 3888 nos
564 3829 595 3887 in
609 3828 753 3895 domibus,
765 3839 799 3887 ut
813 3828 887 3888 ulter
900 3829 933 3887 in
946 3829 1039 3888 altero
1049 3852 1059 3901 ;
1080 3830 1132 3889 sed
1145 3852 1240 3910 neque
1254 3853 1321 3912 pars
1334 3832 1438 3891 domlls
1449 3851 1505 3891 nos

452 3955 564 4003 sumus,
582 3955 636 3995 nec
654 3935 747 3993 nostri
766 3956 833 4015 pars
851 3935 956 3995 domus
976 3946 1031 3994 est.
1076 3934 1144 3991 Hoec
1163 3937 1324 3992 Malchionis
1344 3936 1437 3991 Istinc
1454 3935 1504 3991 sd·

452 4038 530 4094 duxit
546 4037 641 4092 Petrus
657 4036 795 4092 Ditconus
811 4038 841 4091 in
852 4037 914 4092 Lib.
927 4037 970 4091 De
981 4037 1116 4091 Immo.
1129 4044 1154 4091 et
1171 4036 1267 4090 Gratia
1279 4036 1387 4089 Domini
1403 4034 1505 4088 Christi
1515 4043 1533 4082 2
1535 4039 1554 4101 5

452 4134 489 4188 cd
512 4133 681 4203 Mlpemium,
703 4150 761 4204 esp.
778 4132 814 4186 iii.
836 4150 863 4204 p.
882 4133 925 4203 78.
944 4141 1011 4187 tom.
1030 4132 1065 4186 vi.
1087 4131 1255 4185 Bibliotheca
1279 4130 1389 4185 Petrum
1412 4128 1504 4184 Color.

451 4228 545 4301 Aprip.
558 4245 662 4284 necnon
673 4227 743 4283 intsr
756 4227 843 4298 Opera
857 4226 986 4296 Mtlpmts'i
999 4224 1151 4294 Βιφιιιείι.
