3700 5667
737 1694 1109 1791 PRAEFATIO

412 1987 515 2041 ANTE
534 1986 728 2042 VOLUMEN
745 1988 921 2044 TERTIUM
941 1989 1052 2044 ANNO
1071 1987 1268 2045 mcccxv,
1289 1987 1432 2044 POSITA.

810 2211 1026 2243 --ψ-

785 2438 1059 2519 LECTORI.

399 2646 551 2810 CUM
576 2651 649 2720 vita
672 2650 856 2721 hominum
877 2658 953 2720 tam
978 2649 1111 2720 caduca
1133 2658 1171 2720 et
1191 2650 1308 2722 brevis
1330 2651 1387 2733 sit,
1406 2661 1446 2722 ut

496 2775 654 2847 humana
688 2777 808 2846 omnia
841 2785 938 2846 recto
972 2775 1170 2846 habeantur
1199 2775 1346 2859 incerta,
1376 2776 1445 2846 hoc

398 2900 543 2967 tertium
572 2899 740 2969 volumen
767 2908 852 2969 ants
879 2907 1047 2990 quartum
1078 2907 1116 2970 et
1142 2898 1310 2970 ultimum
1340 2900 1445 2969 edere

395 3019 483 3090 mihi
513 3021 627 3091 visum
656 3029 721 3104 est,
746 3043 793 3091 ue
819 3021 912 3092 forta
939 3021 1026 3092 orba
1047 3021 1192 3092 demum
1220 3045 1300 3114 pars
1330 3023 1444 3113 operis

394 3144 564 3236 prodiret,
592 3167 671 3235 quaa
699 3144 839 3216 residua
871 3167 981 3238 prope
1015 3148 1134 3217 omnia
1166 3148 1265 3239 quasi
1301 3169 1322 3217 e
1357 3169 1435 3216 nau·

395 3268 507 3362 fragio
524 3276 646 3360 erepta
668 3291 732 3339 suo
752 3269 890 3340 ambitu
908 3278 1103 3341 conservat.
1150 3269 1297 3340 Etenim
1315 3271 1350 3338 in
1376 3269 1443 3340 hoc

369 3400 494 3487 ‘tomo
527 3390 699 3462 nonnulla
730 3392 846 3484 posita
882 3401 967 3463 suut
998 3392 1190 3485 Opuscula,
1226 3393 1270 3463 de
1304 3392 1442 3483 quibus,

396 3514 599 3605 priusquam
633 3514 806 3608 legantur,
838 3514 957 3584 oautio
990 3514 1150 3606 quaedam
1185 3515 1259 3584 sive
1292 3514 1441 3584 monitio

395 3645 450 3707 est
469 3636 679 3708 adhibenda.
731 3638 814 3721 Quo
830 3638 975 3729 quidem
998 3639 1141 3708 nomine
1164 3660 1441 3709 commemorare

395 3761 561 3831 convenit
600 3762 668 3831 tria
704 3769 885 3853 postrema
926 3760 1088 3832 eoncilia
1124 3761 1438 3855 Carthaginiensis,

397 3884 525 3975 quippe
543 3906 624 3974 quae
647 3882 805 3953 stabilito
825 3906 923 3954 more
941 3885 1035 3976 apud
1062 3884 1172 3955 Afros
1194 3885 1288 3955 haud
1313 3885 1365 3954 ita
1382 3908 1441 3954 ve-

394 4014 505 4087 tusto,
546 4006 862 4098 rebaptizationem
909 4009 1068 4078 omnium
1112 4009 1356 4079 haereticorum
1402 4018 1440 4079 et

394 4127 699 4198 schismaticorum
725 4137 930 4200 sanxerunt.
982 4130 1036 4199 At
1059 4152 1141 4199 vero
1166 4130 1228 4200 illo
1250 4131 1327 4222 ipso
1350 4141 1441 4200 tem-

396 4274 490 4342 pore,
525 4253 586 4322 diu
620 4263 703 4324 ante
737 4250 950 4346 plenarium,
986 4254 1079 4345 quod
1120 4277 1142 4323 a
1179 4252 1217 4323 S.
1235 4251 1439 4346 Augustino

395 4376 539 4466 produci
567 4375 666 4458 solet,
697 4376 800 4447 totius
826 4374 918 4447 orbis
946 4374 1138 4456 concilium,
1160 4376 1321 4446 Romana
1348 4377 1440 4447 aliae-

395 4521 466 4588 que
495 4498 655 4568 ecolesiae
690 4498 906 4591 baptismum
940 4501 976 4569 in
1008 4501 1151 4569 nomine
1184 4499 1315 4568 Divino
1344 4500 1440 4590 prius
