3700 5667
452 682 503 745 lN
530 683 561 745 S.
587 674 838 746 VICTORINI
865 675 1227 746 FRAGMENTUM.
1304 681 1368 748 467

365 851 402 914 P.
417 856 491 934 456.
507 851 527 914 l.
546 869 574 915 a.
595 851 655 916 hac
676 854 998 939 scr—temperaretur]
1021 852 1093 917 MS.
1110 853 1167 918 tac
1189 876 1224 919 sc
1242 855 1368 919 alterna

323 952 390 1015 viee
413 953 501 1016 labor
524 954 633 1038 qur'ctie
658 953 863 1031 refoveretur,
885 955 1033 1020 Wulkeri
1056 955 1195 1040 optimas
1220 956 1367 1021 emenda-

320 1054 424 1118 tiones
443 1077 481 1119 oc
497 1057 552 1133 sic,
568 1065 601 1120 et
618 1057 717 1141 quiete
734 1057 838 1133 motis,
852 1058 1103 1123 conunemoravi.
1149 1058 1195 1122 Ac
1210 1059 1255 1123 sio
1269 1059 1368 1123 habes

320 1158 402 1221 infra
417 1181 490 1244 pag.
505 1176 581 1243 457.
598 1158 617 1222 l.
637 1179 666 1223 2.

366 1261 450 1324 lbid.
472 1261 492 1324 l.
509 1264 537 1325 6.
563 1261 668 1345 majus
689 1269 722 1325 et
744 1259 992 1346 minus-nocti]
1019 1261 1072 1327 Sic
1094 1263 1234 1328 correxit
1256 1260 1375 1330 davia,

320 1384 395 1425 num
411 1363 629 1447 apographum
644 1382 712 1448 pro,
728 1362 829 1449 majus
843 1372 877 1427 at
892 1363 995 1426 minus
1009 1371 1046 1427 ut
1060 1365 1196 1429 alterum
1209 1365 1368 1450 proeccrcit

319 1465 381 1527 diei
400 1465 536 1528 alterum
558 1465 660 1541 ucetia
676 1473 709 1528 et
729 1464 872 1549 proxime
888 1471 971 1549 post,
987 1475 1152 1552 ceteraque
1166 1489 1224 1553 pro
1239 1468 1366 1533 athno-

319 1586 385 1648 que,
400 1567 484 1649 quod
500 1565 598 1630 habet
614 1567 685 1631 MS.

366 1667 447 1730 Ibid.
471 1668 490 1731 l.
510 1689 541 1750 9.
568 1675 601 1732 et
628 1669 724 1732 horas
748 1691 806 1754 per
835 1670 1006 1755 stationes]
1034 1670 1072 1733 In
1096 1671 1169 1735 MS.
1192 1670 1309 1757 legitur
1331 1679 1366 1736 et

318 1769 400 1832 toris
422 1770 641 1854 precatorium.
695 1770 929 1857 conjecturam,
957 1795 1028 1857 quae
1053 1774 1202 1858 adposita
1227 1783 1298 1840 erat
1324 1775 1366 1837 ad

318 1871 407 1936 Gavii
423 1895 523 1956 marg.
539 1895 665 1958 quaque
680 1873 820 1938 siderum
835 1875 991 1951 stationes
1007 1874 1237 1961 significantur,
1252 1875 1365 1961 recepi.

364 1975 445 2040 Ibid.
461 1976 479 2039 1.
500 1996 547 2039 ιο.
570 1976 638 2040 dies
652 1999 709 2039 nu.
732 1984 835 2042 tetras
854 1978 928 2062 dec]
953 1979 1052 2062 Apud
1073 1987 1196 2043 veteres
1215 1977 1367 2043 Christia-

318 2100 377 2141 nos
399 2078 509 2142 haberi
531 2078 633 2143 solitae
655 2086 731 2143 sunt
753 2081 919 2157 stationes,
942 2102 1054 2166 nempe
1077 2081 1242 2168 religiosus
1263 2081 1368 2145 cultus

317 2201 391 2242 cum
402 2179 535 2264 jejunio,
550 2187 618 2244 tam
633 2190 749 2264 quarta
763 2181 853 2259 feria,
868 2204 939 2266 quae
953 2189 1056 2247 tetras
1070 2184 1255 2260 vecabatur,
1270 2204 1366 2267 quum

319 2291 420 2357 sexta,
444 2306 614 2368 parasceue
636 2284 731 2349 dicta.
781 2285 952 2351 Durabant
975 2293 1084 2350 entem
1108 2286 1179 2351 istan
1202 2288 1244 2351 ad
1267 2308 1367 2372 usque

319 2384 431 2448 horam
456 2407 582 2459 nonam,
608 2396 666 2451 aut
692 2386 790 2450 etiam
815 2387 859 2450 ad
883 2409 1069 2472 vesperam,
1099 2388 1148 2452 sin
1173 2400 1298 2475 tempus
1324 2390 1367 2454 ad

318 2508 482 2572 vesperam
502 2510 600 2573 usque
619 2489 858 2573 produceretur,
871 2489 995 2573 jejunio
1015 2511 1078 2553 non
1098 2490 1254 2555 stationes
1274 2512 1365 2554 voca

319 2590 445 2667 buntur,
461 2599 556 2674 prout
577 2591 659 2655 infru
677 2601 791 2656 auctor
810 2590 857 2655 ait
872 2613 903 2676 p.
919 2610 994 2675 457.
1009 2591 1030 2654 l.
1052 2610 1098 2657 12.
1113 2593 1166 2656 too
1185 2614 1297 2678 quoque
1316 2593 1367 2657 die

320 2695 540 2774 (sexta-mu
561 2694 716 2758 racionem
733 2695 809 2766 Deo,
829 2702 887 2759 aut
901 2693 1055 2778 jejunium
1068 2694 1218 2778 facinere.
1264 2695 1367 2759 Immo

318 2794 488 2873 interdum,
504 2803 541 2860 ut
562 2797 703 2861 ostendit
724 2799 756 2860 S.
771 2796 965 2872 Victorinus,
988 2797 1224 2883 producebatur
1242 2806 1366 2882 quarm

318 2898 405 2962 ieriae
415 2898 571 2984 jejunium
586 2898 619 2962 in
633 2898 819 2977 crastinum,
830 2919 900 2985 qnae
916 2908 966 2964 est
979 2900 1185 2986 superpositio.
1211 2900 1286 2965 Vid.
1298 2909 1366 2966 not.

318 3023 414 3086 supra
433 3002 475 3066 ad
496 3002 812 3088 S.Drours111b2nirt.
830 3003 878 3068 od
896 3003 1080 3077 Basilidem,
1092 3027 1168 3093 pag.
1187 3024 1260 3086 244.
1304 3007 1367 3070 At-

317 3110 427 3167 tamen
456 3103 642 3168 Tertulliani
670 3105 868 3189 temporibus
905 3105 1088 3183 stationem,
1119 3129 1183 3169 non
1210 3107 1366 3191 jejunium

318 3206 444 3269 tetrade
468 3205 652 3290 plerumque
676 3207 877 3271 observatam
901 3229 970 3271 esse
998 3208 1095 3271 verba
1118 3208 1186 3291 ejus
1212 3208 1365 3273 indicant.

319 3308 415 3369 Ades.
431 3307 600 3389 Pepoticoc.
632 3309 700 3370 Cur
717 3306 895 3370 actionibus
913 3317 1056 3390 quartam
1073 3317 1102 3370 et
1118 3317 1232 3371 acutam
1249 3307 1367 3371 sabboti

318 3407 456 3469 dicamus
466 3404 624 3489 ctjepimiic
631 3408 853 3490 parasceuen?
869 3426 950 3487 c.14.
970 3409 1053 3470 Haec
1064 3418 1114 3470 est
1125 3415 1218 3472 sexta
1228 3409 1365 3482 sabbati,

318 3530 383 3580 seu,
400 3507 479 3571 feria
494 3513 595 3571 sexta.
640 3506 837 3570 Addendum
851 3517 907 3572 aar
920 3515 997 3573 ante
1010 3528 1101 3591 tuque
1115 3507 1161 3572 od
1172 3529 1335 3594 vesperam.

363 3610 446 3672 Ibid.
466 3608 488 3672 l.
508 3611 557 3674 16.
577 3615 757 3694 temporum
777 3610 953 3698 tetradem]
974 3609 1089 3675 Monet
1108 3610 1278 3675 delendum
1297 3634 1366 3677 esse

317 3722 481 3797 tempomm
502 3709 688 3787 Walkerus,
710 3711 795 3796 quod
816 3732 857 3775 ex
879 3711 1086 3797 sequentibus
1110 3712 1172 3777 huc
1194 3714 1366 3779 advectum

318 3814 369 3878 sit.
400 3814 598 3898 Reposuerat
612 3812 758 3877 tetradem
773 3834 831 3898 pro
845 3814 962 3878 tetrade
976 3813 1064 3879 Gavii
1079 3815 1308 3901 apographum.

362 3915 551 4000 Ibid.l.19.
574 3937 614 3980 ex
636 3936 675 3980 ea
695 3913 747 4000 re]
771 3915 825 3980 lta
847 3917 1012 4001 praeclnre,
1033 3916 1081 3981 ait
1102 3915 1284 3991 Wulkerus,
1307 3919 1367 3983 viri

319 4017 405 4082 docti
419 4018 460 4082 ad
477 4038 579 4102 marg.
593 4015 685 4082 Gavii
702 4037 760 4100 pro
769 4037 809 4080 co
823 4039 891 4082 cere.
929 4017 1033 4103 Igitur
1047 4018 1107 4082 hoc
1122 4018 1237 4103 recepi.

362 4119 446 4183 Ibid.
461 4120 482 4183 l.
500 4138 550 4184 21.
574 4129 711 4203 quatuor
731 4119 954 4204 generationes
976 4119 1175 4204 populorum,
1195 4118 1237 4182 ab
1258 4120 1366 4184 Adam

318 4219 393 4304 dcc]
421 4219 484 4284 Hae
509 4227 584 4283 sunt
606 4218 938 4296 Antediluviauorum,
959 4218 1280 4296 Postdiluvianorum,
1297 4220 1367 4284 cir·

319 4321 539 4396 cumanorum,
557 4319 730 4405 Legclium.

364 4422 445 4485 lbid.
462 4422 484 4484 l.
501 4441 554 4501 24.
570 4429 604 4486 et
620 4430 758 4505 quatuor
771 4421 922 4487 animalia
938 4423 1010 4506 bc]
1027 4421 1103 4485 Scil.
1119 4421 1152 4484 in
1169 4423 1261 4506 Apoc.
1277 4422 1315 4486 iv.
1333 4426 1366 4499 6,

320 4543 349 4606 7.
373 4547 430 4609 per
450 4546 521 4609 quae
542 4522 670 4608 quidem
690 4523 841 4590 animalia
855 4525 923 4590 vult
944 4524 1063 4609 signari
1079 4534 1218 4608 quatuor
1234 4544 1366 4609 evange·

314 4626 409 4691 dietas
440 4626 678 4691 commutarim
704 4626 742 4691 ia
766 4626 949 4713 Apocalppa.
976 4626 1012 4691 in
1040 4625 1185 4692 Batou.
1212 4627 1366 4691 Parisino

798 4749 891 4814 302
