3700 5667
496 673 540 738 94
803 672 1050 748 RELIQUIAE
1077 672 1254 734 SACRAE.

498 839 635 923 plenam,
659 847 691 902 et
718 840 744 902 si
769 840 941 923 periculum
968 838 1163 904 infirmitatis
1188 849 1327 924 urgeret,
1352 862 1463 925 pacem
1490 842 1548 904 sub

497 949 563 1012 ictu
579 948 691 1013 mortis
705 950 893 1033 acciperent.
942 951 1007 1014 Nec
1022 950 1106 1014 enim
1122 951 1170 1015 lus
1184 960 1254 1015 erat
1269 959 1326 1015 aut
1342 951 1549 1035 permittebat

498 1067 634 1142 paterna
658 1060 762 1143 pietas
784 1066 817 1123 et
844 1058 951 1123 divina
976 1059 1143 1124 clementia
1165 1060 1327 1124 ecclesiam
1350 1060 1550 1146 pulsantibus

498 1167 612 1246 claudi,
629 1178 662 1234 et
678 1170 858 1234 dolentibus
873 1192 911 1234 ac
926 1171 1171 1254 deprecantibus
1190 1170 1257 1255 spei
1277 1171 1426 1234 salutaris
1448 1171 1549 1235 subsi-

497 1277 583 1340 dium
607 1279 768 1363 denegari‚
784 1289 821 1344 ut
844 1281 883 1343 de
906 1280 1021 1343 saeeulo
1043 1280 1227 1344 recedentes
1246 1280 1313 1343 sine
1336 1281 1546 1344 communica·
1558 1303 1574 1360 5

496 1385 584 1449 tione
599 1395 633 1450 et
644 1408 722 1471 pace
732 1388 774 1451 ad
786 1388 958 1450 Dominum
970 1387 1218 1465 dimitterentur,
1229 1389 1356 1472 quando
1368 1388 1548 1472 permiserit

496 1495 563 1580 ipse
585 1495 638 1580 qui
661 1496 762 1580 legem
784 1496 881 1571 dedit,
905 1506 963 1560 οιιι
986 1496 1087 1580 ligata
1109 1497 1143 1559 in
1167 1497 1262 1560 terris
1284 1498 1382 1561 etiam
1405 1499 1437 1561 in
1462 1498 1547 1563 caelis

496 1604 597 1689 ligata
621 1613 736 1681 essent,
761 1605 839 1669 solvi
863 1612 972 1669 autem
994 1613 1124 1690 possent
1147 1605 1209 1670 illic
1234 1628 1304 1689 quae
1330 1606 1381 1670 hic
1407 1607 1495 1691 prins
1514 1606 1547 1670 in

496 1713 628 1778 ecclesia
642 1715 847 1780 solverentur.
894 1716 957 1779 Sed
972 1715 1143 1780 enimcum
1159 1715 1321 1779 videamus
1337 1716 1421 1780 diem
1437 1738 1547 1781 rursus

495 1822 627 1886 alterius
656 1824 869 1889 infestationis
899 1825 1155 1909 appropinquare
1186 1824 1328 1910 erupisse,
1359 1832 1392 1890 et
1428 1826 1545 1890 crebris
1559 1849 1594 1887 ιο

494 1941 593 2017 atquc
607 1934 742 1998 assiduis
762 1936 996 2000 ostensionibus
1013 1936 1242 1999 admoneamur
1263 1943 1301 2000 nt
1322 1936 1364 1999 ad
1385 1942 1546 1999 certamen

496 2044 580 2127 quod
602 2044 693 2108 nobis
717 2044 818 2109 hostis
843 2045 954 2108 indicit
974 2044 1090 2108 armati
1109 2053 1142 2108 et
1159 2043 1264 2128 parati
1289 2044 1396 2121 simus,
1421 2044 1546 2129 plebem

495 2152 592 2216 etiarn
608 2153 699 2216 nobis
714 2154 754 2216 de
769 2152 875 2216 divina
889 2151 1073 2236 dignatione
1094 2153 1295 2216 commissam
1316 2153 1544 2217 exhortationi·

495 2263 554 2325 bus
578 2264 695 2326 nostris
718 2284 945 2347 praeparemus,
968 2272 1001 2327 et
1023 2284 1132 2327 omnes
1153 2264 1281 2327 omnino
1295 2263 1411 2327 milites
1426 2263 1545 2328 Christi

495 2373 549 2457 qui
564 2395 654 2437 arma
669 2372 852 2437 desiderant
862 2380 896 2437 et
910 2372 1054 2456 praelium
1065 2373 1213 2457 flagitant
1225 2373 1311 2437 intra
1320 2381 1426 2438 castre
1436 2373 1544 2438 Domi·
1558 2389 1591 2449 15

495 2482 566 2546 nica
589 2482 783 2567 colligemus,
806 2483 996 2548 necessitate
1016 2490 1150 2569 cogente
1168 2483 1346 2548 censuimus
1365 2483 1411 2547 eis
1430 2484 1484 2568 qui
1504 2484 1545 2546 de

495 2590 629 2654 eeclesia
651 2590 782 2653 Domini
807 2613 870 2654 non
896 2599 1108 2666 recesserunt,
1132 2592 1188 2653 sed
1208 2590 1430 2675 poenitentiam
1449 2613 1544 2676 agere

494 2706 528 2762 et
542 2698 710 2763 lamentari
725 2720 763 2762 ac
779 2699 952 2762 Dominum
972 2699 1134 2784 deprecari
1151 2720 1172 2762 a
1187 2698 1289 2783 primo
1303 2700 1411 2783 lapsus
1429 2700 1477 2763 sui
1492 2701 1544 2763 die

495 2830 557 2872 non
582 2808 783 2885 destiterunt,
805 2831 915 2892 pacem
939 2809 1078 2872 dandam
1104 2829 1184 2884 esse,
1207 2816 1240 2871 et
1265 2829 1319 2870 eos
1338 2809 1380 2871 ad
1400 2809 1543 2892 praelium

495 2919 580 3001 qnod
603 2918 748 2982 imminet
770 2919 888 2982 armari
913 2926 947 2982 et
972 2918 1085 2982 instrui
1110 2923 1267 3002 oportere.
1313 2917 1592 2999 obtemperem-20

493 3027 570 3090 dum
585 3035 634 3091 est
649 3050 785 3112 namque
803 3029 1035 3093 ostensionibus
1049 3035 1146 3112 atque
1157 3026 1425 3092 admonitionibus
1435 3027 1541 3112 justis,

492 3145 530 3200 nt
546 3159 566 3200 a
581 3138 763 3221 pastoribus
783 3161 856 3202 oves
875 3139 907 3201 in
929 3138 1068 3223 periculo
1089 3158 1153 3200 non
1172 3137 1372 3211 deserantur,
1388 3137 1444 3200 sed
1463 3158 1543 3218 grex

493 3245 595 3309 omnis
617 3246 650 3309 in
672 3268 768 3311 unum
792 3254 1014 3332 congregetur,
1034 3251 1067 3309 et
1090 3245 1247 3310 exercitus
1262 3245 1393 3308 Domini
1416 3246 1457 3310 ad
1477 3266 1543 3310 cer-

492 3361 601 3419 tamen
621 3356 741 3421 militiae
761 3357 896 3423 caelestis
911 3364 1061 3421 armetur.
1107 3355 1229 3420 Merito
1249 3357 1333 3418 enim
1353 3356 1543 3420 trahebatur

492 3464 667 3528 dolentium
682 3465 872 3548 poenitentia
886 3473 1030 3550 ternpore
1045 3464 1186 3549 longiore
1206 3471 1242 3527 ut
1257 3463 1389 3526 infirmis
1405 3464 1436 3526 in
1452 3465 1541 3527 exitu
1553 3480 1587 3536 25

492 3573 714 3639 subveniretur
740 3575 879 3658 quandin
906 3575 995 3660 quies
1020 3582 1054 3638 et
1077 3573 1293 3658 tranquillitas
1321 3575 1541 3657 aderatque

491 3681 617 3745 differre
632 3682 687 3744 din
706 3682 925 3766 plangentium
944 3682 1100 3767 lacrymas
1118 3690 1151 3745 et
1171 3681 1337 3746 subvenire
1358 3704 1430 3745 sero
1448 3681 1542 3743 mori·

491 3788 617 3853 entibus
646 3789 679 3851 in
709 3789 895 3855 infirmitate
932 3800 1109 3876 pateretur.
1168 3792 1218 3855 At
1247 3813 1321 3855 vero
1357 3812 1440 3853 nunc
1477 3811 1541 3852 non

490 3897 635 3974 infirmis,
649 3899 705 3962 sed
726 3898 870 3976 fort-ibus,
888 3923 950 3985 pax
972 3902 1149 3966 necessaria
1165 3909 1225 3977 est,
1242 3923 1299 3965 nec
1322 3900 1540 3974 morientibus,

490 4007 545 4070 sed
561 4006 746 4083 viventibus,
762 4008 1007 4072 communicatio
1021 4031 1042 4072 a
1059 4010 1150 4073 nobis
1173 4010 1279 4073 danda
1301 4023 1369 4081 est;
1402 4019 1439 4072 ut
1461 4029 1541 4092 quos
1551 4029 1589 4085 30

489 4117 666 4183 excitamus
680 4126 714 4183 et
732 4120 899 4182 hortamur
913 4120 956 4182 ad
978 4120 1119 4203 praelium
1141 4141 1204 4183 non
1225 4120 1361 4182 inermes
1383 4125 1416 4182 et
1440 4119 1541 4182 nudos

489 4225 712 4309 relinquamus,
728 4228 784 4290 sed
806 4227 1004 4311 protectione
1023 4228 1187 4312 sanguinis
1210 4235 1244 4291 et
1266 4228 1407 4312 eorporis
1421 4226 1540 4292 Christi

489 4332 687 4409 muniamus;
716 4341 841 4398 etcum
861 4335 903 4397 ad
926 4334 985 4398 hoc
1003 4336 1061 4400 fiat
1079 4335 1271 4400 eucharistia
1289 4341 1326 4399 ut
1346 4335 1446 4419 possit
1460 4335 1540 4398 acei-

888 4603 900 4631 c
913 4592 1005 4641 lllstth.
1018 4591 1086 4640 xviii.
1104 4596 1138 4639 ιιι.
