3700 5667
668 688 702 751 S.
718 690 1004 755 PAMPHlLUS
1030 695 1254 762 MARTYR.
1422 706 1486 771 499

482 902 531 965 Εσ
545 908 572 965 A
572 904 703 989 polooioe
718 906 812 971 libro
827 919 915 986 reato,
932 912 985 994 qui
999 910 1037 974 ab
1051 913 1179 977 Eusebio
1194 918 1253 981 solo
1268 922 1449 1006 coascu'ptus

710 1026 760 1088 est,
776 1016 829 1079 Ιιοο
844 1020 934 1101 affort
948 1020 983 1081 S.
994 1022 1206 1105 Hieronymus.

482 1164 628 1223 Eusebius
649 1168 834 1227 Cauariensis
853 1172 1113 1249 episcopus,c11jus
1132 1197 1219 1255 supra
1239 1181 1367 1245 memini.
1386 1190 1485 1262 (inquit

442 1274 637 1349 Hieronymus)
656 1274 684 1329 iu
704 1286 786 1331 sexto
801 1275 874 1333 libro
888 1281 934 1347 τῆς
951 1280 1093 1352 ἀπολογίας
1112 1284 1257 1361 (lrigenis,
1273 1286 1326 1343 hoc
1342 1287 1417 1345 idem
1432 1290 1483 1345 oh·

411 1384 428 1441 5
435 1373 502 1447 jicit
522 1376 678 1434 hlethodio
699 1380 835 1458 episcopo
856 1395 885 1439 et
907 1384 1037 1461 martyri,
1052 1386 1129 1462 quod
1152 1399 1185 1446 tu
1206 1391 1236 1446 in
1258 1392 1329 1449 meis
1350 1392 1485 1451 laudibus

439 1486 609 1555 criminaris,
631 1503 661 1549 et
684 1491 770 1549 dicit:
801 1484 967 1564 Quomodo
993 1509 1088 1550 ausus
1114 1498 1163 1553 est
1190 1490 1376 1557 Mcthodius
1402 1518 1484 1558 nuuc

439 1598 553 1655 contra
573 1593 741 1680 Origouem
764 1595 909 1668 scrihere,
927 1596 980 1681 qui
996 1596 1064 1661 haeo
1085 1606 1118 1663 et
1136 1598 1204 1665 haec
1222 1602 1261 1666 ds
1277 1605 1423 1689 Origenis
1441 1606 1484 1670 lo-

441 1709 560 1783 quutus
581 1713 630 1769 est
647 1706 870 1791 dogmatibus?
892 1716 942 1773 lib.
958 1716 976 1772 i.
997 1718 1077 1793 Apol.
1092 1720 1230 1779 aduersus
1248 1724 1293 1781 Ro
1318 1748 1382 1783 aum
1404 1727 1428 1801 ξ.
1444 1729 1483 1786 xi.

439 1831 467 1889 p·
483 1800 553 1875 456.

842 1970 1109 2000 -..ἠ-,-

395 2188 430 2225 10
527 2162 573 2237 Do
587 2176 684 2239 eodem
699 2162 793 2241 libro
805 2190 883 2243 rosto
897 2182 1055 2268 Apolopioe
1069 2184 1121 2247 loc
1134 2184 1238 2250 scribit
1253 2168 1399 2251 Erotos

788 2289 840 2353 lib.
852 2292 891 2355 vi.
908 2294 990 2355 Hist.
1007 2316 1076 2378 cap.
1093 2297 1145 2377 36.

483 2438 594 2519 Γράφει
616 2442 648 2503 δὲ
665 2447 837 2526 (Origenes)
855 2446 902 2507 καὶ
922 2449 1070 2531 Φαβιανῷ
1089 2450 1129 2533 τῷ
1150 2452 1223 2511 κατὰ
1237 2447 1352 2529 Ῥώμην
1368 2448 1485 2511 dococti·

438 2574 493 2633 πῳ,
522 2549 632 2629 ἑτέροις
657 2576 688 2613 τε
716 2553 868 2619 πλείστοις
893 2556 1039 2637 ἄρχουσιν
1063 2558 1227 2636 ἐκκλησιῶν
1253 2561 1319 2637 περὶ
1347 2562 1395 2635 τῆς
1422 2554 1483 2619 κατ’

438 2657 529 2721 αὐτὸν
548 2661 727 2739 ὀρθοδοξίας.
752 2662 832 2743 ἔχεις
850 2664 898 2725 καὶ
918 2666 1031 2728 τούτων
1051 2669 1103 2733 τὰς
1124 2665 1289 2745 ἀποδείξεις
1310 2674 1385 2748 (scil.
1408 2674 1484 2733 noti·

394 2780 508 2863 15tiam
531 2801 626 2837 rerum
648 2792 736 2857 atque
757 2782 896 2841 librorum
918 2784 1068 2863 Origenio)
1092 2780 1125 2841 εἰι
1150 2780 1223 2863 ἕκτῳ
1248 2784 1297 2859 τῆς
1321 2782 1486 2862 γραφείσης

439 2884 507 2962 ἡμῖν
522 2886 589 2964 περὶ
604 2889 655 2947 τοῦ
671 2886 778 2966 ἀνδρὸς
793 2889 967 2969 ἀπολογίας.

813 3078 975 3156 Interprete
994 3079 1113 3139 Valerio.

473 3222 526 3275 Sed
545 3232 571 3276 et
589 3222 623 3275 ad
642 3223 787 3276 Fabianum
810 3221 937 3274 Romans
988 3224 1030 3275 sit.
1054 3222 1157 3275 Harum
1170 3230 1259 3276 autem
1271 3240 1360 3278 rerum
1372 3225 1486 3279 certissi-

439 3291 514 3344 urbis
526 3293 689 3360 episcopum,
702 3302 728 3344 et
739 3291 773 3344 ad
786 3308 845 3343 com
857 3292 936 3343 ›lures
988 3308 1032 3343 ma
1041 3290 1289 3346 documentahabes
1299 3294 1326 3345 iu
1336 3304 1411 3346 sexto
1418 3294 1486 3347 libro

393 3370 429 3405 ι’.)
438 3359 503 3412 alios
516 3362 685 3413 ecclesianam
694 3360 825 3413 antistites
839 3310 871 3412 de
881 3378 937 3412 rec-
988 3359 1154 3427 Apologetici
1172 3361 1252 3421 illius,
1270 3378 1349 3431 quem
1368 3380 1416 3415 nos
1438 3380 1486 3431 pro

438 3436 465 3479 tn
475 3428 536 3482 fidei
543 3447 599 3483 suae
609 3429 709 3483 ratione
718 3429 843 3498 epistolas
853 3430 938 3498 scn'p-
988 3429 1044 3497 ejus
1057 3428 1210 3482 defensione
1223 3431 1438 3499 conscripsimus.

832 3614 1101 3663 *ψ-

529 3800 578 3863 lle
592 3798 649 3863 loo
664 3799 815 3885 Apolopio
829 3800 875 3864 ito
889 3804 1008 3864 Αιισιον
1022 3796 1243 3863 Prodestinati
1257 3820 1326 3882 cop.
1342 3818 1394 3883 43.

482 3950 538 4007 llic
554 3951 683 4029 (hiartyr
699 3952 883 4031 Pamphilus)
899 3952 992 4010 edidit
1008 3950 1243 4030 Apologeticum,
1260 3961 1289 4007 et
1308 3950 1405 4007 onmia
1421 3970 1485 4027 qua

441 4055 476 4113 do
492 4054 620 4133 Origene
638 4056 772 4114 catholici
788 4058 954 4135 ignorantes
973 4056 1167 4119 mentiuntur,
1182 4054 1316 4120 exclusit,
1331 4054 1488 4113 ostendens

392 4176 428 4229 25
440 4178 483 4221 ea.
498 4179 562 4234 quae
581 4158 816 4237 reprehensibilia
838 4160 1029 4216 inveniuntur
1044 4160 1073 4215 iu
1093 4159 1156 4233 ejus
1176 4156 1334 4236 opusculis,
1349 4157 1486 4233 Origenis

441 4283 498 4319 non
518 4283 589 4329 esse,
605 4263 654 4321 sed
669 4282 769 4321 eorum
786 4282 860 4339 quos
881 4262 943 4341 ipse
963 4272 1165 4340 superaverat:
1192 4260 1248 4317 alia
1263 4280 1331 4318 vero
1345 4280 1409 4337 quae
1424 4269 1487 4318 tota

440 4386 574 4443 perversa
594 4374 673 4430 sunt,
688 4364 809 4423 aliorum
830 4365 954 4423 duorum
976 4366 1176 4424 haereticorum
1197 4384 1269 4429 esse,
1284 4364 1333 4439 qui
1349 4362 1486 4439 Origeuis

440 4489 555 4537 nomen,
572 4490 629 4527 non
644 4468 729 4527 fidem
745 4490 799 4529 nec
812 4469 1017 4528 conscientiam
1034 4470 1207 4527 hahuerunt.

925 4738 1009 4803 3³2
