3700 5667
789 650 1064 716 AMBROSIUS.
1427 655 1447 714 5

396 823 548 903 perierint,
563 822 643 881 docti
658 822 712 879 viri
730 821 841 879 frustra
860 819 1129 879 comminiscuntur.
1172 820 1212 878 Et
1232 839 1301 878 vero
1322 819 1450 879 solennis

398 930 583 1008 Hieronymo
607 938 652 987 est
676 927 798 1007 phrasis,
820 926 940 1005 adjutus
964 926 1089 994 hortatu,
1108 925 1254 1004 precibus,
1277 926 1330 984 &c
1362 925 1447 983 Vat-

397 1052 544 1099 nsnsrus,
561 1033 594 1091 S.
613 1029 787 1112 Hieronymi
802 1050 923 1110 operum
939 1028 1034 1088 editor
1048 1029 1231 1089 novissimus.

438 1137 654 1218 eEpiphanius
674 1135 746 1194 lxiv.
761 1137 791 1193 3.
812 1135 853 1193 ait
872 1133 1061 1191 Ambrosium
1085 1132 1176 1191 fuisse
1197 1139 1248 1189 τῶν
1269 1136 1402 1206 tepores
1422 1137 1450 1190 ἐν

396 1248 489 1302 αὐλοῖς
507 1246 666 1309 βασιλικαῖς.
709 1241 780 1299 Non
799 1238 959 1297 mediocres
979 1237 1043 1313 ejus
1064 1257 1134 1316 opes
1155 1237 1280 1297 celebrat
1296 1238 1448 1317 Origenes,

395 1347 530 1417 τοσαύτην
542 1350 634 1416 κτῆσιν
647 1355 768 1424 propter
782 1343 933 1402 Christum
948 1339 1111 1420 neglexisse
1130 1352 1254 1401 testatus
1268 1363 1297 1421 p.
1313 1344 1382 1413 877.
1397 1364 1448 1403 ex.

397 1454 507 1511 hortat.
524 1451 561 1510 ad
575 1451 756 1530 martyrium.
779 1449 970 1508 annrcrus.

439 1557 613 1617 'Ambrosii
634 1559 764 1638 epistole
784 1560 822 1619 od
842 1561 1000 1639 Origenem
1025 1556 1246 1626 interciderunt,
1265 1557 1450 1633 quemadmo-

398 1663 470 1722 dum
484 1674 516 1722 et
530 1664 630 1742 paucis
646 1664 776 1744 exeeptis
792 1664 933 1744 Epistolae
948 1667 1093 1745 Origeuis,
1108 1685 1231 1743 quarum
1249 1675 1367 1723 centum
1386 1683 1448 1721 sm-

398 1766 478 1846 plius
492 1778 683 1847 congesserat,
698 1778 729 1826 et
743 1788 780 1827 ue
794 1769 899 1827 iterum
915 1769 1135 1849 dissiparentur,
1148 1770 1179 1826 in
1192 1768 1282 1827 libros
1293 1767 1450 1845 digesserat

401 1872 555 1937 Eusebius,
569 1892 656 1949 quem
671 1871 738 1930 vide
750 1870 789 1929 vi.
803 1872 853 1931 36.
876 1872 1066 1931 Fssnrcrus.

441 1986 455 2024 8
468 1977 611 2055 Origenes
634 1976 708 2036 obiit
722 1978 762 2036 Α.
774 1978 808 2036 C.
823 1978 893 2036 253.
909 1996 1004 2053 neque
1023 1976 1199 2035 Ambrosius
1217 1974 1335 2034 biennio
1354 1976 1450 2044 citius,

401 2092 436 2140 nt
450 2080 575 2146 videtur,
591 2081 638 2140 vel
653 2082 789 2141 triennio.
825 2085 912 2141 Certe
925 2081 1022 2141 adhuc
1035 2091 1098 2140 erat
1111 2091 1270 2160 superstes,
1282 2100 1347 2139 cum
1361 2080 1452 2139 libros

401 2198 503 2245 contre
517 2185 636 2245 Celsum
651 2187 678 2244 ei
693 2188 863 2246 inscriberet
878 2187 1022 2266 Origenes
1035 2186 1076 2244 Α.
1091 2185 1162 2252 247.
1187 2186 1376 2245 Fannrcrus.

442 2288 681 2349 hTillemontius
704 2300 776 2349 tom.
795 2291 838 2348 iii.
859 2292 984 2350 Memor.
1003 2312 1033 2371 p.
1051 2289 1121 2358 273.
1135 2290 1309 2369 suspicmur,
1325 2290 1451 2350 Ambro-

401 2394 477 2453 sium
491 2393 602 2452 nullum
617 2394 702 2453 aliam
716 2396 754 2453 ob
768 2416 883 2454 causam
899 2394 1021 2473 Origeni
1036 2394 1146 2473 aliquid
1159 2415 1197 2454 ex
1210 2396 1315 2474 opibus
1334 2398 1395 2455 suis
1408 2396 1450 2455 le·

400 2519 469 2577 gare
483 2499 691 2579 supersedisse,
706 2519 793 2577 quam
807 2499 886 2578 quod
901 2499 1039 2579 pecunias
1053 2500 1089 2558 ab
1103 2520 1138 2558 eo
1157 2521 1275 2579 prorsus
1294 2502 1450 2568 contemni,

401 2615 606 2688 paupertatem
621 2604 710 2663 amari
726 2604 846 2684 pulchre
860 2614 968 2663 nosset.
990 2603 1175 2663 annrcrns.
