3700 5667
410 669 513 733 SYN.
531 667 762 730 ANTIOCH.
781 666 887 729 ADV.
905 666 1110 732 PAULUM
1130 667 1296 731 SAMOS.
1340 668 1401 735 291

356 837 487 918 στάσει
516 837 621 934 Θεὸν,
641 845 736 918 Θεοῦ
764 835 848 935 υίὸν,
867 839 905 917 ἐν
929 872 968 918 τε
993 844 1134 943 παλαιᾷ
1159 841 1216 917 καὶ
1237 839 1298 944 νέηι
1323 844 1400 917 δια·

356 972 447 1078 θήκη
466 972 657 1074 ἐγνωκότες
680 974 926 1075 ὁμολογοῦμεν
949 976 1008 1051 καὶ
1034 973 1275 1075 κηρύσσομεν.
1308 972 1347 1057 ῦς
1372 976 1402 1052 δ’

355 1105 399 1185 ἀν
417 1106 653 1210 ἀντιμάχηται
671 1105 735 1185 τὸν
754 1105 829 1187 υἱὸν
847 1116 911 1186 τοῦ
930 1111 1027 1186 θεοῦ
1045 1104 1141 1186 Θεὸν
1159 1105 1209 1205 μὴ
1228 1104 1314 1185 εἶναι
1332 1105 1405 1212 πρὸ

354 1245 560 1340 καταβολῆς
579 1240 719 1338 κόσμου
736 1246 806 1340 (for.
823 1261 932 1318 excidit
947 1246 1035 1347 δεῖν)
1051 1240 1232 1321 πιστεύειν
1246 1244 1305 1320 καὶ
1320 1243 1405 1341 ὀμο-

328 1384 487 1479 5λογεῖν,
516 1375 673 1481 φάσκων
701 1377 765 1455 δύο
793 1373 907 1460 Θεοῦς
936 1377 1264 1476 καταγγέλλεσθαι,
1294 1376 1356 1456 ἐάν
1384 1381 1404 1458 ὁ

356 1511 428 1595 υίὸς
455 1520 519 1591 τοῦ
548 1517 644 1590 Θεοῦ
671 1510 764 1593 Θεὸς
792 1510 1028 1613 κηρύσσηται,
1052 1517 1180 1589 τοῦτον
1208 1512 1404 1615 ἀλλότριον

356 1654 419 1724 τοῦ
437 1647 740 1744 ἐκκλησιαστικοῦ
760 1641 907 1727 κανόνος
932 1641 1123 1745 ἡγούμεθα·
1149 1647 1209 1723 καὶ
1230 1653 1347 1725 πᾶσαι
1368 1653 1405 1726 αἱ

357 1781 542 1857 καθολικοῦ
572 1778 759 1876 ἐκκλησίαι
790 1782 1053 1881 συμφωνοῦσιν
1083 1778 1179 1876 ἡμῖν.
1221 1782 1301 1882 περὶ
1333 1779 1405 1884 γάρ

356 1910 482 1992 τούτου
510 1912 721 2014 γέγραπται·
758 1909 826 1990 f‘O
855 1910 981 2015 θρόνος
1008 1946 1078 1992 σου
1105 1914 1124 1991 ὃ
1150 1912 1243 1995 Θεὸς
1269 1919 1317 1998 είς
1342 1913 1406 1994 τὸν

315 2053 467 2127 mairam
491 2053 556 2126 τοῦ
580 2053 717 2131 αἰῶνος·
754 2044 889 2149 ῥάβδος
913 2046 1103 2146 εὐθύτητος
1130 2047 1152 2146 ἡ
1180 2046 1315 2150 ῥάβδος
1342 2053 1405 2148 τῆς

356 2183 545 2276 βασιλείας
563 2216 643 2262 σου.
673 2183 866 2283 ἠγάπησας
892 2181 1131 2282 δικαιοσύνην,
1150 2185 1209 2261 καὶ
1227 2184 1406 2282 ἐμίσησας

357 2317 517 2411 ἀνομίαν·
546 2315 604 2394 διά
632 2325 738 2395 τοῦτο
767 2316 893 2421 ἐχρισέ
915 2351 960 2395 σε
986 2320 1006 2395 ὁ
1036 2314 1140 2406 Θεὸς,
1167 2318 1186 2394 ὁ
1216 2316 1310 2400 Θεός
1334 2353 1405 2400 σου

356 2449 476 2528 ἐλαιον
489 2449 744 2549 ἀγαλλιάσεως
756 2450 855 2554 παρὰ
873 2448 956 2533 τοῦς
969 2449 1143 2555 μετόχους
1158 2485 1239 2531 σου.
1265 2455 1323 2531 καὶ
1335 2452 1406 2533 πά-

357 2593 417 2664 λιν
428 2585 597 2667 Ἠσαίας·
618 2586 693 2663 ⁸‘O
706 2585 798 2669 Θεὸς
811 2587 912 2685 ἡμῶν
926 2587 1046 2685 κρίσιν
1059 2589 1334 2685 ἀνταποδίδωσι,
1347 2594 1407 2669 καὶ

314 2749 345 2804 ¹5
358 2718 619 2798 ἀνταποδόσει·
648 2718 754 2804 αὐτὸς
773 2721 849 2825 ἥξει
873 2721 931 2798 καὶ
950 2720 1066 2798 σώσει
1084 2721 1186 2819 ἡμᾶς,
1205 2718 1286 2799 τότε
1305 2724 1401 2803 ἀνοι-

358 2854 558 2959 χθήσονται
584 2856 771 2959 ὀφθαλμοὶ
796 2860 957 2961 τυφλῶν,
978 2857 1035 2933 καὶ
1053 2851 1127 2932 ὦτα
1145 2861 1277 2960 κωφῶν
1295 2856 1402 2937 ἀκού-

356 3017 493 3070 σονται·
522 2989 603 3069 τότε
623 2992 760 3068 ἀλεῖται
779 2993 828 3074 ὡς
847 2989 982 3095 ἔλαφος
1007 2993 1027 3068 ό
1051 2989 1182 3093 χωλός·
1212 2994 1270 3069 καὶ
1293 2991 1405 3094 τρανῆ

357 3123 459 3202 ἐίτται
472 3129 633 3224 γλῶσσα
646 3120 868 3223 μογιλάλων·
896 3127 954 3201 καὶ
968 3122 1090 3218 πάλιν,
1106 3117 1199 3202 ιιἘν
1213 3126 1274 3202 σοὶ
1287 3159 1405 3227 προσ-

357 3256 530 3364 εύξονται,
549 3257 604 3336 ὅτι
626 3259 664 3335 ἐν
686 3260 748 3336 σοὶ
772 3259 791 3335 ὁ
817 3254 910 3341 Θεός
930 3258 1021 3336 ἐστι·
1052 3261 1111 3335 καὶ
1129 3257 1192 3334 οῦκ
1212 3258 1291 3337 ἐστι
1310 3260 1405 3343 Θεὸς

312 3499 348 3535 ιο
358 3495 434 3540 mus,
459 3473 629 3532 confitemur
657 3487 687 3533 et
716 3475 854 3554 praedica-
906 3475 1059 3551 ιιίι,υι’νρα
1078 3479 1156 3549 regni
1174 3479 1224 3533 tui.
1268 3476 1407 3536 Dilexisti

358 3575 433 3612 mus.
468 3555 527 3625 Qui
546 3566 641 3613 autem
660 3568 760 3614 contra
775 3555 854 3623 dicit,
897 3556 1056 3636 justitiam,
1069 3555 1189 3614 erudisti
1203 3554 1403 3634 iniquitatem:

360 3634 467 3693 Filium
483 3635 540 3692 Dei
556 3655 613 3692 non
628 3655 690 3694 esse
704 3647 772 3694 ante
786 3657 855 3694 con.
905 3645 1055 3715 propterea
1075 3636 1154 3693 ιιιιωὶί
1174 3644 1201 3695 te
1215 3636 1306 3704 Deus,
1324 3639 1405 3695 Deus

358 3715 540 3774 stitutionem
575 3715 687 3781 mundi,
716 3716 855 3794 dicitque,
906 3726 983 3785 tuus,
1004 3719 1064 3774 oleo
1084 3715 1184 3774 latitiae
1203 3737 1263 3795 prae
1280 3717 1404 3795 partici-

358 3794 474 3855 credere
488 3805 519 3853 et
530 3795 661 3854 confiteri
673 3816 735 3854 esse
747 3797 855 3866 Deum,
905 3797 990 3875 pibus
1008 3796 1074 3854 tuis.
1118 3797 1159 3855 Et
1177 3817 1277 3856 rursus
1295 3797 1404 3856 Isaiaa:

311 3901 346 3957 25
359 3896 416 3933 non
429 3895 490 3934 esse
501 3874 581 3932 aliud
593 3895 679 3952 quam
690 3875 764 3934 duos
776 3876 856 3935 Deos
906 3877 988 3934 Deus
1003 3886 1096 3935 noster
1104 3876 1250 3957 judicium
1265 3878 1405 3943 retribuit,

358 3955 521 4032 praedioere,
535 3955 586 4032 qui
602 3955 711 4013 Filium
724 3956 781 4015 Dei
796 3977 855 4014 non
907 3969 934 4015 et
945 3956 1101 4015 retribuet:
1124 3957 1294 4036 ipsevenr‘el,
1307 3967 1332 4016 el
1347 3959 1405 4016 sal·

357 4056 419 4095 esse
432 4037 528 4093 Deum
540 4034 696 4114 praedieat3
715 4036 793 4094 hunc
803 4036 855 4094 ali-
906 4037 984 4094 vabr‘t
994 4057 1052 4095 nor.
1072 4037 1154 4096 Tunc
1163 4037 1407 4115 aperienturoculr'

357 4136 445 4175 enum
464 4136 526 4173 esse
545 4117 581 4172 ab
600 4114 792 4174 ecclesiastica
811 4137 857 4175 re·
907 4137 1050 4186 cereorum,
1062 4127 1087 4175 et
1099 4138 1185 4174 aures
1195 4118 1345 4175 turdorum
1355 4138 1408 4175 ου-

357 4196 425 4274 gula
441 4196 624 4261 arbitramur,
640 4207 670 4253 et
688 4216 789 4253 omnen
809 4217 855 4254 ec·
907 4197 994 4255 dient.
1028 4196 1056 4254 T
1055 4217 1111 4255 unc
1121 4197 1204 4254 saliet
1215 4200 1287 4254 sicut
1298 4217 1406 4263 cervus,

312 4304 348 4355 30
358 4277 451 4335 clesiae
462 4275 609 4334 catholicae
624 4276 773 4333 nobiscum
789 4297 857 4334 oon·
907 4277 1048 4342 claudun
1063 4277 1231 4354 etexpedita
1243 4276 1296 4334 erit
1306 4277 1407 4354 lingua

311 4345 317 4358 ¹
358 4358 498 4414 sentiunt.
542 4355 589 4413 De
603 4356 658 4413 hoc
672 4355 748 4412 enim
766 4356 855 4434 scrip·
907 4365 1054 4416 mutorum.
1077 4356 1118 4412 Et
1127 4375 1240 4413 rursus:
1259 4355 1295 4413 In
1305 4356 1408 4414 teudo-

358 4447 422 4494 tum
432 4447 493 4495 est:
517 4435 650 4494 Thronus
661 4436 857 4494 tuusDeusin
908 4436 1029 4494 rabant:
1047 4434 1302 4514 qrroniaminteesl
1313 4436 1408 4504 Deus,-

359 4518 488 4575 soeculum
502 4515 605 4580 saeculi.
616 4515 699 4593 virga
716 4517 858 4573 νιοίὶιιιάἰ-
908 4526 934 4574 εί
949 4538 1004 4575 non
1019 4525 1059 4574 est
1075 4514 1150 4572 alius
1162 4524 1266 4594 praeter
1280 4524 1321 4574 te:
1338 4525 1369 4574 tu
1380 4537 1407 4574 e-

458 4658 519 4705 11²⁸.
532 4657 590 4705 xliv.
601 4657 625 4718 6,
639 4672 660 4720 γ.
767 4659 851 4708 thri.
863 4676 938 4708 xxxv.
951 4679 975 4721 4,
987 4674 1010 4722 5.
1110 4659 1194 4707 hlnr.
1207 4659 1255 4706 xlv.
1271 4672 1308 4717 ¹4·

843 4762 860 4800 1³
875 4762 896 4824 p
914 4761 932 4806 2
