3700 5667
593 682 642 747 IN
664 684 697 747 S.
712 681 928 749 CORNELII
952 682 1253 749 FRAGMENTA.
1406 686 1447 747 45

394 855 499 920 solens
523 865 576 919 est
604 855 769 919 eeolesiam
797 854 986 919 catholicam
1015 855 1083 918 solo
1111 853 1267 918 emioliooe
1294 855 1449 918 vocabulo

394 957 573 1021 enuntiare.
620 957 705 1021 Huio
729 958 944 1021 confessorum
969 956 1155 1041 professioni
1179 956 1288 1020 similis
1311 963 1361 1020 est
1385 957 1449 1021 ista

395 1060 546 1145 Cypriani
562 1059 667 1144 Epist.
682 1080 735 1140 40.
758 1082 813 1124 seu
828 1079 882 1145 43.
906 1059 948 1122 ad
972 1059 1097 1144 plebem
1120 1080 1230 1121 suam:
1263 1060 1348 1122 Deus
1370 1081 1449 1122 anus

395 1173 444 1238 est,
465 1172 494 1225 et
512 1162 649 1225 mmmm
673 1183 752 1225 unm
771 1172 799 1226 et
824 1183 888 1225 mro
906 1161 1039 1238 molesia,
1061 1171 1089 1225 et
1108 1183 1172 1225 mro
1194 1161 1339 1225 cathedra
1360 1182 1450 1246 super

398 1266 530 1328 Petram
544 1285 611 1326 rom
626 1264 755 1327 Domini
761 1263 915 1345 fandata.
961 1263 1007 1327 Et
1024 1263 1057 1326 id
1072 1263 1200 1347 quidem
1214 1263 1326 1328 soribit
1340 1263 1449 1348 cypri-

396 1387 487 1440 anus,
517 1382 554 1429 ut
579 1389 634 1430 sos
663 1366 716 1450 qui
743 1365 929 1429 Felicissimi
955 1365 1087 1430 factioni
1112 1366 1330 1443 adhaerebant,
1356 1373 1450 1430 extra

396 1468 562 1532 eoolesiam
571 1490 639 1531 esse
650 1468 773 1553 probet.
786 1467 962 1532 Gousrsur.
986 1467 1165 1532 Ooustantii
1176 1468 1448 1551 quaestiunculam,

398 1593 468 1656 quae
491 1571 619 1656 quidem
645 1570 788 1654 proxime
806 1571 856 1633 his
881 1570 1035 1654 sequitur,
1062 1570 1188 1647 omitto,
1213 1583 1250 1634 ut
1272 1572 1390 1636 vitetur
1413 1571 1451 1634 lis

398 1673 502 1737 omnis
517 1682 615 1756 atque
629 1672 760 1736 offensio
774 1695 814 1736 ex
835 1672 919 1736 sacili
939 1674 981 1736 ad
1001 1673 1135 1736 eandem
1154 1695 1313 1758 responso.
1359 1676 1451 1739 Oete-

397 1798 469 1840 rum
485 1783 578 1839 extat
592 1775 624 1837 in
641 1775 837 1860 Fragmento
852 1774 903 1837 Da
917 1774 1049 1839 Orsoua
1064 1775 1146 1837 Novr
1162 1775 1253 1837 Tnsr.
1266 1777 1351 1859 quod
1366 1777 1451 1840 volu-

399 1877 476 1940 mini
499 1876 602 1961 primo
621 1875 799 1952 interserui,
824 1876 919 1960 hujus
941 1875 1168 1939 Hellenolexiae
1194 1877 1380 1961 exemplum,
1397 1876 1451 1939 ubi

399 1980 463 2044 alia
478 1987 635 2064 praeterea
649 2000 713 2040 non
728 2001 768 2041 ex
782 2001 846 2041 uno
861 1985 989 2042 tantum
1007 1977 1123 2041 Latino
1138 1978 1292 2062 scriptore
1307 1978 1436 2042 adduxi.

443 2083 482 2146 P.
500 2103 546 2164 ¹9·
565 2082 586 2144 l.
601 2102 649 2144 11.
673 2081 859 2162 Quis-non
880 2083 1073 2165 moveretur]
1099 2080 1151 2144 Sia
1167 2081 1336 2145 ediderunt
1351 2081 1452 2145 Bene-

399 2184 533 2257 dictini;
574 2182 723 2247 Baluzius
748 2191 857 2247 tamen
883 2182 961 2246 nihil
987 2183 1027 2245 de
1053 2182 1188 2245 lectione
1213 2182 1295 2246 istac
1317 2183 1450 2247 notavit.

399 2286 509 2371 Vulgo
520 2286 646 2371 legitur,
659 2289 726 2350 Isto
737 2307 837 2349 eorum
845 2285 1032 2370 professione
1042 2305 1101 2347 um
1111 2306 1301 2348 moveremur.
1328 2285 1452 2349 Verum

400 2395 529 2452 oonstat
545 2411 584 2451 ex
599 2387 675 2451 edit.
686 2388 804 2464 Oxon.‚
821 2387 881 2472 legi
897 2387 930 2449 in
939 2387 1030 2450 Bodl.
1046 2408 1071 2452 1.
1088 2389 1148 2451 isto
1158 2410 1259 2451 ronan
1267 2390 1454 2473 profhetiam

399 2492 468 2576 quis
481 2513 541 2553 noo
561 2493 751 2554 mooe-retur?
774 2498 871 2574 atque
891 2488 1038 2553 secundis
1055 2490 1139 2553 euris
1157 2492 1291 2555 eandem
1310 2493 1452 2556 exhiberi

400 2594 569 2658 lectionem
598 2594 631 2656 in
654 2594 729 2656 Mu.
760 2591 844 2656 Oorh.
871 2593 1039 2657 adnotavit
1064 2593 1279 2658 Constantius.
1327 2594 1453 2658 Firmat

401 2698 483 2760 hano
499 2696 691 2780 scripturam
708 2696 778 2759 MS.
795 2703 931 2779 uterque
946 2717 1043 2771 meus,
1061 2717 1079 2759 e
1097 2696 1211 2779 quibus
1228 2718 1310 2761 nnus
1330 2697 1453 2761 deoimo

402 2798 519 2862 saeaulo
535 2799 673 2882 scriptus
688 2806 747 2861 est.

448 2900 634 2976 lbid.l.14.
656 2900 759 2962 locum
779 2920 871 2962 suum
893 2901 1077 2983 agnoscere]
1106 2901 1180 2962 Hoo
1202 2906 1260 2975 est,
1277 2900 1454 2985 presbyteri

402 3004 524 3067 honore
545 3009 642 3085 atque
663 3001 764 3084 gradu
788 3007 915 3064 servato
940 3008 1088 3085 receptus
1108 3009 1167 3065 ost.
1215 3001 1287 3066 Hoo
1310 3003 1454 3088 exemplo

402 3113 438 3170 et
453 3108 483 3169 N
487 3105 576 3169 ioaeni
591 3111 700 3188 patres
715 3106 794 3168 Cau.
813 3104 843 3167 8.
868 3103 1067 3178 Novatianis,
1086 3112 1120 3167 et
1136 3104 1208 3168 Afri
1230 3105 1263 3169 in
1287 3105 1454 3169 collatione

403 3207 650 3292 Carthaginensi
680 3206 858 3270 Donatistis
883 3207 925 3269 ad
955 3206 1119 3270 eeclesiam
1148 3208 1355 3272 redeuntibus
1380 3231 1455 3273 suos

403 3313 542 3375 honores
564 3317 795 3374 oonoesserunt.
825 3310 999 3374 Cousrxur.
1054 3310 1125 3390 Qua
1147 3311 1270 3374 ratione
1294 3312 1456 3375 Maximus
1562 3335 1567 3346 ·

404 3414 437 3477 iu
452 3414 614 3498 integrum
629 3413 724 3476 fuerit
733 3411 913 3487 restitutus,
926 3411 1009 3476 inira
1020 3412 1062 3475 ad
1076 3413 1253 3497 Epistolam
1265 3412 1308 3476 lii.
1321 3413 1454 3477 dioetur.

405 3516 494 3594 (Seil.
518 3516 560 3578 ad
575 3516 682 3591 verba,
698 3516 876 3578 Enoristum
903 3514 940 3577 de
960 3516 1093 3599 episeopo
1108 3515 1179 3598 jam
1200 3537 1254 3578 uer
1276 3515 1389 3578 hairum
1412 3535 1456 3576 ro-

405 3619 558 3694 maneium,
574 3618 629 3682 ubi
647 3617 714 3681 haeo
730 3619 941 3700 adnotantur)
957 3616 1115 3702 Rigaltius
1132 3618 1190 3694 ait,
1205 3618 1353 3703 Epiruma
1371 3617 1460 3682 semel

405 3720 444 3784 ab
470 3721 643 3804 episcopatu
668 3720 808 3804 deposito,
834 3721 973 3804 quamvis
994 3721 1165 3804 penitam,
1190 3742 1250 3784 nm
1275 3720 1459 3785 reddebatur

407 3823 487 3887 lorus
497 3844 588 3907 aeque
599 3822 733 3905 dieamus
744 3821 882 3906 episeopi.
917 3823 1105 3887 Poenitemio
1119 3824 1263 3908 oommloto
1276 3822 1458 3888 reddebatur

406 3927 436 3989 ei
456 3925 622 3988 commuuio
640 3924 826 4000 uraniam,
841 3924 894 3987 aad
915 3924 1008 4001 loica,
1033 3925 1079 3988 ito
1102 3934 1136 3988 ut
1159 3926 1256 3990 laicas
1277 3927 1313 3989 io
1335 3927 1458 3990 mmm

406 4037 549 4092 maeret.
594 4029 640 4090 Ar
663 4027 827 4090 Eoom‘stm
848 4027 884 4090 do
902 4028 1072 4112 episcopatu
1094 4028 1253 4114 depositas,
1279 4031 1315 4093 iu
1337 4029 1460 4094 ammeio

407 4148 467 4192 noa
493 4129 645 4193 rmromit.
700 4128 884 4194 Notandum
915 4130 1079 4195 eeclesiam
1108 4131 1280 4215 aliquando
1309 4132 1349 4194 de
1375 4131 1459 4195 elero

407 4231 628 4295 schismaticos
649 4232 682 4294 in
705 4232 864 4317 integrum
886 4231 1074 4295 restituisse.
1120 4233 1172 4297 Sir
1195 4233 1391 4297 Novatiauos
1412 4255 1460 4297 re·

408 4335 585 4399 stituerunt
601 4335 722 4399 Nioaeni
738 4335 863 4399 Patres.
887 4334 990 4398 Porro
1006 4335 1092 4419 ipsos
1103 4334 1259 4399 Arrianus
1273 4359 1294 4400 a
1309 4337 1460 4401 Patribus

409 4437 637 4502 Alexandrinis
651 4438 746 4502 salvis
760 4438 933 4501 honoribus
948 4446 1093 4522 receptos
1114 4439 1209 4502 luisse
1223 4461 1274 4502 res
1289 4439 1368 4503 satis
1383 4447 1461 4504 uota

409 4547 470 4603 est.
518 4538 617 4602 Haud
633 4539 731 4624 igitur
745 4540 860 4603 mirum
876 4540 902 4603 si
919 4539 1084 4604 Maximus
1104 4541 1146 4604 ad
1166 4541 1331 4605 eoelesiam
1349 4542 1459 4615 redux,

411 4642 506 4705 hrum
520 4663 608 4706 sumu
622 4663 781 4727 oqaosoere
796 4643 903 4726 jussus
918 4643 979 4721 sit3
1010 4642 1188 4729 praesertim
1208 4666 1279 4708 oum
1295 4643 1461 4707 verisimile
