3700 5667
596 672 782 736 CONCIL.
808 673 1057 736 CARTHAG.
1074 672 1133 737 VI.
1323 676 1387 738 113

337 839 432 902 corde
454 839 619 903 credentes
641 840 855 903 descendisset
878 840 1017 925 Spiritus
1039 850 1180 919 sanctus,
1204 863 1266 925 quo
1287 841 1387 905 adim-

337 949 415 1034 pleti
430 949 525 1013 variis
546 949 661 1034 linguis
676 950 780 1013 Deum
805 951 1039 1027 benedicerent,
1055 951 1257 1015 nihilominus
1278 958 1386 1016 tamen

336 1060 467 1123 beatum
488 1059 665 1144 apostolum
681 1060 813 1124 Petrum
828 1061 924 1125 divini
947 1063 1098 1147 praecepti
1116 1069 1214 1147 atque
1234 1061 1388 1147 evangelii

336 1190 508 1233 memorem
529 1170 716 1254 praecepisse
737 1179 775 1234 ut
796 1171 1035 1256 baptizarentur
1058 1171 1154 1235 iidem
1177 1171 1221 1234 illi
1244 1172 1297 1257 qui
1318 1173 1387 1256 jam

309 1279 464 1357 sfuerant
478 1288 591 1344 sancto
605 1280 719 1365 spiritu
739 1280 832 1366 pleni,
848 1290 886 1346 ut
905 1282 983 1345 nihil
1004 1282 1252 1366 praetermissum
1268 1281 1388 1346 videre·

337 1398 392 1454 tur
407 1413 469 1475 quo
490 1391 595 1455 minus
616 1415 673 1476 per
692 1393 799 1456 omnia
820 1392 917 1456 divini
942 1392 1093 1477 praecepti
1114 1399 1212 1478 atque
1234 1392 1387 1477 evangelii

337 1501 438 1586 legem
452 1501 628 1586 apostolica
645 1503 829 1587 magisteria
848 1511 1021 1567 servarent.
1066 1503 1264 1588 Baptismum
1279 1514 1387 1567 autem

337 1632 401 1673 non
423 1633 490 1674 esse
512 1633 576 1695 quo
597 1611 739 1676 haeretici
762 1619 905 1689 utuntur,
929 1636 987 1678 nec
1010 1635 1198 1699 quemquam
1224 1615 1308 1698 apud
1332 1636 1388 1677 cos

338 1722 392 1807 qui
404 1722 533 1787 christo
547 1724 757 1788 adversantur
771 1746 829 1809 per
842 1725 981 1810 gratiam
992 1725 1113 1789 Christi
1129 1748 1220 1810 posse
1235 1724 1387 1811 proficere

291 1850 328 1890 10
337 1833 505 1919 diligenter
519 1856 621 1919 nuper
634 1857 818 1920 expressum
833 1844 883 1900 est
897 1837 930 1899 in
945 1835 1080 1920 epistola
1095 1858 1165 1919 quae
1178 1836 1219 1900 ad
1231 1835 1386 1912 Quintum

338 1943 490 2030 collegam
507 1954 652 2009 nostrum
674 1945 706 2008 in
724 1946 922 2011 Mauritania
944 1946 1154 2009 constitutum
1177 1968 1272 2030 super
1293 1968 1332 2010 ea
1352 1967 1388 2010 re

337 2054 458 2139 sclipta
479 2063 538 2132 est,
562 2055 639 2119 item
659 2055 691 2117 in
710 2055 826 2120 litteris
846 2078 926 2141 quas
948 2055 1076 2140 collegae
1099 2055 1199 2119 nostri
1221 2056 1262 2119 ad
1282 2054 1385 2140 coe'pi-

338 2185 450 2249 scopos
486 2163 519 2227 in
548 2163 700 2228 Numidia
736 2165 942 2249 praesidentes
978 2172 1054 2229 ante
1091 2166 1258 2236 fecerunt3
1297 2165 1387 2249 cujus

337 2274 503 2358 utriusque
516 2273 660 2358 epistolas
675 2274 820 2360 exempla
834 2275 998 2339 subdimus
1012 2274 1073 2339 hic.
1118 2274 1279 2338 Addimus
1294 2274 1387 2360 plane

293 2393 372 2459 lset
395 2384 606 2472 adjungimus,
632 2387 733 2451 frater
758 2387 931 2463 carissime,
955 2409 1109 2451 consensu
1133 2394 1167 2451 et
1193 2387 1387 2451 auctoritate

337 2497 507 2574 communi,
526 2504 563 2561 ut
585 2496 683 2562 ctiam
705 2498 731 2561 si
754 2498 809 2583 qui
831 2498 1009 2582 presbyteri
1031 2505 1090 2562 aut
1113 2497 1247 2572 diaconi,
1263 2496 1317 2581 qui
1337 2497 1386 2561 vel

337 2606 371 2670 in
391 2606 522 2671 ecclesia
540 2606 697 2672 catholica
713 2606 801 2691 prius
821 2606 960 2670 ordinati
982 2606 1110 2683 fuerint,
1133 2614 1167 2670 et
1184 2608 1387 2689 postmodum

338 2716 511 2801 perfidiae
540 2717 673 2781 rebelles
701 2725 815 2781 contra
843 2716 1006 2780 ecclesiam
1040 2717 1201 2790 steterint,
1226 2716 1275 2780 vel
1301 2716 1387 2801 apud

338 2827 504 2890 haereticos
526 2851 546 2891 a
568 2828 843 2914 pseudoepiscopis
865 2836 899 2892 st
920 2827 1117 2892 antichristis
1139 2834 1252 2892 contra
1266 2828 1386 2893 Christi

292 2960 330 3001 20
338 2937 575 3023 dispositionem
590 2938 755 3023 prophana
769 2936 968 3001 ordinatione
984 2937 1120 3021 promoti
1136 2938 1209 3015 sint,
1225 2946 1259 3003 et
1274 2947 1388 3004 contra

338 3048 439 3112 altare
454 3071 550 3112 unum
566 3061 663 3134 atque
675 3049 815 3113 divinum
831 3049 985 3113 sacrificia
999 3049 1076 3112 foris
1089 3049 1170 3114 salsa
1184 3072 1222 3114 ac
1234 3049 1388 3132 sacrilega

338 3157 449 3222 offerre
464 3159 570 3223 conati
591 3158 667 3235 sint,
684 3182 739 3223 eos
754 3182 879 3245 quoque
899 3160 959 3223 hac
979 3158 1160 3223 conditione
1179 3158 1295 3244 suscipi
1316 3180 1388 3221 curn

338 3277 543 3334 revertuntur
565 3279 602 3335 ut
628 3270 860 3335 communicent
883 3270 966 3346 laici,
988 3278 1021 3334 et
1043 3269 1122 3333 satis
1140 3269 1280 3332 habeant
1303 3269 1388 3353 quod

337 3381 555 3445 admittuntur
583 3382 625 3445 ad
655 3403 767 3466 pacem
794 3381 847 3465 qui
876 3380 986 3444 hostes
1011 3380 1099 3465 pacis
1126 3378 1302 3451 extiterint,
1330 3399 1387 3442 neo

292 3510 327 3569 25
338 3489 453 3553 debere
468 3512 523 3553 cos
537 3498 732 3555 revertentes
748 3513 786 3555 ea
805 3491 891 3577 apud
910 3512 969 3554 nos
984 3487 1193 3553 ordinationis
1208 3496 1241 3553 et
1259 3487 1387 3551 honoris

337 3623 429 3665 arma
451 3600 589 3664 retinere
614 3601 728 3685 quibus
756 3609 868 3665 contra
892 3623 950 3663 uos
973 3599 1202 3663 rebellaverint.
1250 3599 1388 3684 Oportet

337 3711 420 3776 enim
441 3712 624 3775 sacerdotes
642 3719 675 3775 et
695 3710 858 3775 ministros
873 3710 925 3795 qui
946 3709 1041 3773 altari
1057 3720 1090 3773 et
1107 3708 1268 3773 sacrificiis
1283 3709 1389 3773 deser-

337 3822 428 3886 viunt
442 3822 583 3904 integros
598 3829 695 3906 atque
710 3821 930 3886 immaculatos
945 3844 1025 3898 esse,
1040 3843 1111 3885 cum
1127 3820 1283 3884 Dominus
1298 3820 1388 3885 Deus

338 3931 371 3993 in
385 3930 529 3995 levitico
543 3930 694 4016 loquatur
708 3940 742 3994 et
757 3931 862 3996 dicat:
886 3932 996 3994 5Ηοιιιο
1017 3931 1052 3994 in
1073 3953 1130 4016 qao
1141 3931 1244 4014 suerit
1266 3930 1389 3994 macula

288 4049 365 4119 μοι
378 4040 488 4103 vitium
502 4061 561 4104 ιιοιι
575 4040 692 4104 accedet
705 4041 809 4122 offam
824 4041 904 4104 dona
919 4041 984 4104 Deo
994 4066 1009 4112 ‚·
1041 4041 1118 4105 item
1138 4041 1171 4104 in
1186 4041 1301 4105 Exodo
1320 4040 1389 4104 haec

338 4152 449 4215 eadem
468 4151 633 4237 praecipiat
653 4159 687 4216 et
705 4152 809 4215 dicat:
842 4152 897 4215 tEt
918 4151 1082 4215 sacerdotes
1105 4151 1158 4235 qui
1181 4150 1324 4213 accedam
1346 4149 1392 4213 ad

338 4261 506 4324 Dominam
534 4262 636 4324 Deum
666 4262 900 4344 modificentur,
931 4282 967 4322 ne
988 4261 1073 4344 sorte
1105 4257 1294 4342 derelinquet
1324 4257 1391 4322 illos

338 4371 502 4435 Dominus.
547 4371 592 4435 Et
620 4371 754 4436 iterum:
793 4373 859 4437 ”Ei
888 4393 955 4434 cum
981 4370 1124 4433 accedatur
1149 4368 1324 4431 ministrare
1348 4368 1393 4431 od

404 4623 415 4651 ¹
429 4613 507 4662 levit.
519 4614 569 4661 xxi.
583 4628 621 4662 ιι.
741 4619 751 4653 t
764 4615 839 4663 Exod.
851 4616 903 4661 xix.
919 4628 955 4661 22.
1068 4626 1083 4653 ¹1
1096 4616 1171 4662 Exod.
1185 4614 1268 4661 xxviii.
1281 4626 1320 4673 45.

383 4749 449 4791 VOL.
467 4749 511 4790 111.
863 4751 883 4796 Q
