3700 5667
484 670 548 737 460
780 670 1030 746 RELIQUIAE
1057 669 1234 734 SACRAE.

483 836 561 898 item
591 835 804 921 quadraginta
826 834 900 917 (for.
924 833 1106 919 sexaginta)
1134 839 1201 897 tres
1231 829 1420 917 septimanae
1451 830 1549 915 apud

483 942 673 1016 Danielem,·
706 955 726 983 ¹⁰
742 947 827 1028 apud
856 944 926 1008 Noe
951 951 1075 1028 septem
1100 941 1207 1007 omnia
1234 940 1354 1006 munda
1378 939 1413 1002 in
1439 960 1545 1017 παις

483 1062 498 1092 ¹¹
513 1061 636 1136 septem
666 1053 812 1118 vindiotae
841 1055 881 1118 de
911 1053 1017 1126 Cain;
1063 1062 1077 1090 ⁰
1090 1058 1213 1136 septem
1245 1049 1320 1116 anni
1348 1049 1545 1114 remittendi

483 1161 604 1239 debiti3
631 1162 786 1227 vluoerna
808 1185 880 1227 oum
902 1170 1025 1246 septem
1047 1160 1185 1238 orificiis,
1208 1167 1357 1246 qseptem
1378 1159 1543 1226 solumne

483 1268 649 1354 sapientise
663 1269 696 1331 in
711 1270 840 1333 domum
855 1269 929 1354 (for.
944 1269 1056 1350 domu)
1074 1268 1262 1333 Solomonis.
1550 1296 1571 1356 5

528 1377 626 1441 Nune
644 1377 742 1462 igitur
756 1379 797 1442 de
817 1377 979 1442 inerrabili
997 1378 1071 1460 (lor.
1087 1377 1287 1459 innarrabili)
1301 1376 1405 1463 gloria
1419 1377 1485 1442 Dei
1503 1386 1540 1443 et

483 1485 685 1571 providentia
705 1486 813 1549 videas
834 1484 1024 1561 memorari;
1045 1493 1165 1560 tamen,
1185 1493 1224 1550 ut
1245 1506 1334 1549 mens
1355 1506 1456 1570 parva
1479 1507 1539 1573 po-

483 1596 571 1669 terit,
588 1595 728 1660 oonabor
742 1596 920 1660 ostendere.
960 1594 1011 1659 Ut
1025 1595 1134 1659 Adam
1148 1594 1236 1658 illum
1250 1615 1308 1679 per
1321 1595 1539 1678 septimanam

483 1705 703 1771 reformaverit
727 1706 798 1788 (for.
820 1706 1036 1790 reformaret),
1058 1712 1156 1790 atque
1178 1706 1332 1770 universae
1355 1726 1420 1769 suae
1444 1726 1537 1770 erea-

484 1826 565 1880 turae
595 1816 787 1895 subveniret,
810 1816 981 1880 nativitate
1004 1815 1060 1880 filii
1083 1816 1132 1880 sui
1154 1817 1235 1881 Jesu
1257 1814 1378 1880 Christi
1400 1814 1537 1880 Domini
1553 1835 1591 1876 ιο

483 1925 584 1990 nostri
614 1925 735 1991 laetum
764 1934 825 1991 est.
875 1926 954 2009 Quis
983 1929 1093 2014 itaque
1121 1928 1190 2013 lege
1220 1927 1281 1991 Dei
1309 1927 1432 2001 doetus,
1462 1927 1538 2011 quis

482 2036 594 2121 plenus
614 2036 737 2122 Spiritu
757 2046 880 2114 saneto,
894 2060 960 2102 uon
977 2038 1128 2123 respiciat
1145 2038 1251 2115 eorde,
1267 2059 1307 2101 ea
1325 2037 1377 2100 die
1397 2035 1536 2100 Gabriel

481 2148 629 2233 angelum
645 2148 760 2212 Mariae
774 2149 886 2233 virgini
906 2148 1149 2234 evangelizasse,
1166 2170 1230 2232 qua
1247 2147 1298 2212 die
1316 2148 1413 2211 draeo
1427 2145 1536 2211 Evam

482 2259 627 2335 seduxit3
651 2250 693 2323 'ea
716 2258 768 2322 die
792 2259 948 2344 Spiritum
972 2267 1117 2324 sanetum
1143 2257 1282 2322 Mariam
1305 2255 1459 2342 virginem
1485 2257 1535 2321 in-

482 2368 628 2445 undasse,
643 2390 707 2454 qua
726 2367 828 2432 lucem
847 2368 923 2433 feeit
933 2394 942 2445 ς
965 2390 1004 2433 ea
1024 2368 1075 2433 die
1096 2368 1129 2431 in
1146 2390 1242 2433 earne
1261 2389 1330 2432 esse
1344 2389 1535 2432 conversum
1549 2380 1587 2440 15

483 2478 559 2561 (lor.
580 2478 701 2543 exoidit
723 2478 912 2565 Christum),
938 2501 1002 2564 qua
1025 2487 1144 2543 terram
1168 2486 1202 2542 et
1226 2499 1342 2562 aquam
1365 2477 1463 2550 leoit;
1494 2500 1535 2542 ea

481 2586 533 2651 die
555 2587 588 2651 in
610 2587 694 2652 laeto
715 2610 785 2652 esee
807 2610 1005 2666 conversum,
1023 2609 1087 2674 qua
1108 2586 1218 2651 stelles
1240 2586 1333 2661 secia
1362 2607 1401 2651 ea
1422 2587 1476 2651 die
1499 2588 1534 2652 in
1607 2606 1610 2610 ·

481 2697 723 2782 sanguineque
742 2707 829 2764 terra
849 2712 882 2763 et
901 2721 987 2784 aqua
1006 2698 1103 2764 foetus
1123 2720 1198 2762 suos
1216 2698 1383 2762 ediderunt
1393 2721 1402 2772 ;
1424 2718 1465 2761 ea
1480 2697 1534 2761 die

481 2807 515 2869 in
538 2826 633 2870 earne
656 2828 725 2870 esse
748 2829 934 2871 conversum
959 2808 1031 2889 (lor.
1054 2814 1287 2884 eonversatum,
1310 2806 1371 2870 rid.
1394 2811 1463 2869 not.
1488 2806 1532 2870 ad

481 2913 535 2978 lin.
563 2917 640 2998 15.),
663 2936 727 3000 qua
753 2915 804 2978 die
829 2916 989 2980 hominem
1015 2917 1055 2981 de
1080 2918 1176 2981 humo
1202 2917 1374 2989 instruxit;
1410 2937 1449 2980 ea
1479 2916 1585 2981 die20

481 3029 594 3087 natum
608 3045 676 3087 esse
691 3023 941 3108 Christumque
955 3026 1114 3090 hominem
1128 3027 1240 3099 finxit;
1265 3026 1377 3091 eadem
1393 3024 1466 3109 (lor.
1480 3047 1532 3102 ea,

489 3132 644 3215 Walter.)
661 3132 712 3197 die
732 3155 800 3197 esse
819 3156 959 3219 passum,
979 3158 1042 3219 quo
1061 3135 1135 3220 (for.
1151 3157 1226 3221 qun,
1251 3135 1404 3219 Walter.)
1419 3136 1531 3200 Adam

481 3244 616 3321 oeeidit3
649 3267 688 3309 ea
710 3244 761 3309 die
785 3247 961 3311 resurrexit
984 3246 1058 3327 (lor.
1082 3247 1301 3326 resurrexisse,
1330 3245 1483 3328 Walter.)
1509 3269 1532 3312 a

481 3355 625 3432 mortuis,
650 3378 713 3440 qua
737 3357 839 3420 lucem
865 3356 950 3421 feeit.
1005 3356 1251 3421 Humanitntem
1283 3377 1408 3442 quoque
1436 3378 1532 3423 suam

480 3465 661 3551 septenario
676 3488 807 3531 numero
825 3473 1035 3544 consummat,
1050 3464 1239 3535 nativitatis,
1256 3465 1408 3543 inlantiae,
1424 3468 1531 3550 pueri·
1544 3479 1584 3538 ²5

479 3574 545 3653 tiae,
574 3574 806 3652 adolesoentiae,
832 3576 1020 3660 juventutis,
1052 3574 1200 3659 perfeotae
1231 3575 1347 3648 aetatis,
1379 3596 1530 3640 oceasum

482 3683 554 3762 (lor.
585 3705 723 3759 oceasus,
759 3684 924 3766 Walter).
979 3684 1002 3746 J
1005 3683 1104 3748 udaeis
1137 3705 1261 3768 quoque
1292 3683 1529 3748 humanitatem

480 3812 570 3854 suam
593 3791 691 3855 etiam
713 3792 763 3856 his
786 3793 888 3857 modis
911 3794 1064 3871 ostendit,
1087 3816 1159 3859 eum
1182 3793 1291 3867 esurit,
1317 3792 1399 3871 sitit,
1422 3794 1529 3858 cibum

479 3905 653 3983 potumque
672 3898 773 3975 dedit,
787 3921 858 3964 oum
878 3902 1031 3980 ambulat,
1048 3925 1103 3967 eas
1122 3925 1191 3967 esse
1210 3903 1270 3966 soit
1289 3901 1362 3984 (lor.
1377 3910 1410 3966 et
1426 3924 1528 3966 seces-

479 4008 533 4087 sit,
554 4007 637 4072 Mat.
660 4007 723 4075 xiv.
745 4028 795 4084 22,
813 4013 896 4092 tre),
921 4026 1013 4077 roum
1035 4035 1130 4098 super
1151 4010 1336 4076 cervicalem
1360 4015 1432 4093 (lor.
1455 4032 1526 4073 eer-
1538 4034 1584 4091 30

478 4118 570 4202 vioal)
593 4119 742 4185 dormivit
753 4146 763 4202 ;
787 4143 859 4185 eum
878 4131 987 4188 autem
1006 4124 1090 4188 freta
1108 4131 1166 4187 aut
1186 4123 1259 4203 (for.
1282 4122 1368 4206 orte)
1388 4121 1530 4204 procella

478 4230 611 4315 pedibus
625 4230 811 4317 ingreditur,
827 4233 929 4297 ventis
944 4233 1090 4317 imperat,
1106 4254 1209 4317 aegros
1228 4239 1331 4308 curat,
1348 4238 1381 4295 et
1396 4230 1529 4295 claudos

477 4341 639 4416 reformat,
656 4363 756 4407 eaeoos
771 4343 845 4425 (lor.
863 4364 963 4408 eaeoos
982 4341 1150 4419 illuminat,
1165 4342 1279 4406 surdos
1300 4340 1475 4417 auditione,
1492 4352 1528 4406 et

914 4541 929 4568 n
943 4530 1005 4578 Gen.
1017 4531 1051 4578 iv.
1067 4545 1102 4592 ¹5·
1290 4541 1304 4568 0
1317 4529 1390 4578 Dent.
1402 4545 1442 4576 xr.
1461 4545 1479 4575 ι.

912 4622 924 4658 ‘1
940 4612 1012 4660 Prov.
1024 4613 1057 4659 xi.
1072 4627 1091 4657 ι.
1294 4612 1392 4659 rut-rc.
1405 4611 1436 4657 iv.
1451 4612 1490 4670 38.
