3700 5667
463 682 530 747 let
792 682 1173 747 ANNOTA'I'lONES

509 857 547 919 P.
563 876 639 940 430.
655 854 675 917 l.
695 874 742 939 15.
760 866 796 920 ot
816 866 861 918 τὸν
880 855 978 939 Λόγον]
994 857 1039 918 Η.
1056 878 1083 918 e.
1104 852 1211 917 Unum
1226 876 1265 918 ex
1281 854 1376 919 tomis
1394 856 1512 940 operis,

464 959 548 1043 quod
571 978 592 1021 a
618 956 736 1021 Photio
759 957 876 1020 lectum
899 963 968 1033 est,
999 958 1144 1040 idemque
1168 956 1255 1020 venit
1278 955 1446 1019 dicendum
1469 957 1513 1019 de

463 1066 606 1124 tractatu
621 1060 654 1122 in
669 1059 750 1123 Osee
770 1059 912 1144 proxime
931 1066 1004 1143 post
1019 1064 1204 1136 memorato,
1221 1058 1282 1122 etsi
1297 1059 1336 1121 de
1351 1057 1423 1133 hoo,
1437 1065 1511 1121 tan-

463 1160 602 1242 quamsi
624 1170 792 1245 separatus
813 1167 846 1224 et
863 1161 970 1243 justus
991 1160 1120 1243 quidam
1140 1159 1220 1223 liber
1242 1164 1334 1232 osset,
1352 1158 1509 1242 Hierony·

462 1282 533 1324 mus
547 1262 579 1323 in
594 1262 676 1326 libro
690 1264 739 1325 Dc
762 1262 847 1325 Viris
861 1261 916 1326 Ill.
933 1261 1057 1325 locutus
1073 1268 1131 1325 est.

508 1364 592 1427 lbld.
613 1365 632 1427 l.
652 1386 700 1449 19.
718 1377 936 1446 Χερουβὶμ-γῆς
954 1378 1000 1429 τοῦ
1017 1373 1109 1439 Ἰακὼβ
1129 1364 1240 1449 arithm]
1263 1362 1312 1426 De
1333 1362 1508 1427 Cherubim

461 1488 558 1550 opere
581 1467 682 1531 Mosis
704 1468 757 1532 adi
780 1490 870 1553 capp.
895 1491 989 1531 xxxv.
1012 1474 1046 1531 et
1066 1467 1184 1532 xxxvii.
1204 1466 1316 1540 Ecodi,
1340 1467 1380 1529 de
1401 1465 1509 1548 lapide

461 1590 536 1632 vero
549 1590 570 1632 a
584 1570 607 1631 J
608 1570 709 1633 aeobo
723 1571 828 1655 posito
843 1578 916 1655 post
931 1571 1014 1634 visos
1034 1571 1075 1634 ab
1093 1592 1131 1634 eo
1151 1570 1281 1654 angelos
1300 1569 1508 1633 ascendentes

461 1677 496 1734 et
510 1671 748 1749 descendentes,
763 1674 989 1737 eonsulendnm
1002 1679 1052 1737 est
1067 1694 1135 1757 cap.
1152 1672 1259 1735 xxviii.
1277 1672 1404 1735 (icamia.
1434 1669 1509 1731 Hac

460 1772 493 1834 in
514 1795 550 1836 re
572 1795 697 1858 quoquo
718 1775 864 1841 imitatus
885 1782 956 1840 erat
979 1775 1103 1838 Pierius
1125 1775 1304 1858 Origenem,
1330 1773 1409 1836 duos
1432 1771 1505 1834 illos

462 1874 628 1959 Seraphim
649 1877 736 1961 apud
757 1878 888 1941 Esaiam
909 1877 1048 1941 indicare
1067 1877 1233 1941 Christum
1253 1883 1286 1940 et
1302 1875 1455 1960 Spiritum
1471 1874 1506 1937 S.

461 1985 678 2054 statuentem
707 1980 782 2064 quin
798 1981 893 2044 immo
908 1980 1068 2044 interdum
1084 1979 1261 2064 allegorias,
1278 1987 1315 2042 ut
1334 1978 1408 2042 alibi
1428 1976 1506 2047 dixi.

459 2080 507 2144 ita
528 2083 661 2145 vecorde
682 2088 871 2159 sectantem,
887 2094 925 2145 ut
947 2082 1113 2146 veritatem
1137 2081 1246 2157 literae,
1268 2102 1343 2164 quse
1361 2087 1508 2153 vocatur,

460 2183 567 2247 Sacrae
583 2183 747 2267 scriptura
761 2184 793 2246 in
805 2184 899 2248 rebus
914 2184 1120 2267 proculdubio
1132 2205 1204 2247 vere
1215 2184 1315 2268 gestis
1329 2183 1507 2246 subvertat.

460 2282 534 2347 Hoc
558 2292 665 2348 tamen
689 2306 730 2349 an
754 2285 864 2348 feeerit
890 2285 1014 2349 Pierius
1039 2284 1226 2370 magistrum
1251 2306 1341 2347 suum
1366 2292 1507 2357 secutus,

459 2408 502 2451 an
527 2395 641 2451 contra
665 2387 697 2449 in
724 2388 953 2471 perscrutando
979 2387 1120 2471 mystico,
1147 2409 1202 2451 seu
1232 2386 1399 2471 spirituali,
1425 2385 1507 2447 mul·

460 2496 567 2553 tarum
582 2510 658 2552 sane
669 2489 808 2573 partium
826 2489 998 2574 Scriptores
1012 2511 1116 2566 sensu,
1128 2490 1178 2575 pie
1192 2511 1230 2553 ao
1246 2488 1349 2552 sobrie
1361 2496 1508 2551 versatus

458 2589 566 2667 inerit,
581 2591 695 2655 nescio.
735 2590 797 2654 Sed
813 2589 910 2655 etiem
926 2591 1158 2676 Hieronymum
1173 2590 1264 2654 video
1279 2597 1405 2654 tantum
1421 2590 1504 2652 insa·

458 2692 563 2769 niisse,
578 2701 615 2756 ut
633 2693 785 2757 scriberet
802 2693 843 2757 ml
860 2693 1074 2777 Nepotianum
1089 2693 1121 2756 in
1139 2693 1271 2776 epistola
1287 2693 1323 2755 ds
1347 2693 1418 2755 Vita
1438 2692 1478 2754 ol
1492 2732 1505 2744 -

458 2796 600 2871 siconem,
616 2794 779 2859 historiam
796 2796 931 2858 Davidis
950 2803 983 2857 et
1000 2795 1121 2859 Abisae
1140 2794 1313 2858 Sunamitis
1322 2793 1505 2879 fiprrscrttum

456 2918 517 2961 esee
539 2896 575 2958 do
595 2897 685 2959 animo
704 2897 751 2959 ccl
771 2895 988 2959 Atellanarum
1010 2897 1138 2973 ludicro,
1158 2896 1183 2959 si
1207 2897 1346 2981 sequeris
1368 2896 1504 2959 literam.

459 3000 574 3083 Apage
599 3019 673 3060 vero
698 2998 793 3060 hasce
818 2996 1072 3082 allegoristarum
1098 3020 1208 3082 nugas,
1232 2998 1347 3083 quibus
1374 3010 1506 3082 proptor

460 3099 610 3163 nonnulla
619 3121 692 3162 vere
707 3099 815 3185 typica
829 3099 861 3162 in
878 3099 977 3163 Sacra
992 3101 1158 3185 scriptura,
1172 3108 1205 3164 et
1220 3101 1283 3164 alia
1299 3100 1443 3184 quaedam
1455 3097 1503 3160 vel

457 3201 579 3286 tropice
599 3201 734 3285 prolata,
751 3202 798 3265 vel
818 3202 975 3287 ambigua*
997 3202 1282 3286 interpretationis,
1300 3201 1406 3286 magni
1428 3200 1504 3263 alio-

459 3304 512 3388 qui
528 3305 676 3367 viridum
694 3305 764 3369 aliis
783 3305 933 3389 prodesse
948 3304 1107 3380 volebant,
1121 3326 1210 3368 suam
1229 3304 1368 3388 ipsorum
1385 3304 1503 3365 lamam

457 3406 617 3471 laeserunt.
651 3406 842 3491 Mysterium
857 3414 966 3470 autem
981 3405 1159 3489 hujusmodi
1175 3405 1381 3489 expositionis
1396 3405 1504 3468 videas

456 3510 498 3573 ab
509 3510 646 3594 Origene
661 3510 817 3575 traditum
832 3532 902 3572 eum
918 3509 992 3573 alibi
1009 3516 1076 3572 tum
1093 3509 1124 3570 in
1140 3508 1192 3570 lib.
1205 3509 1246 3570 iv.
1262 3510 1311 3570 De
1328 3507 1504 3590 Principiis

457 3634 525 3696 cap.
539 3612 560 3673 i.
577 3618 602 3692 ᾗ.
621 3628 668 3693 15.
684 3612 749 3674 sive
764 3634 833 3693 cap.
849 3611 952 3695 primo
968 3609 1152 3673 Philaeni-icc
1166 3633 1196 3694 p.
1215 3628 1261 3672 12.
1277 3610 1325 3673 ed.
1341 3609 1499 3692 Sponeeri.

458 3710 586 3775 Interea
608 3710 836 3791 expositionem
859 3710 1065 3793 mysticorum
1088 3712 1120 3773 S.
1137 3711 1321 3794 Scripturas,
1341 3732 1436 3793 quem
1454 3708 1503 3772 vol

456 3812 527 3895 ipsa
553 3811 628 3875 lecit
654 3812 684 3875 S.
708 3810 881 3895 Scriptura,
905 3813 953 3875 vel
977 3812 1116 3897 agnovit,
1140 3834 1209 3895 quae
1232 3820 1382 3875 constans
1407 3812 1503 3874 luisse

457 3933 495 3976 ao
517 3919 673 3996 perpetua
694 3911 833 3975 eeclesiae
854 3913 986 3977 traditio
1007 3914 1134 3998 probari
1154 3914 1265 3999 possit,
1280 3913 1427 3996 amplecti
1449 3913 1502 3974 dc-

457 4013 577 4077 bemus.
625 4014 692 4077 Nec
712 4013 924 4097 prohibemur,
947 4016 1022 4098 quin
1045 4015 1096 4100 pie
1118 4024 1215 4098 atquo
1238 4013 1359 4077 utiliter
1381 4035 1503 4077 accom-

456 4117 621 4180 modemus
642 4117 683 4179 ed
706 4116 902 4200 spiritualem
929 4116 1190 4200 significationem
1215 4115 1446 4200 quamplurima
1469 4117 1502 4177 iu

457 4218 562 4283 Sacris
589 4218 760 4304 seripturis
786 4225 924 4303 reperta,
949 4218 1072 4282 etiamsi
1101 4219 1203 4282 nullus
1227 4227 1333 4302 typus,
1357 4218 1404 4281 rol
1427 4218 1501 4281 allo-

456 4321 558 4406 goria,
582 4321 691 4385 iisdem
718 4343 828 4385 revera
852 4321 938 4391 insit,
963 4320 987 4384 si
1015 4322 1110 4383 modo
1133 4321 1165 4383 id
1190 4321 1340 4383 concinne
1366 4329 1399 4383 ct
1425 4328 1501 4404 apto

455 4424 523 4487 fiat.

504 4526 584 4589 lbid.
604 4528 622 4589 l.
642 4546 692 4591 22.
716 4536 750 4591 ebs
771 4538 844 4590 οὐδὲν
865 4536 932 4603 ἦσαν
954 4538 986 4591 irs
1008 4536 1080 4607 ἶτερη
1102 4538 1132 4589 τὸ
1154 4526 1322 4611 γεγενημένη]
1349 4524 1502 4587 llwe'cltc-
