3700 5667
416 666 482 731 856
766 665 1120 731 ANNOTATIONES

416 835 520 899 immo
542 834 650 909 etiem,
672 833 819 918 qnoniam
843 833 941 917 elapsi
965 832 1093 898 fuerent
1115 833 1282 918 sexaginta
1305 834 1373 899 fere
1395 834 1471 899 enni

415 938 499 1002 inter
514 947 647 1021 tempus,
665 959 728 1021 quo
746 936 914 1000 historiam
934 937 1062 1022 scripsit
1081 958 1171 1001 suem
1188 936 1349 1001 Eusebius
1364 939 1470 1004 Perdi·

415 1061 476 1124 que
504 1039 744 1123 depositionem.
771 1038 803 1102 id
830 1060 914 1116 vero,
942 1038 974 1102 ni
1005 1037 1109 1115 fallor,
1134 1039 1275 1104 ostendit
1303 1039 1385 1104 setis
1415 1042 1468 1106 din

414 1149 491 1206 ente
512 1141 647 1205 Paulum
668 1151 813 1206 exortam
835 1140 932 1205 inisse
951 1141 1098 1219 haeresin,
1118 1162 1214 1226 qnam
1234 1140 1363 1226 quidem
1384 1143 1468 1206 idem

415 1243 533 1307 Paulus
548 1245 745 1329 temporibus
760 1244 891 1308 Ensebii
908 1265 1077 1308 renovasse
1090 1243 1217 1308 dieitur.
1250 1243 1470 1309 Nihilominus

414 1345 492 1422 fieri,
515 1344 638 1429 opinor,
661 1351 778 1429 posset,
802 1356 839 1408 ut
867 1346 1024 1408 Artemon
1050 1344 1112 1408 iste
1136 1346 1178 1409 ed
1204 1345 1294 1410 Penii
1319 1354 1469 1432 tempore

415 1447 601 1531 pervenerit,
617 1447 742 1511 etiamsi
765 1447 868 1511 Parvi
887 1445 1075 1530 Labyrintdi
1095 1454 1218 1523 euotor,
1234 1448 1319 1532 qnod
1339 1447 1467 1534 quidem

413 1557 568 1635 perneget
585 1548 828 1632 Weeseiingins‚
844 1556 958 1613 eontra
972 1570 1044 1612 enm
1060 1568 1170 1613 revers
1185 1549 1359 1634 scripserit.
1406 1551 1466 1616 Et-

413 1652 506 1725 enim,
533 1653 558 1716 si
590 1673 671 1736 opus
700 1650 787 1726 iliud,
814 1660 851 1715 ut
877 1651 942 1715 veri
973 1650 1074 1716 simile
1103 1662 1163 1728 est,
1190 1650 1318 1716 eiroiter
1347 1673 1468 1716 annum

413 1754 531 1818 Christi
550 1773 622 1839 230.
645 1755 686 1818 ob
706 1762 849 1829 anctore,
864 1754 1043 1840 qniounque
1063 1754 1091 1817 is
1111 1755 1238 1818 demum
1257 1753 1365 1824 fuer-it.
1381 1776 1468 1819 oom-

413 1857 551 1941 positum
578 1863 673 1932 esset,
692 1865 761 1920 tum
782 1878 856 1920 vero
878 1856 1009 1920 vixisset
1032 1858 1188 1920 Artemon
1216 1877 1308 1930 nune,
1324 1866 1363 1922 nt
1386 1856 1467 1935 dixi,
1498 1940 1500 1945 Ι

413 1968 574 2044 superstes
593 1981 693 2022 nnnos
708 1959 836 2022 eireiter
850 1958 1064 2043 quodraginta
1078 1966 1152 2044 post
1166 1957 1386 2044 impugnatam
1401 1960 1468 2025 ha»

413 2061 497 2125 resin
511 2083 601 2125 suam
616 2062 657 2124 ab
673 2062 782 2124 eodem
799 2062 973 2147 scriptore3
996 2061 1057 2124 hoo
1068 2082 1142 2124 vero
1152 2060 1248 2124 fidem
1259 2060 1312 2124 rix
1322 2072 1466 2147 superat.

415 2164 517 2249 Vulgo
539 2164 665 2249 quidem
690 2166 848 2228 Artemon
873 2164 935 2228 iste
959 2163 1013 2227 diu
1037 2169 1115 2226 anto
1136 2183 1254 2226 annum
1277 2160 1367 2226 ilium
1392 2183 1467 2250 230.

412 2265 555 2330 floruisse
579 2288 600 2330 α
623 2266 851 2330 recentioribus
874 2265 1039 2340 statuitur,
1064 2265 1120 2329 sed
1144 2274 1253 2330 temen
1280 2266 1465 2346 ἅμαρτύρος,

413 2369 472 2432 etsi
490 2368 705 2454 Epiphanium
727 2368 842 2432 seimus
865 2369 904 2431 de
921 2367 1024 2431 Paulo
1039 2367 1107 2432 haeo
1127 2367 1274 2443 seribere,
1291 2368 1467 2434 ἆνεκαίνισε

412 2471 465 2546 τὴν
484 2473 600 2551 αἵρεσιν
617 2476 667 2533 τοῦ
680 2470 875 2551 Ἀρτέμωνος,
892 2469 950 2550 πρὸ
966 2472 1041 2532 ἑτῶν
1056 2476 1181 2533 πολλῶν
1199 2470 1246 2533 καὶ
1263 2469 1466 2548 ἓσβεσμένον.

417 2571 591 2635 Ηαν.1ιιι.
616 2594 700 2636 num.
727 2593 753 2635 r.
777 2594 848 2657 pag.
870 2573 942 2635 608.
994 2571 1155 2646 Ceterum,
1179 2571 1269 2635 utin
1293 2569 1467 2655 posteriori

412 2681 556 2756 tempore
579 2695 663 2756 saepe
678 2695 736 2737 usu
752 2673 848 2746 venit,
865 2672 913 2736 ito
928 2671 959 2736 S.
976 2672 1161 2756 Pamphilus
1179 2679 1303 2757 martyr
1316 2671 1469 2757 Apologia

404 2795 465 2857 pro
485 2774 613 2858 (heym
627 2796 695 2860 enp.
711 2792 743 2859 5.
765 2776 844 2838 duos
863 2775 943 2838 istos
959 2774 1128 2838 haeretieos
1143 2775 1311 2839 Artemam
1326 2783 1361 2837 et
1376 2774 1463 2838 Peu-

411 2875 474 2936 lum
494 2875 679 2957 eonjunxit;
708 2877 814 2939 Tertio
830 2875 1041 2958 (criminatio)
1062 2899 1131 2962 quae
1151 2877 1201 2940 tis
1220 2875 1356 2940 enmidus
1374 2876 1466 2939 raldo

408 2975 565 3038 eontrario
584 2985 638 3050 ost,
653 2978 733 3060 qood
751 2977 857 3041 dicent
872 2980 1127 3052 ermentrudem
1142 2982 1300 3043 Artemone
1314 2977 1362 3042 ool
1375 2979 1466 3041 Pau-

410 3076 472 3139 lom
494 3079 722 3140 Somoeatenum
738 3100 855 3163 pomam
873 3081 1029 3157 hominem,
1046 3082 1083 3145 id
1101 3093 1155 3157 est,
1172 3103 1231 3145 non
1245 3082 1337 3146 otiam
1352 3082 1463 3155 Dum,

409 3179 509 3242 dioere
525 3178 677 3242 Chremem
692 3181 814 3244 Fili-mn
833 3183 904 3246 Dei.
952 3185 1002 3246 Ao
1022 3205 1132 3247 revera
1146 3182 1321 3265 simplieem
1336 3182 1462 3247 Christi

409 3280 640 3345 humanitatem
651 3283 795 3346 docuisse
807 3292 978 3369 utrumque
989 3286 1174 3349 haeretioum
1186 3285 1326 3348 affirmat
1337 3284 1466 3347 Auctor

412 3385 628 3448 Οοννιιοιινανίι
657 3387 691 3448 in
717 3387 931 3468 Deptnetioeem
957 3387 1075 3470 Synodi
1102 3387 1348 3451 Odokedonmsis
1376 3387 1463 3472 apud

411 3485 541 3548 Patrem
567 3487 749 3550 Doctrinom
775 3488 824 3550 De
854 3487 941 3551 Verbi
967 3490 1194 3563 Ιαοαναανίοαο,
1218 3509 1314 3573 quam
1338 3489 1460 3573 partim

408 3587 507 3651 edidit
530 3588 568 3650 cl.
588 3589 694 3652 Maius
713 3590 746 3652 in
766 3600 855 3653 tomo
871 3590 922 3655 vii.
944 3592 1042 3654 Noeoe
1058 3591 1246 3654 aelectionis
1268 3591 1330 3654 Vet.
1347 3591 1461 3675 Serip-

408 3690 647 3752 erum-(ortu
662 3692 778 3767 ἆληθῶς
795 3694 842 3755 καὶ
857 3694 1014 3772 ἄνθρωπον
1031 3695 1148 3768 ἀληθῶς
1162 3693 1216 3756 τὸν
1229 3693 1329 3755 αὐτόν.
1359 3696 1464 3756 Ταῦτα

409 3789 456 3848 διὰ
473 3786 628 3861 Μανέντα,
645 3788 677 3854 ὃς
693 3792 777 3853 Θεὸν
792 3795 853 3870 ’μὲν
870 3795 968 3874 ψιλὸν
990 3794 1080 3856 αὐτὸν
1096 3793 1290 3876 (Christum)
1307 3795 1462 3874 ὁμολογεῖ,

409 3889 456 3950 καὶ
476 3888 529 3950 οὐκ
549 3887 715 3967 ἄνθρωπον·
739 3894 787 3955 καὶ
807 3897 855 3957 διὰ
876 3899 1002 3957 Παῦλον
1022 3894 1075 3958 τὸν
1094 3893 1281 3974 Σαμοσατέα,
1299 3895 1347 3957 καὶ
1360 3892 1463 3974 Ἀρτε-

407 3993 475 4064 μᾶν,
496 3991 623 4057 οἵτινες
645 3993 803 4071 ἀρνοῦνται
825 3996 914 4060 αὐτοῦ
937 3998 991 4074 τὴν
1014 3999 1160 4075 Θεότητα,
1182 3997 1280 4078 ψιλὸν
1302 3998 1463 4075 ἄνθρωπον

408 4093 498 4190 αὐτον
520 4097 747 4177 ὁμολογοῦντες.
771 4121 801 4184 p.
818 4101 869 4182 38.
886 4107 920 4164 et
935 4102 986 4176 48.
1033 4100 1177 4184 Denique
1200 4099 1330 4174 notabo,
1347 4119 1463 4161 nomen

411 4198 567 4258 Artemone
580 4197 621 4260 ad
637 4196 732 4262 finem
746 4200 877 4284 epistohe
893 4200 993 4264 Pauli
1007 4201 1053 4264 ad
1070 4202 1179 4264 Titum
1193 4207 1315 4264 extare.

452 4296 489 4357 P.
513 4315 588 4379 313.
613 4297 633 4360 l.
661 4319 707 4362 ια.
736 4303 985 4386 rodentem]
1013 4302 1153 4366 Addidit
1179 4303 1247 4366 hoeo
1273 4300 1463 4364 historicus:

409 4395 467 4456 nat
485 4400 575 4459 ταῦτα
592 4399 649 4476 μὲν
664 4400 804 4464 ἐνταυθοῖ
816 4403 935 4465 κείσθω.
958 4408 1011 4466 τοῦ
1024 4404 1060 4480 δὴ
1075 4406 1128 4468 οὖν
1145 4404 1270 4467 Παύλου
1285 4403 1343 4466 σὺν
1360 4403 1410 4465 καὶ
1424 4405 1463 4485 τῇ

406 4497 457 4570 τῆς
472 4497 599 4563 πίστεως
613 4501 768 4583 ὀρθοδοξίᾳ
782 4504 833 4578 τῆς
848 4502 1011 4577 ἐπισκοπῆς
1026 4506 1255 4579 ἐκπεπτωκότος,
1275 4505 1406 4581 edem,
1422 4503 1462 4567 ὣς

407 4595 527 4672 εἴρηται,
550 4596 604 4675 τὴν
627 4602 817 4680 λειτουργίαν
840 4607 890 4681 τῆς
913 4612 987 4667 κατὰ
1006 4603 1196 4688 Ἀντιόχειαν
1218 4605 1377 4683 ἐκκλησίας
1400 4607 1461 4666 διε-
