3700 5667
505 662 555 725 IN
580 662 893 727 THEOGNOSTI
919 665 1238 731 FRAGMENTA.
1333 669 1396 738 419

347 851 381 892 re
401 830 471 915 ipsa
490 833 671 897 adhibuisse
688 855 796 897 vooem
818 836 938 914 κτίσμα,
953 857 1024 900 oum
1045 837 1086 901 de
1102 836 1175 899 Filii
1190 838 1395 923 generatione

346 941 466 1016 ageret,
484 934 734 1020 Theognostum‚
755 935 807 1000 vix
829 937 965 1002 sortasse
988 937 1017 1002 ei
1040 938 1249 1015 diffitendum,
1270 940 1323 1024 qui
1347 940 1393 1004 di-

327 1034 437 1124 ·oendi
460 1036 611 1101 formulas
633 1037 870 1121 disserendique
892 1039 1050 1104 rationem
1072 1040 1105 1104 in
1127 1041 1235 1104 schola
1251 1042 1394 1126 Origeni·

346 1156 408 1199 ana
431 1137 567 1202 usitatas
588 1139 621 1202 in
643 1141 825 1204 memoriam
848 1136 1051 1204 revocaverit.
1098 1141 1199 1204 Immo
1222 1164 1305 1216 vero,
1322 1165 1394 1207 eum

346 1258 478 1323 magnus
498 1240 668 1325 Dionysius
688 1242 926 1305 Alexandrinus
946 1242 979 1304 in
999 1242 1139 1327 Phaistedz
1153 1244 1199 1307 ααί
1212 1244 1394 1328 Euphrano-

344 1362 406 1403 νυνι
420 1351 447 1405 et
462 1344 645 1420 Ammonem,
660 1345 749 1429 cujus
771 1345 886 1409 notitia
906 1345 985 1409 data
1004 1353 1054 1409 est
1073 1368 1094 1409 a
1114 1344 1146 1409 S.
1163 1347 1345 1411 Athanasio
1360 1347 1392 1411 in

344 1442 486 1526 Ερίοιοίσ
508 1445 545 1509 do
567 1446 713 1529 Dionysii
734 1447 899 1523 sententia,
923 1468 1017 1531 pagg.
1035 1449 1108 1524 246.
1130 1465 1201 1531 254,
1226 1465 1300 1531 255,
1319 1466 1391 1532 257.

344 1545 394 1606 ed.
413 1546 639 1624 Benedictinae‚
657 1547 774 1611 Filium
789 1550 900 1627 ποίημα
915 1548 964 1611 καί
980 1547 1105 1629 γενητὸν
1120 1547 1264 1625 dixisset,
1280 1557 1392 1632 postea

344 1648 587 1729 ἀπολογούμενος
602 1671 666 1712 non
683 1650 785 1714 solum
800 1672 863 1713 non
879 1649 1028 1734 negabat,
1046 1648 1163 1711 Filium
1178 1651 1337 1729 ὀμοούσιον
1350 1653 1390 1736 τῷ

344 1749 432 1827 πατρὶ
451 1769 531 1824 esse,
547 1771 654 1813 verum
674 1752 773 1815 etiem
793 1752 930 1827 dioebat,
947 1749 1032 1813 haud
1052 1749 1178 1814 differre
1197 1753 1240 1815 ab
1257 1752 1317 1815 hae
1337 1774 1393 1815 ne·

345 1850 432 1914 tione
456 1860 655 1934 argumenta,
679 1876 750 1938 quae
772 1854 839 1938 ipse
861 1855 893 1917 in
916 1853 1028 1916 eadem
1050 1853 1186 1938 epistola
1211 1854 1394 1930 attulisset3

344 1958 404 2018 τοῖς
426 1955 457 2016 δὲ
482 1956 533 2016 δύο
555 1956 706 2035 ῥηματίοις
728 1956 902 2021 ἀσυνθέτοις
920 1954 983 2035 (uit
1006 1953 1054 2016 vir
1074 1963 1204 2019 sanctus
1226 1956 1266 2019 de
1289 1956 1393 2019 verbis

344 2054 403 2117 sibi
430 2055 575 2139 objectis)
602 2057 734 2137 καθάπερ
757 2061 853 2123 λίθοις
873 2058 1023 2137 μακρόθεν
1046 2058 1234 2138 ἐπιχειροῦσί
1252 2083 1289 2136 με
1309 2058 1389 2136 eb-

342 2165 419 2233 λειυ,
446 2159 625 2237 ἀγνοοῦντες
655 2160 694 2225 ὣς
722 2164 781 2222 τῶν
810 2156 1021 2238 ἀγνοουμένων
1048 2158 1096 2220 καὶ
1121 2164 1320 2241 προσαγωγῆς
1350 2163 1391 2227 είς

343 2261 505 2339 ἐπίγνωσιν
535 2261 693 2340 δεομένων,
719 2262 753 2323 οὐ
782 2263 877 2340 μόνον
905 2261 1017 2324 ἀλλοῖα
1049 2260 1206 2334 πολλάκις,
1232 2263 1314 2326 ἄλλα
1346 2264 1392 2327 καί

341 2364 503 2426 ὑπεναντία
536 2363 684 2444 τεκμήρια,
715 2366 830 2445 γίνεται
864 2369 922 2427 τῶν
957 2362 1189 2443 ἐπιζητουμένων
1220 2366 1389 2444 δηλώματα,

343 2462 444 2546 Epist.
456 2465 603 2546 Dionysii
616 2464 769 2546 Ἐλίγχου
785 2467 833 2528 καὶ
842 2464 1026 2545 Ἀπολογίας
1040 2465 1125 2549 apud
1138 2465 1297 2529 Athenas.
1313 2465 1388 2530 ibid.

342 2587 425 2627 num.
447 2568 495 2628 18.
512 2589 542 2650 p.
558 2569 629 2649 256.
646 2567 693 2630 vel
709 2588 805 2650 supra
820 2589 891 2651 pag.
902 2585 977 2651 392.
993 2577 1026 2631 et
1041 2587 1115 2651 393.
1132 2567 1225 2652 hujus
1242 2568 1300 2632 vol.
1326 2569 1388 2632 Ne·

342 2689 402 2748 que
432 2666 517 2730 solus
546 2668 728 2752 Dionysius,
758 2669 813 2731 sed
844 2668 955 2731 iisdem
986 2668 1183 2752 temporibus
1213 2669 1388 2753 Gregorius

342 2768 567 2845 Neoeaesareae,
583 2791 676 2853 quem
696 2769 755 2833 sibi
777 2769 992 2845 vindicabant,
1008 2770 1056 2834 ait
1073 2769 1218 2844 Basilius,
1235 2773 1264 2835 οἱ
1277 2774 1314 2835 τὰ
1330 2777 1387 2835 Σα-

339 2873 468 2948 βελλίου
488 2878 678 2952 φρονοῦντες,
695 2893 787 2935 voces
808 2874 916 2951 κτίσμα
936 2879 970 2935 et
991 2874 1112 2951 ποίημα,
1129 2879 1163 2936 et
1183 2872 1287 2956 siquid
1306 2874 1387 2958 ejus-

340 2974 436 3051 modi,
451 2975 491 3038 de
510 2975 637 3039 Christo
658 2974 689 3038 in
711 2974 837 3059 seriptis
857 2973 922 3037 suis
942 2973 1098 3049 adhibuit,
1115 2982 1256 3040 testante
1276 2976 1388 3041 eodeni

339 3077 456 3141 Basilio
474 3078 521 3142 M.
537 3077 569 3139 in
589 3077 730 3161 Epistola
750 3099 817 3140 ουκ.
834 3099 906 3162 pag.
923 3079 998 3160 3¹6.
1015 3077 1065 3141 ed.
1081 3076 1278 3142 Benedictin.
1324 3080 1386 3144 Sed

340 3183 516 3245 notandum
536 3180 567 3242 id
583 3182 667 3264 quod
688 3181 766 3244 alios
781 3181 849 3263 jam
868 3179 1027 3243 monuisse
1047 3179 1134 3242 haud
1149 3180 1271 3256 dubito,
1287 3189 1385 3265 atque

340 3282 506 3346 verisimile
528 3304 596 3345 esse
619 3282 760 3346 ostendit
779 3280 951 3364 Dionysius
972 3281 1135 3343 Romanus
1155 3301 1250 3363 supra
1265 3303 1296 3364 p.
1311 3287 1387 3364 376.

340 3385 407 3447 heri
438 3405 539 3468 posse,
567 3392 603 3446 ut
633 3383 720 3446 loeus
750 3381 882 3444 celebris
910 3380 1026 3464 eapitis
1051 3380 1114 3443 viii.
1141 3380 1384 3455 Proeerdiemm,

341 3488 446 3565 Κύριος
465 3485 564 3548 ἔκτισέ
583 3509 620 3561 με
639 3484 734 3566 ἀρχὴν
749 3486 826 3545 ὁδῶν
841 3484 930 3544 αὐτοῦ
946 3484 988 3548 είς
1007 3482 1081 3561 ἔργα
1096 3481 1195 3554 αὐτοῦ,
1210 3482 1252 3545 ad
1270 3481 1386 3546 Filium

339 3587 398 3650 Dei
426 3586 666 3672 significandum
690 3607 710 3648 a
733 3583 891 3648 veteribus
914 3605 1000 3669 saepe
1023 3581 1196 3656 adhibitus,
1221 3591 1290 3647 tum
1312 3605 1387 3649 vero

338 3688 392 3751 illa
413 3687 641 3771 apestolorum,
665 3687 848 3767 πρωτότοκος
872 3685 972 3764 πάσης
997 3685 1118 3750 κτίσεως
1140 3690 1174 3747 et
1195 3685 1213 3763 ἡ
1237 3686 1389 3768 ἀρχὴτῆς

340 3792 461 3856 κτίσεως
482 3794 534 3853 τοῦ
557 3794 650 3865 Θεοῦ,
669 3789 709 3852 de
729 3788 858 3853 Christo
878 3795 1044 3872 usurpata,
1060 3786 1144 3850 vocis
1165 3786 1257 3851 istius
1280 3789 1388 3867 κτίσμα

338 3893 533 3976 aliarumque
555 3892 608 3956 vix
631 3892 832 3956 ferendarum
857 3912 948 3955 usum
972 3890 1069 3955 etiam
1095 3890 1181 3974 apud
1206 3897 1293 3954 reete
1318 3911 1386 3954 sen-

338 3992 453 4057 tientes
468 3991 662 4055 inducerent.

381 4094 460 4159 Cum
481 4102 637 4179 praeteroa
656 4093 838 4177 Stephanus
854 4094 1002 4157 Gobnrus
1022 4091 1107 4176 apud
1130 4091 1281 4156 Photium
1298 4088 1382 4154 Bet.

337 4198 414 4262 cod.
434 4218 588 4258 ooaxxxn.
612 4217 685 4280 pag.
704 4216 777 4277 904.
804 4195 857 4279 qui
882 4195 1059 4259 eontrarias
1083 4204 1117 4257 et
1141 4193 1201 4256 sibi
1224 4192 1386 4277 oppositas

337 4299 531 4363 diversorum
554 4305 721 4361 auctorum
744 4297 919 4360 sententias
941 4295 973 4359 in
992 4317 1087 4379 opere
1109 4317 1167 4358 suo
1187 4317 1227 4358 ex
1243 4294 1384 4379 professo

336 4401 518 4485 eollegerat,
545 4399 577 4462 id
604 4399 733 4484 dignum
760 4399 930 4462 observatu
958 4406 1114 4481 putasset,
1138 4398 1180 4461 ab
1203 4397 1383 4461 Athanasio

336 4501 483 4566 laudatos
505 4500 601 4565 fuisse
624 4500 792 4584 Origenem
815 4509 849 4564 et
870 4498 1128 4583 Theognosturn;
1156 4498 1230 4562 inde
1250 4500 1287 4562 iit
1309 4498 1385 4562 veri-

815 4621 905 4685 3112
