3700 5667
569 681 621 743 IN
646 678 878 742 SYNODUM
905 679 1281 742 ANTIOCHENAM.
1384 681 1449 746 848

401 844 490 907 bitur
515 863 615 906 canon
640 842 692 906 ille
720 841 843 906 concilii
870 840 989 904 Nicoeni
1016 840 1049 904 in
1075 841 1291 906 vetustissimo
1316 844 1385 907 cod.
1412 842 1449 908 Ο.

401 944 540 1009 Justelii.
570 945 619 1009 Dc
638 941 904 1008 commanentibus.
950 942 1117 1027 Agapctas
1138 966 1263 1029 quoque
1286 966 1339 1008 eas
1358 967 1449 1010 voca·

402 1046 480 1110 bant
499 1053 582 1110 teste
605 1046 803 1131 Hieronymo
821 1044 855 1108 in
877 1045 965 1128 dicta
989 1044 1142 1128 Epistola,
1166 1045 1220 1109 ubi
1241 1047 1394 1110 acerrime
1415 1047 1449 1111 in

402 1171 455 1212 eas
470 1148 639 1212 invehitur.
661 1149 820 1211 Vsansius.
851 1148 958 1211 Verba
973 1147 1102 1211 canonis
1117 1171 1161 1211 ιη.
1174 1148 1307 1213 concilii
1322 1149 1448 1214 Nicoeni

401 1249 494 1334 primi
519 1257 614 1313 sunt:
641 1249 847 1330 Ἀπηγόρευσε
872 1250 890 1328 ἡ
915 1249 1033 1331 μεγάλη
1058 1252 1183 1318 σύνοδος
1208 1255 1349 1326 καθόλου,
1374 1252 1448 1333 μήτε

403 1354 563 1436 ἐπισκόσφ,
578 1352 652 1432 μήτε
669 1350 875 1435 πρεσβυτέρῳ,
890 1350 964 1430 μήτε
981 1354 1117 1437 διακόνῳ,
1131 1351 1206 1432 μήτε
1220 1355 1299 1421 ὅλος
1315 1359 1373 1418 τινὶ
1387 1360 1447 1419 τῶν

401 1454 435 1515 ἓν
450 1452 547 1538 κλήρῳ
563 1453 673 1532 ἐξεῖναι
688 1454 885 1516 συνείσακτον
903 1453 995 1535 ἔχειν,
1011 1452 1092 1532 πλὴν
1109 1456 1136 1517 εἰ
1153 1455 1194 1533 μὴ
1214 1456 1272 1534 θρα
1290 1455 1412 1536 μητέρα,
1426 1453 1445 1536 ἢ

400 1556 544 1636 ἀδελφὴν,
560 1554 579 1635 ἢ
595 1561 689 1627 θεΐαν,
704 1553 722 1632 ἢ
738 1556 757 1618 ἃ
769 1557 847 1633 μόνα
861 1558 1007 1636 πρόσωπα
1020 1560 1122 1618 πᾶσαν
1135 1556 1272 1638 ὑποψίαν
1286 1559 1445 1639 διαπέφευ-

400 1681 463 1737 γεν.
506 1658 602 1721 Vetuit
623 1679 734 1742 νιαριια
756 1656 898 1742 Syacduc
918 1657 1047 1732 οονιὶιιο,
1065 1678 1101 1720 ne
1123 1658 1211 1721 liccat
1231 1659 1375 1744 apem,
1393 1681 1446 1725 σου

395 1759 577 1844 presbytero,
593 1782 646 1824 ccc
668 1761 805 1837 θὶαοοινι,
823 1780 877 1823 acc
897 1759 957 1823 atti
972 1761 1097 1844 penitus
1118 1782 1229 1834 coram,
1245 1762 1299 1846 qui
1319 1773 1390 1827 sant
1410 1764 1446 1827 ιἰι

400 1862 704 1939 clara-introductam
719 1861 826 1926 dedero
846 1861 1013 1938 mutierem,
1028 1871 1238 1946 praeterquam
1258 1864 1361 1948 utique
1379 1888 1445 1930 οια-

400 1973 484 2039 trem,
508 1963 556 2026 ccl
575 1984 713 2039 ιονονοια,
734 1962 783 2026 acl
804 1962 942 2039 amitam,
965 1963 1014 2027 ccl
1033 1985 1084 2026 eas
1106 1963 1184 2027 κοῖαι
1203 1985 1358 2049 personae,
1378 1988 1446 2050 que

399 2087 512 2129 οοιαοια
531 2066 727 2151 auspiciorum
746 2066 901 2150 φορέσαι.
947 2064 986 2128 Ισ
1007 2088 1101 2149 quem
1121 2088 1272 2130 canonem
1287 2066 1358 2132 vide
1373 2091 1444 2152 quae

399 2169 579 2233 doctissime
599 2167 765 2232 annotavit
785 2167 960 2231 Gulielmus
981 2167 1188 2251 Bcveregius:
1210 2175 1296 2233 utet
1312 2169 1444 2234 Hemici

399 2271 553 2335 Dodwelli
582 2270 849 2335 Dissertationem
875 2270 919 2333 iii.
947 2271 981 2334 in
1009 2270 1052 2332 iv.
1084 2270 1236 2355 Cypriani
1266 2271 1444 2356 Epistolam

401 2374 536 2453 (Pamel.
551 2374 632 2454 lxii.)
649 2373 699 2437 cui
715 2373 847 2437 titulus:
870 2376 919 2437 Dc
929 2373 1053 2458 flapitio
1071 2372 1230 2436 molieram
1245 2396 1312 2438 cum
1326 2376 1445 2441 οἷονίοἰο

399 2472 658 2548 concumbentium,
685 2494 775 2557 coque
799 2473 948 2536 occasimac
973 2473 1010 2535 de
1037 2472 1251 2542 σουεισάισοις.
1285 2473 1441 2537 Reimea.

401 2580 438 2640 m
456 2578 643 2640 σονείσακτοι
662 2575 809 2638 mulieres
826 2583 930 2653 erant,
946 2597 1047 2659 neque
1067 2596 1191 2649 uxores,
1208 2596 1310 2658 neque
1329 2597 1442 2639 coucu-

399 2680 492 2753 binm,
507 2679 562 2742 sed
581 2677 662 2742 tales
682 2677 766 2741 inter
785 2700 864 2761 quas
883 2685 917 2740 et
934 2677 1046 2753 virum,
1062 2676 1235 2740 Christiani
1256 2700 1312 2740 seu
1334 2679 1442 2742 Plato·

398 2781 459 2845 nici
478 2780 594 2844 amoris
615 2781 774 2863 quoddam
794 2779 952 2844 vinculum
971 2780 1197 2845 intercedebat.
1243 2781 1372 2865 Optime
1389 2802 1444 2844 cas

399 2882 548 2946 describit
563 2882 825 2965 Chrysostomus:
850 2883 928 2945 εἰσὶν
943 2882 1000 2964 γάρ
1015 2908 1102 2955 τινες,
1119 2885 1148 2945 οἱ
1162 2881 1258 2964 γάμου
1275 2883 1322 2945 καὶ
1337 2907 1443 2945 συνου-

399 2988 464 3052 σίας
487 2987 576 3067 χωρὶς
597 2987 684 3065 κόρας
704 2984 920 3067 ἀπειρογθμονς
942 2987 1093 3066 ἀγόμενοι,
1112 2986 1280 3060 καθίζουσιν
1301 2987 1376 3048 οἴκοι
1395 2988 1443 3048 διὰ

398 3088 518 3165 παντὸς,
535 3088 583 3150 καὶ
603 3090 643 3153 εἰς
663 3087 795 3169 ἔσχατον
814 3091 906 3168 γῆρας
926 3090 1041 3155 ἑαυτοῖς
1060 3090 1356 3169 ουγκατακλείουσιν,
1375 3089 1443 3151 οὔτε

399 3189 446 3251 ἐπὶ
475 3187 643 3272 παιδοποΐιρ,
670 3189 705 3252 οὐ
732 3192 789 3271 γὰρ
815 3191 912 3270 φασὶν
939 3191 1039 3257 αὐτοῖς
1063 3193 1276 3271 συγγενέσθαι·
1312 3191 1379 3252 οὔτε
1409 3188 1446 3268 ἐξ

398 3292 570 3364 ἀκολασίας,
593 3291 739 3372 λέγουσιν
760 3295 818 3372 γὰρ
843 3293 934 3359 αὐτὰς
957 3294 1111 3373 ἀκεραίους
1134 3297 1291 3371 διατηρεῖν.
1341 3292 1441 3371 Quem

396 3395 499 3458 locum
515 3393 617 3457 Beato
633 3394 786 3456 Rhenano
802 3394 910 3457 debeo.
943 3394 1029 3457 Huic
1047 3394 1132 3457 addo
1149 3415 1258 3456 versus
1277 3393 1443 3457 nonnullos

398 3495 540 3581 Gregorii
558 3496 705 3559 Naziauz.
721 3517 741 3559 a
758 3495 868 3580 Longo
882 3496 925 3559 ad
941 3494 1154 3580 Nicephorum
1168 3495 1332 3580 allegatos.

484 3649 551 3726 Ζωῆ
567 3649 614 3711 καὶ
630 3648 756 3715 θάνατος
771 3649 858 3712 οὐδὲν
873 3648 977 3730 ἔχουσι
991 3648 1096 3726 μέσον,

481 3752 558 3816 Τοὺς
572 3753 605 3813 δὲ
622 3750 842 3823 συνειοθκτους,
859 3752 897 3818 ὣς
912 3751 948 3829 δὴ
962 3750 1133 3831 φάσκουσιν
1148 3750 1287 3824 ἅπαντες,

482 3853 544 3914 Οὐκ
560 3851 613 3914 οἶδ’
630 3856 688 3915 εἴτε
702 3852 787 3937 γάμῳ
802 3854 948 3932 δώσομεν,
966 3849 1015 3915 εἴτ’
1032 3851 1163 3934 ἀγάμους

482 3952 636 4031 Θήσομεν,
653 3958 712 4019 εἴτε
726 3954 823 4033 μέσον
837 3980 865 4017 τι
880 3954 1065 4036 φυλάξομεν.

399 4104 492 4168 Unde
513 4110 604 4188 patet
623 4103 707 4167 viros
728 4126 853 4188 quoque
875 4114 1020 4188 respectu
1040 4104 1241 4168 foeminarum
1264 4104 1441 4188 appellatos

396 4205 489 4269 fuisse
505 4207 724 4272 συνεισάκτοος.
749 4206 881 4269 S'rnorn.
923 4205 1106 4268 Dodwellus
1121 4206 1247 4288 quidem
1262 4204 1295 4268 in
1309 4206 1439 4270 Dissert.

394 4328 415 4370 a
440 4307 616 4392 Readingio
641 4315 900 4382 commemoratu,
924 4305 1010 4369 nullo
1036 4306 1177 4370 adducto
1202 4305 1357 4389 scriptore
1382 4306 1441 4390 (ty-

394 4408 495 4491 priani
532 4408 728 4492 temporibus
765 4407 947 4480 vetustiore,
978 4407 1031 4490 qui
1069 4407 1202 4471 istarum
1240 4407 1442 4472 σονεισθισων

394 4510 597 4586 meminisset,
613 4510 644 4573 in
665 4534 704 4573 oc
723 4509 869 4594 opinione
888 4518 949 4584 est,
969 4510 1198 4574 numerandum
1218 4531 1287 4572 esse
1308 4509 1368 4574 hoc
1388 4510 1441 4576 de·
