3700 5667
577 684 626 747 ΙΝ
654 681 877 745 HYMNUM
904 678 1259 742 VESPERTINUM.
1378 680 1442 746 519

395 855 536 936 περὶτοῦ
559 855 658 936 φατὸς
681 856 785 934 ἱλαροῦ
808 851 1000 936 speetaverit
1023 850 1178 923 Basilius;
1203 850 1293 935 eujus
1314 849 1443 935 insuper

395 956 492 1021 verba
514 954 760 1021 luculentissime
786 952 933 1040 probant,
958 953 1027 1038 ipso
1051 951 1170 1017 Basilio
1196 951 1301 1016 medio
1327 952 1443 1016 saeoulo

397 1063 511 1140 quarto
541 1056 609 1121 haee
639 1055 809 1132 seribente,
839 1053 989 1120 earminis
1022 1075 1177 1118 summam
1206 1052 1440 1138 antiquitatem.

397 1156 551 1223 Conleras
565 1179 637 1243 quae
654 1179 751 1242 supra
765 1163 921 1220 annotata
939 1156 1070 1220 suntad
1085 1154 1156 1220 Onu
1174 1155 1369 1242 Fragmenta
1383 1154 1442 1217 vol.

397 1259 427 1323 ii.
450 1281 482 1345 p.
502 1263 576 1341 146.

441 1361 556 1439 Immo,
579 1362 663 1446 quod
688 1360 824 1427 adduxit
848 1360 996 1437 Basilius,
1019 1370 1192 1445 antequam
1216 1380 1439 1424 oommemora·

397 1471 489 1529 verat
504 1464 760 1549 Athenogenem,
776 1484 870 1548 quem
891 1463 989 1528 aiuut'
1004 1465 1035 1527 S.
1053 1463 1208 1528 Clementi
1224 1462 1444 1527 Alexandrino

398 1570 571 1651 σύγχρονον
594 1566 701 1644 fuisse,
725 1566 808 1630 huno
831 1566 983 1651 hymnum
1007 1566 1102 1630 diotae
1127 1565 1305 1650 doxologiae
1328 1571 1444 1628 testem

398 1671 441 1736 ob
465 1669 692 1755 antiquitatem
718 1670 797 1754 ejus,
821 1668 939 1732 ideireo
964 1669 1012 1732 vel
1034 1668 1130 1732 etiam
1155 1667 1368 1753 Athenogene
1394 1688 1443 1730 ve

399 1770 528 1848 turtius,
543 1778 601 1836 aut
619 1770 734 1836 saltem
751 1771 894 1856 ejusdem
907 1769 1028 1845 aetatis,
1044 1791 1172 1834 carmen
1186 1769 1311 1833 videtur
1327 1768 1445 1833 haben-

399 1872 476 1936 dum
507 1894 585 1937 esse.
635 1871 699 1936 Sed
720 1872 894 1956 'Hymnum
924 1871 1136 1949 Matutinum,
1168 1870 1221 1957 qni
1250 1870 1314 1935 fine
1346 1893 1446 1934 saorae

399 1973 528 2058 synaxis
547 1973 686 2038 eoelesiae
706 1982 825 2039 nostrae
844 1975 967 2058 positus
986 1981 1096 2051 estet
1117 1995 1138 2038 a
1156 1972 1281 2038 Smitho
1300 1994 1372 2037 oum
1387 1973 1447 2037 hoe

402 2076 590 2160 vespertino
609 2076 793 2152 oolloeatnr,
808 2077 869 2142 etsi
887 2098 996 2160 parem
1018 2077 1153 2141 lomene
1171 2076 1309 2160 adeptus
1328 2076 1371 2141 sit
1391 2097 1447 2140 au·

400 2176 595 2260 tiquitatem,
611 2184 724 2262 utpote
745 2177 849 2240 minus
869 2183 999 2240 testatae
1018 2175 1189 2240 vetustatis
1208 2174 1448 2257 relinquendum

401 2278 486 2342 duxi
532 2278 648 2344 Gavius
668 2287 777 2344 autem
798 2279 830 2342 in
851 2279 987 2343 Dissert.
1003 2278 1043 2341 de
1058 2276 1163 2340 Lina
1181 2286 1210 2340 et
1228 2277 1344 2358 Officiis
1362 2278 1447 2340 Grae

396 2402 503 2456 ,aarum
518 2380 674 2447 Historiae
696 2381 865 2446 Literariae
884 2380 981 2446 affixa
1001 2403 1032 2464 p
1052 2398 1100 2459 27.
1117 2380 1185 2443 haee
1200 2378 1356 2442 habet.
1360 2380 1448 2443 Ad-

403 2483 513 2547 “dam
535 2485 620 2569 quod
641 2490 717 2552 ante
740 2505 791 2547 me
816 2490 970 2547 notarunt
994 2481 1144 2546 Usserius
1168 2488 1201 2546 et
1224 2480 1281 2545 Fr.
1302 2482 1448 2558 Dueaeus,

403 2595 422 2618 ‘'
437 2583 572 2668 gentiles
587 2585 662 2648 olim
677 2585 774 2649 talem
790 2585 951 2668 quandam
963 2584 1129 2648 tonnulam
1146 2605 1322 2667 usurpasse.
1355 2583 1450 2647 Oerte

403 2696 423 2717 “
441 2692 526 2749 teste
541 2685 688 2750 Varrone
708 2686 748 2750 de
769 2685 864 2771 Ling.
882 2684 954 2750 Lat.
973 2685 1026 2748 lib.
1044 2707 1073 2748 v.
1095 2707 1167 2770 pag.
1183 2687 1237 2763 46.
1253 2684 1358 2749 Graeei
1378 2706 1450 2747 oum

404 2786 545 2851 “lumen
567 2788 723 2863 adfertur,
740 2788 886 2852 solebant
906 2787 1012 2852 dieere
1034 2792 1099 2868 φῶς
1121 2788 1244 2867 ἀγαθόν.
1290 2786 1374 2868 Quid
1394 2786 1450 2849 mi-

404 2899 423 2920 ‘'
439 2910 510 2951 rum
524 2888 624 2973 igitur
644 2890 670 2953 si
690 2889 847 2954 haberent
862 2889 1035 2956 Christiani
1056 2889 1140 2974 quod
1160 2888 1332 2974 gentilibus
1352 2910 1448 2973 oppo-

404 2998 423 3021 ‘'
440 2997 563 3069 nerent,
573 3013 665 3056 suum
675 3014 789 3078 nempe
803 2998 867 3074 φῶς
882 2991 1000 3073 ἱλαρὸν,
1012 2991 1045 3054 in
1059 2990 1184 3055 laudem
1197 2990 1327 3056 Domini
1337 2989 1450 3065 nostri,

405 3100 423 3122 ‘⁴
440 3091 494 3174 qui
517 3092 700 3174 ἀπαύγασμα
721 3099 772 3174 τῆς
790 3096 874 3173 δόξης
892 3094 953 3158 Dei
970 3093 1072 3177 patris
1089 3093 1131 3156 ab
1145 3092 1292 3176 apostolo
1306 3091 1452 3156 dieitur.”

404 3189 485 3254 Haeo
512 3191 638 3257 Gavius.
684 3195 789 3258 Porro
816 3194 1050 3258 Tertullianum
1079 3193 1179 3255 habes
1207 3194 1239 3254 in
1270 3192 1375 3255 libello
1401 3193 1451 3255 De

405 3291 551 3354 Oratione
572 3314 641 3378 oap.
658 3311 709 3376 25.
731 3293 913 3379 hujusmodi
936 3293 1112 3357 oarnnnum
1135 3313 1226 3355 usum
1248 3292 1368 3376 liquido
1390 3301 1452 3356 tes

404 3398 528 3456 tantem
535 3417 545 3467 ;
560 3400 658 3478 atque
673 3394 745 3458 ideo
757 3394 841 3478 quod
857 3394 925 3458 haeo
941 3394 1037 3458 verba
1051 3393 1130 3457 alios
1145 3395 1300 3477 quosdam
1314 3393 1453 3458 eoelesiae

404 3493 595 3559 Ohristiauae
620 3495 703 3559 ritus
729 3493 821 3558 nobis
847 3501 1004 3579 proestent
1028 3494 1242 3577 referuntque,
1267 3501 1337 3559 tum
1361 3517 1453 3579 prop-

404 3602 493 3660 terea
508 3597 593 3680 quod
612 3598 724 3660 eadem
745 3596 778 3659 in
799 3596 945 3659 omnibus
967 3597 1033 3660 fere
1054 3596 1247 3660 editionibus
1268 3596 1454 3660 Tertulliani

404 3698 638 3776 desiderantur,
653 3722 674 3764 n
694 3698 876 3764 Muratorio
898 3698 1002 3784 primo
1024 3698 1123 3775 edita,
1138 3698 1227 3763 istaeo
1250 3698 1361 3762 lectori
1383 3719 1454 3782 pro-

404 3801 553 3883 ponenda
566 3801 754 3866 existimavi.
799 3802 884 3866 Etsi
900 3800 1080 3885 simpliciter
1096 3821 1126 3863 ee
1143 3798 1278 3872 habeant,
1297 3796 1455 3882 (exempla

405 3901 640 3987 diseipulorum,
658 3913 692 3969 et
711 3903 929 3989 apostolorum
945 3903 1035 3968 Petri
1050 3910 1083 3967 et
1098 3902 1269 3979 lobannis,
1285 3902 1339 3987 qui
1359 3902 1456 3963 horas

405 4004 572 4082 orationis,
586 4007 728 4082 tertiam,
745 4014 878 4083 sextam,
896 4027 1022 4083 nonam,
1039 4006 1268 4085 observabant)
1283 4005 1349 4068 sine
1363 4003 1458 4066 altine

404 4103 619 4171 alternationis
633 4117 798 4192 praecepte,
813 4106 920 4170 dnarnn
943 4116 1041 4169 tamen
1063 4107 1103 4169 eit
1126 4106 1265 4189 aliquam
1287 4105 1461 4168 constituere

401 4208 675 4292 praeumptionem
698 4231 759 4292 qna
783 4208 858 4293 (sor.
882 4208 1009 4292 legend.
1034 4209 1115 4290 qao)
1138 4216 1166 4269 et
1188 4206 1301 4269 orandi
1323 4206 1459 4269 amnoni-

405 4307 515 4370 tionem
539 4308 613 4391 (lor.
637 4309 852 4391 admonitione)
873 4309 1069 4392 eenetrinpnt,
1092 4317 1119 4370 et
1142 4308 1231 4391 qnasi
1254 4307 1313 4390 lege
1334 4306 1379 4369 ad
1399 4306 1459 4369 tale

405 4429 514 4472 manae
535 4419 705 4494 annotant
727 4432 748 4474 a
770 4411 897 4496 negotiis
918 4409 1084 4484 interdum,
1098 4419 1133 4471 nt
1152 4409 1233 4492 qaod
1245 4408 1375 4472 Danieli
1389 4430 1458 4493 qne

406 4527 461 4592 qaae
484 4508 608 4592 names
628 4510 824 4586 adserentem,
839 4511 942 4595 ntiqne
961 4531 997 4573 ee
1019 4509 1149 4573 Israelis
1169 4509 1337 4595 dr'aeiplina
1360 4510 1458 4590 (Dan.

407 4609 446 4673 vi.
467 4614 545 4693 ια),
567 4614 722 4677 neminen
744 4622 790 4677 ter
811 4613 864 4676 die
883 4613 988 4676 saltem
1008 4611 1176 4688 Mnernne,
1200 4610 1343 4675 debitores
1365 4613 1460 4674 triani

406 4712 526 4787 Patria,
538 4723 565 4778 et
581 4714 673 4788 Filii,
689 4725 717 4779 et
731 4715 869 4798 Spiritus
882 4715 1011 4789 Sancti·
1032 4713 1175 4799 exeeptis
1189 4715 1300 4799 utique
1312 4715 1461 4799 legitimis
