3700 5667
417 679 593 740 ANNOT.
620 678 669 739 IN
696 678 884 740 DIONYS.
911 678 1023 740 ROM.
1047 677 1256 741 EXCERP.
1301 677 1366 746 379

318 856 340 883 “
357 856 431 910 erint
452 849 491 909 ad
512 850 699 911 Ammonem
723 847 960 913 Bereniceneem
977 848 1026 926 (in
1047 847 1226 932 Pentapoli)
1247 848 1365 931 episeo-

321 959 342 987 “
359 973 445 1034 pum,
464 973 527 1014 uua
546 951 587 1014 ad
607 950 847 1035 Telesphorum,
867 950 908 1013 ad
933 950 1174 1033 Euphranorem
1196 949 1309 1022 altera,
1332 958 1365 1014 et

320 1060 341 1087 “
357 1051 420 1114 alia
435 1073 543 1113 rursus
558 1051 599 1113 ad
617 1053 807 1115 Ammonem
823 1059 857 1115 et
873 1053 1047 1135 Euporum.
1090 1050 1282 1114 Nomi-rtatim
1296 1073 1366 1114 nero

321 1160 342 1189 “
358 1152 488 1236 epistolis
506 1153 568 1235 airus
587 1153 632 1216 ad
644 1157 819 1217 Ammonem
839 1163 867 1217 ct
881 1153 1113 1237 Euphranorem
1130 1153 1269 1217 nonnulii
1283 1152 1364 1223 moti,

321 1265 339 1292 “
356 1256 445 1319 ittam
464 1256 509 1319 od
523 1257 693 1320 Itornannm
708 1256 878 1340 pontificem
895 1255 1073 1319 detulerant.
1114 1256 1282 1338 Dionysius
1300 1277 1366 1319 asro

321 1369 341 1395 “
360 1360 514 1420 Itcnmnua
531 1380 592 1420 rara
609 1359 683 1421 eat-ie
697 1379 819 1442 proaem
837 1357 936 1431 duait,
955 1368 988 1420 ut
1003 1358 1261 1432 Alanandriaum,
1273 1358 1367 1443 prim

321 1470 343 1498 “
360 1461 483 1523 concilio
498 1459 608 1535 hahita,
623 1481 800 1523 commonuere
814 1480 874 1523 non
888 1460 1033 1541 afferret.

364 1571 386 1599 ‘⁶
401 1562 549 1646 Epistola
569 1562 657 1624 iltius
674 1582 797 1624 caueam
814 1571 841 1625 et
855 1562 1035 1626 occasionem
1048 1561 1238 1626 Athanasius
1255 1562 1290 1626 in
1304 1562 1367 1647 cpi·

323 1672 342 1697 “
357 1663 431 1726 stota
451 1663 486 1724 de
503 1664 649 1726 sonantia
664 1664 812 1747 Dionysii
826 1685 856 1728 n.
878 1685 927 1749 13.
944 1665 1062 1748 exponit
1079 1664 1113 1727 in
1131 1666 1210 1728 hunc
1226 1665 1366 1728 amum:

322 1773 342 1803 ‘⁶
359 1765 438 1828 Cum
455 1765 626 1849 Dionysius
643 1764 879 1830 Alexandrinus
894 1775 1007 1830 contra
1022 1766 1150 1830 Sabellii
1166 1767 1309 1830 haeresim
1324 1768 1366 1830 ad

321 1868 548 1930 “Ammonem
571 1875 605 1930 et
632 1867 871 1952 Euphranorem
895 1867 1002 1932 studio
1024 1867 1184 1952 religionis
1205 1876 1368 1953 permotus

323 1978 344 2006 “
360 1970 546 2053 scripsisset,
564 1969 692 2052 quidam
708 1992 748 2033 ex
763 1970 895 2034 ecelesia
909 1970 1035 2046 fratres,
1052 1991 1137 2034 senae
1152 1970 1279 2055 quidem
1293 1971 1367 2034 doe·

322 2081 342 2108 ‘⁴
358 2072 451 2135 trinae
481 2070 632 2143 homines,
660 2094 723 2134 nou
753 2072 904 2136 sciscitati
935 2081 1042 2136 tamen
1072 2094 1144 2135 eum
1173 2072 1368 2153 (Dionysium

323 2184 344 2212 ‘⁶
359 2173 461 2253 Alsa.)
480 2195 543 2256 qua
558 2173 597 2236 de
612 2195 709 2237 causa
723 2173 770 2237 ita
790 2173 978 2259 scripsisset,
996 2173 1132 2237 Rornam
1146 2195 1180 2236 se
1195 2173 1366 2249 contulere,
1423 2224 1430 2239 .

323 2284 341 2311 “
358 2275 507 2359 illumque
532 2275 616 2359 apud
643 2275 860 2359 cognominem
888 2275 1075 2359 Dionysium
1101 2274 1280 2339 Romanum
1303 2274 1367 2359 epi-

321 2384 340 2412 “
358 2398 486 2460 scopum
504 2385 706 2451 accusarunt,
722 2376 802 2461 quod
819 2376 979 2450 nmirum,
995 2386 1028 2439 ut
1042 2386 1070 2439 et
1084 2375 1274 2439 Athanasius
1289 2373 1366 2438 itta.

322 2485 342 2513 ‘⁶
359 2498 390 2538 n.
410 2499 440 2556 4.
456 2477 576 2561 prodit,
599 2478 633 2539 in
649 2478 803 2562 prodicta
826 2477 952 2562 epistola
973 2499 1003 2539 n.
1023 2499 1054 2557 4.
1075 2477 1208 2552 amma,
1232 2497 1311 2560 opus
1332 2483 1367 2538 et

324 2586 342 2615 '‘
360 2601 424 2640 rem
445 2579 563 2642 factem
582 2601 651 2643 esse
674 2579 790 2642 Filium
814 2579 888 2654 Dei,
904 2600 967 2641 non
985 2585 1102 2642 natura
1121 2577 1293 2662 proprium,
1309 2577 1366 2640 sed

321 2690 341 2717 “
358 2681 495 2744 alienum
512 2704 533 2744 a
549 2681 648 2745 Patre
662 2682 834 2744 secundum
853 2681 1077 2754 substantiam,
1094 2681 1196 2766 qualis
1214 2687 1264 2744 est
1283 2678 1366 2764 agri·

321 2791 343 2820 “
361 2782 431 2845 cola
445 2805 465 2845 a
479 2783 555 2859 vite,
569 2791 603 2847 et
617 2782 707 2846 faber
721 2805 741 2846 a
759 2782 895 2868 soaphat
917 2783 1036 2846 etenim
1051 2803 1122 2846 cum
1137 2783 1181 2846 sit
1194 2804 1246 2845 res
1260 2782 1366 2856 iacta3

321 2894 343 2921 ‘⁶
360 2907 421 2946 non
440 2896 511 2949 erat
528 2892 700 2968 autequam
718 2885 818 2950 fieret.
864 2885 986 2966 Quibus
1004 2885 1135 2961 auditis,
1150 2885 1252 2970 inquit
1268 2884 1367 2948 Atha-

323 3000 341 3023 “
357 2989 461 3050 nasicae
474 3010 505 3051 n.
524 3009 531 3049 ι
537 3008 568 3073 3.
582 2988 754 3073 Dionysius
766 2989 877 3052 Romae
891 2988 1057 3073 episcopus
1071 2988 1198 3073 scripsit
1209 2995 1243 3051 et
1254 2993 1367 3050 contra

323 3099 341 3128 “
359 3091 485 3154 Sabellii
507 3099 692 3167 sectatores,
709 3099 742 3155 et
757 3100 871 3156 contra
886 3113 941 3154 eos
961 3091 1015 3175 qui
1031 3092 1099 3175 ejus
1119 3097 1227 3154 essent
1241 3097 1366 3154 senten-

323 3201 342 3230 “
359 3193 423 3268 tiae,
440 3193 539 3274 (cujus
553 3193 721 3276 Dionysius
741 3193 969 3256 Ahaandrinm
987 3202 1116 3255 amentor
1127 3190 1310 3276 putabatur,
1324 3190 1366 3266 ct)

322 3303 342 3330 “
359 3295 400 3357 ob
416 3317 510 3377 quam
533 3295 630 3357 Arius
650 3301 763 3378 postea
781 3294 822 3357 ab
843 3293 976 3356 ecclesia
995 3293 1116 3375 ejectus
1136 3300 1195 3354 est.
1234 3288 1369 3374 Scripsit

323 3405 343 3439 ‘⁴
358 3417 482 3479 quoquo
507 3396 547 3457 ad
575 3395 762 3479 Dionysium
785 3393 1063 3477 (Alcaandrinum)
1088 3392 1225 3466 litteras,
1252 3398 1290 3453 ut
1314 3410 1368 3451 ex·

324 3506 342 3533 “
359 3498 503 3581 planaret
518 3519 556 3559 ee
571 3497 611 3559 de
626 3496 740 3579 quibus
755 3496 796 3558 ab
811 3494 871 3557 illis
886 3492 1061 3578 (fratribus
1073 3514 1170 3577 surpra
1184 3490 1370 3574 memoratis)

323 3608 343 3637 “
359 3608 527 3663 accusatus
546 3599 660 3662 suerat.
706 3600 754 3661 De
768 3597 877 3660 iisdem
893 3595 1002 3660 titteris
1015 3595 1097 3659 idem
1112 3593 1304 3659 Athanasius
1318 3590 1369 3656 tn.

322 3709 342 3736 ·‘
360 3701 397 3763 cta
413 3700 542 3783 Syraodis
556 3720 586 3761 n.
603 3718 655 3782 43.
672 3699 735 3762 hac
749 3697 900 3761 montorio
914 3696 1151 3760 annotatam.-
1175 3716 1248 3758 cum
1259 3701 1372 3757 autem

322 3810 344 3839 ‘⁶
361 3803 488 3886 quidam
510 3803 550 3864 ad
573 3801 752 3864 Romanum
775 3801 957 3885 episcopum
979 3799 1019 3863 de
1039 3796 1258 3862 Alexandrino
1279 3798 1371 3861 detu-

324 3914 343 3940 ‘·
360 3904 482 3980 lissont,
498 3905 583 3988 quod
607 3904 724 3967 Filium
746 3924 813 3966 rem
834 3902 955 3965 iactam
976 3910 1009 3964 et
1034 3901 1125 3965 Patri
1148 3922 1210 3964 non
1234 3898 1368 3963 consub-

326 4017 346 4045 “
363 4006 546 4070 stantialem
575 4006 759 4078 affirmaret,
791 4005 938 4068 Romane
970 4004 1110 4087 synodus
1143 4024 1210 4067 rem
1243 4001 1373 4086 indigne

326 4115 344 4142 “
362 4107 457 4178 tulit;
489 4106 652 4168 Romanus
675 4112 784 4168 autem
808 4104 975 4188 episcopus
997 4103 1125 4188 scriptis
1148 4103 1189 4166 ad
1213 4101 1373 4187 cognomi-

325 4216 346 4244 “
361 4230 433 4271 nem
454 4229 545 4271 suum
564 4206 681 4271 litteris
699 4205 838 4268 omnium
856 4211 907 4289 (aa
927 4205 965 4269 de
985 4207 1033 4285 rc)
1051 4203 1244 4269 sententiam
1263 4208 1373 4264 notam

326 4319 345 4345 “
361 4310 389 4372 ei
405 4309 512 4373 iecit.’‘'
557 4307 637 4370 Haec
652 4307 874 4371 Cousrnurrus.

369 4412 428 4475 lto
449 4421 550 4474 aretem
568 4409 727 4494 manandi
748 4409 798 4472 sni
819 4431 922 4482 causa,
941 4409 1046 4494 pergit
1069 4407 1207 4471 scribere
1228 4404 1375 4469 Athana-

326 4512 401 4579 sius.
425 4513 458 4574 τὸ
481 4513 608 4589 βιβλίον
630 4509 791 4590 ἐπιγράφει
815 4511 945 4593 ἐλέγχου
970 4510 1019 4573 καὶ
1042 4509 1226 4588 ἆπολογίαςτ
1250 4506 1290 4568 de
1313 4524 1375 4587 quo

326 4612 407 4678 libro
423 4614 513 4698 plura
532 4613 760 4676 adnotaveram
778 4613 820 4676 ad
839 4611 908 4697 ejus
925 4610 1088 4695 reliquias,
1104 4610 1289 4697 priusquam
1305 4602 1376 4668 novi

810 4731 829 4796 3
845 4734 863 4775 c
879 4732 898 4777 a
