3700 5667
612 691 662 753 IN
687 691 718 753 S.
743 691 1044 754 PAMPHILUM
1070 691 1222 755 MART.
1372 694 1436 756 503

396 869 476 937 sent,
500 859 533 924 S.
552 860 710 945 Pamphili
732 861 948 944 reliquiarum,
972 862 1120 946 quoniam
1144 863 1294 947 pleraque
1318 864 1437 939 omnia,

395 964 507 1027 saltem
529 985 568 1027 ea
589 962 629 1026 de
651 984 743 1026 saera
763 963 921 1027 Trinitate
943 985 1014 1047 quae
1035 971 1146 1048 agunt,
1165 987 1205 1027 ex
1223 965 1359 1051 Origene
1382 988 1436 1028 ex-

395 1070 505 1146 cerpta
527 1070 614 1136 sunt,
635 1083 698 1123 nou
720 1070 795 1125 sunt
818 1063 977 1148 Pamphili
1000 1084 1096 1146 super
1117 1073 1270 1149 excerpta
1292 1066 1438 1130 observa-

395 1163 506 1227 tiones.
562 1164 692 1226 lntorea
717 1163 800 1227 idem
826 1187 916 1248 opus,
940 1187 1003 1238 una
1028 1188 1099 1228 cum
1127 1166 1201 1230 loeis
1227 1168 1357 1242 Graecis,
1385 1170 1438 1253 qui

396 1265 489 1328 hodie
512 1272 691 1349 supersunt,
708 1265 916 1349 Origenianis‚
933 1267 1056 1330 omissis
1077 1267 1148 1331 aliis
1170 1268 1345 1353 quibusque
1368 1272 1439 1334 Ori·

394 1366 495 1450 genis‚
512 1367 689 1451 Appendici
705 1367 816 1430 herum
833 1366 1038 1431 Voluminum
1054 1371 1205 1433 commisi.

441 1471 509 1532 Nec
524 1476 633 1532 tamen
647 1468 674 1531 is
694 1490 773 1542 sum,
791 1469 843 1552 qui
860 1476 979 1553 putem,
995 1471 1028 1533 in
1044 1471 1203 1556 Apologia
1218 1460 1440 1559 Pamphiliana

396 1571 569 1654 quidquam
597 1570 723 1632 omnino
752 1592 773 1633 a
801 1577 890 1633 recta
919 1571 959 1634 de
990 1571 1146 1635 Trinitate
1174 1573 1237 1636 fide
1265 1574 1439 1639 abhorrens

396 1673 493 1736 etiam
524 1672 670 1756 primitus
699 1672 959 1756 comprehensum
988 1673 1105 1743 luisse;
1141 1676 1284 1758 quamvis
1314 1677 1355 1749 id,
1384 1680 1440 1742 sed

396 1775 634 1859 praecipitanter
649 1774 793 1849 fortasse,
806 1784 841 1838 ut
857 1775 1071 1858 conjecturam
1087 1775 1164 1839 facit
1179 1778 1291 1840 Cellior
1305 1779 1441 1844 Histoire

399 1877 546 1940 Gerrercle
566 1875 618 1938 des
634 1879 770 1938 Aeteers
788 1878 905 1952 Sourta,
922 1876 981 1939 vol.
999 1876 1041 1938 iii.
1057 1899 1129 1960 pag.
1145 1898 1218 1957 444
1236 1878 1441 1945 affirmaverit

397 1978 430 2042 S.
449 1978 662 2061 Hieronymus
683 1978 717 2039 ia
738 1979 888 2063 Rufinam
903 1978 956 2040 lib.
973 1980 1119 2042 secunde.
1167 1978 1216 2042 Ut
1236 1980 1320 2042 onim
1338 1982 1440 2045 erudi-

397 2084 537 2148 tissimus
557 2081 668 2145 Bullns
686 2081 755 2143 loco
775 2081 823 2144 ait
842 2102 939 2164 supra
959 2088 1144 2154 memorato,
1162 2081 1247 2145 nulla
1266 2083 1299 2144 in
1314 2106 1352 2148 ea
1367 2086 1442 2149 Ari-

397 2208 467 2249 anae
483 2183 622 2268 perfidiae
638 2182 762 2245 notavit
778 2182 924 2260 Photius,
941 2183 994 2266 qui
1010 2183 1127 2267 alioqui
1143 2183 1174 2245 in
1195 2183 1326 2247 alierum
1343 2188 1440 2272 scrip-

397 2287 440 2350 tis
463 2286 544 2349 solet
566 2283 696 2346 minima
719 2304 853 2367 quaeque
878 2285 1117 2368 reprehendere,
1140 2307 1210 2369 qnae
1233 2286 1280 2348 vel
1306 2288 1442 2371 speciem

398 2385 573 2450 Arianismi
593 2407 659 2469 pree
680 2407 713 2448 se
733 2386 863 2448 ferrent.
901 2386 1015 2459 Perre,
1032 2386 1057 2448 si
1073 2387 1225 2470 dogmata
1240 2387 1279 2449 do
1295 2388 1442 2471 praeexis-

398 2489 501 2552 tentia
523 2488 710 2558 animarum,
733 2493 766 2550 et
788 2487 991 2551 restitutione
1013 2488 1153 2550 omniurn
1175 2489 1323 2573 excipias,
1341 2490 1442 2554 nullos

398 2611 521 2652 errores
540 2589 572 2650 in
592 2610 631 2651 ea
651 2588 815 2652 invenerat
833 2589 880 2651 vel
898 2597 1063 2673 carpserat
1081 2590 1206 2653 Auctor
1223 2591 1369 2673 Syreodiei
1386 2592 1442 2655 ad—

397 2713 499 2756 sersus
521 2691 637 2754 Irccaei
663 2691 876 2774 Treyoediem,
893 2700 930 2754 ut
952 2692 1046 2775 paule
1068 2692 1150 2755 insre
1173 2692 1300 2755 videbis.
1348 2693 1443 2757 Unde

398 2794 496 2857 habes
517 2797 566 2872 τῆς
586 2794 756 2873 ὀρθοδοξίας
770 2793 973 2877 Apologotiei
993 2793 1078 2857 inre
1099 2794 1238 2857 omnium
1257 2796 1444 2877 gravissima

399 2897 541 2967 tacitum,
567 2903 603 2958 ut
627 2895 674 2957 ita
697 2894 816 2978 loquar,
840 2896 1056 2959 testimenium
1082 2919 1182 2981 ucque
1205 2896 1280 2959 illud
1303 2906 1443 2962 contem-

399 3001 548 3075 nendum,
573 3000 648 3083 quia
673 2998 810 3082 alioquin
838 3000 879 3062 ab
906 2999 959 3062 illo
984 3006 1114 3063 auctore
1138 3000 1198 3063 hoo
1224 2999 1291 3084 ipse
1318 3002 1443 3065 nomine

399 3124 477 3185 epus
507 3108 590 3163 esset
616 3101 850 3185 reprehensum.
901 3102 1074 3186 Antipater
1099 3101 1226 3184 quidem
1252 3102 1441 3182 Bostreusis,

399 3212 436 3267 nt
462 3211 574 3287 postea
603 3225 728 3287 quoque
753 3203 864 3266 lectori
891 3203 1026 3287 patebit,
1054 3203 1226 3266 Eusebium
1256 3225 1443 3288 oppugnans

399 3306 556 3369 diversum
580 3306 664 3388 qnid,
686 3306 782 3368 immo
805 3305 1011 3375 centrarium,
1035 3304 1075 3365 de
1099 3303 1158 3366 hoe
1183 3305 1302 3385 scripto
1325 3306 1443 3380 innuit;

400 3409 455 3470 sed
478 3415 589 3471 eontra
612 3407 809 3471 orthodoxiae
831 3407 935 3489 operis
957 3405 989 3468 id
1012 3406 1108 3480 lavet,
1127 3413 1223 3489 prout
1247 3406 1357 3468 Bullus
1379 3430 1443 3470 mo-

400 3514 479 3587 nuit,
496 3514 580 3597 quod
601 3515 640 3576 de
658 3512 755 3575 veteri
778 3512 915 3595 quodam
939 3510 1001 3573 alio
1018 3509 1208 3593 Apologista
1229 3533 1286 3595 pro
1306 3511 1444 3596 Origene

399 3616 483 3680 infra
497 3615 598 3680 tradit
614 3614 761 3685 Photius‚
778 3636 849 3676 omn
865 3613 1022 3683 nimirum,
1036 3611 1087 3694 qui
1105 3612 1171 3695 ipse
1186 3621 1272 3676 recte
1288 3614 1445 3679 sentiebat

400 3719 431 3780 in
455 3740 551 3781 cansa
573 3717 864 3788 lidei‚anct01·itate
891 3714 1043 3795 Pamphili
1066 3720 1162 3797 atque
1186 3714 1314 3778 Eusebii
1338 3715 1369 3777 in
1392 3718 1444 3781 de·

400 3820 541 3882 sensione
557 3819 704 3903 Origenis
719 3818 856 3880 maxime
871 3819 979 3880 nixum
996 3816 1102 3879 luisse.
1140 3816 1287 3900 Denique
1302 3818 1444 3882 animad-

401 3922 595 3997 vertendum,
611 3920 747 3983 scribere
772 3921 1001 4003 Hieronymum
1023 3918 1054 3980 in
1073 3919 1213 4002 Epistohz
1234 3919 1279 3981 od
1296 3920 1447 3982 Pamma·

400 4024 499 4086 ollem
520 4032 548 4087 ct
571 4025 731 4097 Oeeoaam,
750 4022 886 4085 Nicaenae
909 4021 1031 4104 synodi,
1053 4043 1123 4103 quae
1146 4020 1206 4083 luit
1229 4030 1349 4104 postea,
1370 4023 1445 4104 ‹log-

401 4133 489 4189 mata
511 4126 544 4188 in
566 4132 659 4205 parte
682 4125 819 4208 quadam
842 4123 937 4206 hujus
959 4122 1063 4206 operis
1085 4122 1215 4185 defensa
1238 4122 1352 4192 luisse;
1385 4124 1444 4186 sibi

400 4228 566 4310 colligente
586 4248 673 4289 more
694 4248 752 4288 sue
774 4226 981 4308 Hieronymo,
997 4223 1080 4313 hanc
1101 4224 1217 4285 idcirce
1238 4232 1360 4307 partem
1382 4248 1445 4288 nen

400 4331 552 4414 scriptam
573 4329 670 4392 fuisso
692 4330 733 4392 ab
758 4327 907 4402 Eusebia,
933 4349 1026 4409 quem
1048 4326 1095 4388 ait
1118 4325 1149 4387 iu
1172 4333 1243 4388 toto
1266 4348 1361 4409 opere
1389 4349 1446 4388 suo

401 4431 570 4516 Origenom
586 4431 699 4493 Ariani
715 4430 850 4514 probare
866 4429 1024 4513 dogmatis
1043 4428 1156 4503 hrisse;
1179 4428 1234 4490 sed
1251 4427 1297 4490 vel
1315 4427 1445 4511 Didymi

401 4533 448 4596 vel
464 4533 632 4616 cujuslibet
649 4532 780 4596 alterius
800 4554 877 4594 esse.
925 4531 1005 4593 Haec
1021 4529 1081 4605 ille,
1097 4551 1167 4612 quae
1184 4537 1290 4592 tamen
1307 4528 1445 4612 opinioni

402 4632 441 4695 de
463 4640 552 4695 recta
574 4630 637 4694 lide
659 4631 757 4715 ipsius
781 4632 885 4714 operis
909 4631 1011 4713 magis
1037 4630 1141 4693 favere
1164 4652 1258 4714 qnam
1285 4630 1446 4693 adversari
