3700 5667
496 662 563 725 388
833 654 1209 721 ANNOTATIONES

496 829 624 893 amentio
642 827 779 891 loercticc'
790 825 987 910 ferebamur,
1002 847 1032 888 sc
1051 824 1132 887 'uilis'l
1149 823 1225 887 ccccl
1240 823 1274 885 in
1290 844 1347 885 suo
1355 820 1427 907 fido
1445 823 1545 906 susp-i-

497 937 587 993 actes.
630 928 825 1002 Puteeimus,
840 924 971 999 aiebant,
988 947 1104 988 sensu-ni
1124 945 1281 1008 oonyrucrc
1301 921 1416 986 cerlis:
1440 945 1492 987 nec
1513 923 1549 985 iss

498 1030 621 1095 ecclesie
643 1029 715 1102 Dei,
739 1027 792 1091 uti
815 1027 1006 1111 simplicitas,
1031 1026 1083 1090 eli
1101 1048 1188 1111 pura
1214 1027 1354 1109 cessscssie
1382 1036 1433 1100 est,
1457 1025 1550 1088 aii-ud

497 1128 532 1193 in
557 1128 645 1192 corde
670 1128 806 1193 cloccum
831 1150 898 1205 esse,
923 1128 1016 1191 aliod
1038 1131 1072 1192 in
1097 1127 1188 1191 latiis
1213 1127 1354 1212 preferri
1379 1128 1546 1191 timuimus.

500 1227 673 1293 Oousrxur.

544 1331 582 1393 P.
598 1348 672 1413 375.
688 1328 708 1390 Ι.
729 1348 754 1391 ι.
774 1327 930 1412 γέννησιν]
949 1328 1011 1391 His
1031 1328 1198 1392 concinens
1214 1328 1344 1393 Nieaeue
1361 1331 1499 1414 synodus
1514 1330 1547 1392 in

499 1430 643 1517 symbolo
661 1430 780 1494 lilium
796 1432 941 1515 periissem,
964 1452 1023 1494 nen
1034 1433 1159 1514 sectius
1178 1430 1356 1515 profitetur.
1403 1432 1549 1495 Athana-

498 1533 564 1597 sius
586 1541 695 1596 autem
719 1532 823 1617 Epist.
844 1534 883 1596 de
907 1531 1074 1596 Sententia
1094 1531 1189 1596 Dion.
1206 1555 1237 1595 n.
1257 1554 1305 1617 13·
1320 1532 1548 1618 professionem

499 1634 585 1697 illam
608 1634 746 1719 primurn
768 1634 809 1698 ab
832 1635 892 1698 hae
914 1634 1035 1717 synodo
1059 1635 1274 1718 excogitatam
1298 1657 1361 1698 non
1383 1657 1452 1698 esse
1474 1634 1548 1698 hine

498 1744 586 1801 recte
606 1736 731 1821 probat.
778 1738 854 1799 Oucn
874 1737 965 1809 enini,
987 1736 1100 1820 inquit,
1121 1737 1288 1819 Dionysius
1308 1740 1465 1801 Rome-eus
1486 1745 1550 1821 cpe·-

497 1858 601 1921 sccpus
614 1837 762 1900 advers-us
781 1859 827 1901 cos
844 1838 937 1901 eiiam
951 1838 1113 1921 scripserit,
1130 1838 1183 1921 qui
1199 1837 1318 1900 Filium
1333 1838 1394 1900 Dei
1409 1859 1470 1901 rein
1487 1860 1549 1901 crc-

498 1948 584 2003 atam
606 1948 633 2003 ct
649 1941 773 2022 factem
796 1939 911 2014 dicuni,
936 1938 1051 2023 liquide
1075 1947 1197 2013 eslcetot,
1221 1959 1278 2000 nen
1302 1959 1381 2001 stunc
1399 1939 1546 2022 prins-um,

498 2041 551 2105 sed
567 2040 640 2104 olins
659 2039 697 2103 al
716 2038 851 2103 omnibus
870 2039 1059 2103 anathemate
1079 2040 1257 2103 (ἰανιιιαίαιιι
1277 2062 1335 2103 csse
1355 2041 1548 2105 inimiwsum

502 2142 617 2207 Christi
630 2142 823 2206 strietiorem
836 2142 981 2205 heresim.
1005 2142 1179 2206 Goussxur.

546 2244 630 2307 Ibid.
646 2243 667 2308 l.
678 2260 710 2328 5.
724 2244 761 2322 ἣν
776 2245 826 2308 ὅτε
841 2244 893 2307 οὐκ
907 2244 957 2328 ἣν]
975 2243 1081 2307 Etiam
1097 2244 1148 2307 hie
1162 2245 1361 2329 praedamnet
1377 2244 1548 2329 Dionysius

498 2344 622 2409 celebre
638 2345 710 2408 Arii
725 2344 866 2423 effatum,
882 2368 919 2409 ee
935 2345 1082 2431 praeludit
1099 2345 1228 2409 Nicaeno
1246 2345 1386 2423 concilio,
1403 2347 1444 2410 ad
1465 2368 1547 2430 sym-

500 2446 564 2511 boli
586 2446 634 2511 sui
652 2448 770 2511 calcem
790 2447 1075 2513 anathematizanti
1095 2448 1163 2513 τοὺς
1181 2446 1328 2527 λέγοντας
1347 2447 1384 2525 ἢν
1399 2450 1481 2521 ποτὲ,
1498 2450 1549 2512 ὅτε

500 2548 554 2613 οὒκ
574 2547 621 2627 ἣν.
656 2548 813 2630 Quocirca
832 2572 904 2615 eum
920 2548 1041 2614 Valens
1059 2547 1197 2611 Arimini
1215 2548 1247 2610 in
1265 2547 1397 2611 eeclesia
1417 2547 1548 2611 clamas-

499 2657 561 2727 set,
585 2650 623 2714 Si
644 2652 714 2737 qui-s
735 2652 858 2727 (lamii,
874 2654 959 2717 Erat
980 2662 1094 2735 tempus
1118 2650 1239 2734 ostendo
1262 2672 1320 2713 non
1341 2660 1407 2713 eret
1428 2651 1546 2723 Filius,

499 2752 660 2817 emittm
683 2754 746 2826 sit,-
778 2754 838 2818 hoe
861 2755 984 2827 audito,
1008 2752 1111 2835 inquit
1135 2752 1349 2836 Hieronymus
1376 2752 1450 2816 dial.
1474 2753 1545 2815 adv.

503 2854 603 2917 Lueif.
624 2855 725 2918 macti
739 2856 870 2940 episcopi
883 2865 911 2920 ct
929 2865 990 2918 tom
1007 2852 1100 2916 simul
1115 2852 1235 2916 ecclesie
1246 2855 1363 2937 plausu
1377 2853 1506 2937 quedem
1520 2864 1549 2918 et

500 2954 638 3039 tripudio
659 2955 791 3019 Valentis
804 2978 899 3019 ccccm
918 2965 1103 3038 aeceperunt,
1119 2954 1183 3017 rati
1198 2954 1343 3018 videlieet
1363 2975 1435 3017 eum
1454 2954 1548 3039 plane

502 3055 658 3119 Arianam
675 3057 833 3134 haeresim,
848 3080 918 3143 quae
936 3056 1052 3120 Filium
1072 3064 1213 3120 ereetum
1229 3056 1363 3132 volebat,
1380 3055 1430 3119 his
1444 3057 1548 3120 verbis

500 3157 636 3242 ejurare.
659 3158 830 3223 Oousrxuc.
864 3160 947 3242 Quin
963 3182 1003 3224 ex
1019 3159 1215 3243 Hieronymo
1230 3167 1368 3234 constat,
1380 3157 1547 3222 Valentem

501 3258 565 3324 alia
590 3260 725 3344 plurima
751 3270 785 3325 et
808 3261 911 3346 ipsum
936 3261 1168 3347 pronuntiasse,
1194 3270 1228 3325 et
1252 3261 1388 3324 Claudio
1410 3283 1548 3345 pronun-

502 3360 596 3427 tianti
612 3363 816 3440 consensisse,
833 3386 903 3448 quae
922 3386 994 3428 eum
1014 3365 1099 3429 notis
1118 3365 1276 3451 dogmatis
1294 3364 1427 3428 istorum
1447 3364 1546 3428 haere-

502 3461 637 3527 ticorum
661 3486 682 3528 a
704 3465 872 3530 Catholiea
893 3465 957 3529 fide
978 3465 1088 3530 alienis
1110 3467 1278 3531 conciliare
1301 3465 1425 3528 difficile
1448 3466 1548 3528 eredi-

501 3565 611 3628 derim.
657 3565 803 3651 Exempli
818 3567 924 3651 gratie
942 3567 1009 3651 ipse
1027 3569 1073 3632 ait
1090 3569 1225 3639 Volens;
1251 3568 1289 3630 Si
1302 3568 1369 3651 quis
1384 3567 1498 3630 dicerit
1511 3567 1548 3629 dc

501 3665 596 3729 nullis
613 3668 781 3731 cumatilem
792 3668 909 3750 filium,
928 3679 955 3731 ct
973 3691 1032 3732 non
1052 3669 1088 3731 ds
1108 3670 1172 3731 Deo
1190 3678 1288 3752 petre,
1308 3668 1469 3730 aeolicum
1487 3669 1547 3731 sit:

501 3775 591 3849 etque
618 3767 749 3831 Claudio
772 3769 836 3832 icc
857 3771 1028 3853 proferenti
1052 3769 1131 3831 idem
1159 3768 1211 3830 illc
1233 3769 1380 3838 amonim
1416 3770 1455 3831 Si
1481 3771 1550 3852 quis

501 3866 615 3929 dasem
627 3866 734 3948 filices
755 3869 818 3932 Dei
839 3890 898 3932 csso
921 3870 1041 3953 quidem
1062 3878 1132 3932 ansts
1153 3869 1254 3931 omnic
1274 3868 1398 3943 sessula,
1416 3871 1471 3932 sed
1490 3893 1549 3934 non

502 3975 572 4029 amc
593 3988 677 4031 mcccc
696 3969 815 4032 omnim
836 3978 958 4053 lempse,
975 3979 1008 4033 ut
1026 3971 1054 4033 ci
1072 3969 1194 4054 aliquid
1212 3971 1372 4052 anteferat,
1389 3972 1549 4035 onoticme

503 4067 544 4131 sic

546 4168 629 4232 lbid.
645 4168 665 4233 l.
681 4172 711 4233 6.
734 4174 762 4235 εἰ
776 4174 869 4254 λόγος
883 4174 932 4237 καὶ
946 4175 1041 4252 σοφία
1057 4175 1104 4237 καὶ
1120 4175 1240 4253 δύναμις
1260 4177 1276 4237 ὁ
1293 4175 1435 4259 Χριστὸς]
1454 4174 1546 4238 Coni.

500 4270 595 4335 Jocn.
613 4271 635 4335 i.
658 4291 706 4351 14.
729 4281 764 4337 et
785 4273 873 4352 alibi,
894 4282 929 4340 et
956 4295 966 4337 1
986 4276 1055 4338 Cer.
1072 4275 1091 4337 i.
1110 4294 1161 4353 24.
1184 4283 1217 4339 et
1241 4276 1429 4360 Dionysium
1453 4277 1546 4340 Alex.

501 4370 593 4436 initio
609 4370 844 4458 Excerptorum
859 4376 1002 4461 proximo
1016 4383 1090 4460 post
1105 4376 1341 4440 collocatorum.

547 4472 630 4536 lbid.
645 4473 668 4536 l.
687 4492 727 4537 12
752 4476 948 4541 ἀτοπώτατον
962 4480 994 4540 δὲ
1009 4478 1110 4562 τοῦτο]
1129 4478 1283 4542 Consules
1298 4479 1434 4557 Bullum,
1450 4479 1548 4543 Fidei

502 4575 644 4638 Nicoencs
657 4575 781 4659 Defessa.
798 4577 884 4642 Soet.
900 4601 946 4642 ιιι.
962 4600 1032 4663 cap.
1049 4600 1081 4660 4.
1099 4581 1129 4660 ξ.
1144 4598 1172 4642 2.
1186 4602 1217 4663 p.
1236 4599 1270 4662 17
1274 4601 1305 4663 5.
