3700 5667
499 640 562 701 142
836 640 1217 707 ANNOTATIONES

765 881 938 948 CONCIL.
961 884 1191 950 cARTHAe.
1216 885 1279 947 lll.

543 1020 580 1084 P.
610 1020 663 1102 98.
688 1019 708 1082 l.
732 1034 763 1104 5.
798 1020 952 1103 Synodion
981 1021 1044 1084 kae
1072 1021 1227 1106 Epistola]
1263 1021 1370 1105 Hujus
1403 1021 1545 1105 epistolae

497 1120 617 1185 mentio
632 1128 724 1185 extat
738 1122 824 1206 apud
839 1129 985 1186 sanctum
1002 1123 1217 1208 Augustinum
1232 1123 1264 1186 in
1283 1123 1363 1186 libro
1379 1123 1419 1186 de
1435 1124 1546 1188 Gestis

499 1222 619 1306 Pelagii
641 1246 708 1308 cap.
729 1245 777 1287 ιι.
801 1231 834 1286 et
857 1225 889 1286 in
909 1223 990 1286 libro
1011 1233 1126 1308 quarto
1146 1235 1259 1289 eontra
1280 1226 1360 1289 duas
1383 1225 1546 1311 Epistolas

499 1326 743 1410 Pelagianorum
766 1348 835 1411 cap.
852 1328 881 1389 8.
904 1327 990 1389 etin
1012 1350 1156 1391 sermone
1180 1349 1251 1410 294.
1275 1351 1364 1391 novae
1387 1329 1544 1392 editionis.

499 1427 648 1492 Meminit
663 1428 802 1512 ejusdem
820 1427 918 1492 etiam
939 1429 1156 1512 Hieronymus
1176 1429 1207 1491 in
1223 1429 1316 1493 Galae
1337 1429 1545 1514 Dialogorum

496 1531 648 1595 adversus
664 1531 862 1616 Pelagianos.
908 1530 993 1595 Vide
1015 1532 1130 1594 librum
1146 1533 1275 1617 Georgii
1292 1534 1465 1596 Cassandri
1489 1535 1544 1596 ad·

497 1655 605 1697 versus
620 1633 862 1719 Anabaptistas.
887 1633 1055 1697 Bruuzms.

541 1734 623 1798 Ibid.
640 1735 660 1797 l.
676 1756 706 1818 9.
727 1758 857 1799 numero
876 1735 977 1822 exva]
1005 1736 1083 1799 Vide
1099 1737 1182 1820 quod
1198 1745 1275 1801 ante
1289 1745 1479 1801 annotatum
1495 1746 1545 1802 est

496 1837 538 1900 ud
555 1837 676 1901 Concil.
689 1837 734 1900 II.
752 1860 782 1922 p.
805 1839 875 1923 138.

542 1941 625 2004 lbid.
648 1941 744 2024 Fido]
768 1941 928 2005 Pamelius
949 1940 996 2004 ait
1019 1962 1083 2004 non
1104 1940 1245 2025 potuisse
1268 1964 1302 2004 se
1323 1942 1462 2027 reperire
1483 1967 1545 2028 quo

496 2044 529 2107 in
544 2044 613 2108 loeo
629 2043 730 2107 Fidus
744 2044 840 2108 luerit
858 2044 1034 2128 episeopus,
1048 2043 1215 2107 verisimile
1236 2052 1345 2108 tamen
1360 2067 1429 2108 esse
1450 2045 1545 2110 luisse

497 2145 632 2209 vicinum
647 2145 810 2230 'l‘hernpii,
825 2145 879 2229 qui
901 2145 934 2208 iu
953 2144 1074 2229 synodo
1096 2145 1197 2207 sancti
1213 2143 1363 2228 Cypriani
1386 2147 1544 2229 cognomi-

497 2256 594 2312 natur
617 2270 637 2311 a
662 2247 762 2310 Bulla.
787 2248 864 2327 (vid.
886 2247 1189 2331 supraConeil.v11.
1215 2270 1244 2332 p.
1265 2250 1351 2331 128.)
1382 2249 1546 2313 Morellius

497 2351 622 2434 putavit
644 2349 740 2413 luisse
761 2358 889 2414 tautum
908 2350 1136 2434 presbyterum.
1161 2350 1328 2414 Bannzms.
1373 2351 1432 2415 Ait
1449 2352 1545 2414 Pear·

496 2453 604 2515 eonius
618 2451 650 2514 in
666 2451 786 2515 Annei.
811 2453 933 2515 “Dum
948 2452 992 2515 illi
1007 2452 1039 2515 in
1055 2452 1185 2516 concilio
1200 2461 1302 2528 erant,
1315 2453 1421 2517 nllatae
1437 2463 1545 2518 sunta

498 2565 517 2590 ‘⁶
531 2554 613 2617 Fido
633 2554 790 2639 episeopo,
810 2563 846 2619 ut
868 2555 1005 2631 videtur,
1027 2555 1154 2639 seriptae
1177 2554 1309 2632 litcrae,”
1331 2557 1374 2618 ad
1396 2579 1447 2619 nn.
1473 2575 1544 2642 253.

497 2666 578 2721 sext.
596 2680 639 2722 rx.

541 2758 626 2822 Ibid.
647 2758 667 2821 l.
689 2778 735 2821 ιο.
760 2758 889 2822 Victore
911 2757 1071 2842 quondam
1090 2759 1290 2847 presbytero]
1314 2759 1472 2844 Rigaltius
1487 2759 1546 2837 ait,

497 2862 560 2924 Iste
581 2862 677 2923 Victor
698 2861 849 2944 qmadarn
869 2861 903 2922 in
925 2859 1047 2923 eccksia
1062 2858 1228 2945 presbyter,
1247 2862 1325 2925 raah
1344 2863 1545 2944 savatafide,

494 2962 646 3026 ecetesiam
668 2962 823 3038 amiserat,
845 2971 872 3024 et
893 2983 1008 3045 pacem.
1054 2963 1162 3047 Itaque
1186 2964 1240 3026 etsi
1257 2986 1365 3048 pacem
1391 2965 1546 3049 quomoda

495 3088 621 3150 campas,
640 3065 692 3128 loc
716 3076 756 3128 est
772 3087 973 3150 prcnpropera
1003 3066 1154 3152 Tlerapii
1166 3068 1364 3151 festinatione
1385 3069 1545 3152 recepisset,

495 3170 619 3231 enies-irae
641 3177 739 3232 tamen
765 3168 859 3231 loearn
883 3168 917 3230 in
942 3166 1062 3230 masia
1086 3167 1139 3229 iac
1160 3176 1202 3230 cst
1220 3165 1388 3251 presbyteri
1409 3168 1545 3230 donarem

495 3282 652 3356 receperat.
698 3273 781 3335 Bene
805 3271 912 3355 ipitnr‚
934 3279 1023 3353 atqne
1047 3291 1084 3332 ae
1108 3269 1273 3353 discipline
1299 3270 1401 3345 ceteri,
1424 3269 1547 3353 scripsit

498 3374 682 3458 Cyprianus,
707 3375 743 3437 de
773 3374 889 3436 Victore
913 3372 1064 3457 qnondam
1079 3371 1262 3455 presbytero,
1285 3372 1338 3454 qai
1364 3392 1444 3434 anne
1468 3371 1547 3433 inter

495 3477 588 3541 irrisos
613 3474 849 3541 communicabat
876 3475 1015 3539 eccksiae.
1060 3474 1145 3537 Idem
1174 3495 1242 3558 erpo
1277 3475 1376 3536 Victor
1404 3474 1441 3536 de
1470 3473 1547 3537 laice

489 3579 669 3663 presbyten·
687 3581 724 3643 de
732 3577 906 3664 presbytero
921 3577 1023 3662 lapsas
1037 3599 1047 3636 :
1063 3576 1100 3639 de
1115 3575 1198 3660 lapse
1206 3576 1378 3659 penitens:
1402 3575 1438 3637 de
1445 3577 1546 3659 pani·

494 3691 571 3745 teate
586 3683 691 3745 [αι’-σιω.
738 3685 842 3764 Supra
864 3679 1110 3752 observavimus,
1133 3699 1196 3740 non
1218 3700 1342 3762 semper
1362 3677 1395 3740 in
1415 3677 1547 3741 eeclesia

495 3782 680 3857 obtinuisse,
708 3789 745 3844 ut
772 3782 803 3843 in
830 3780 958 3845 elericos
984 3779 1214 3864 delinquentes,
1240 3781 1342 3843 solum
1368 3801 1426 3865 per
1451 3780 1546 3865 depo-

496 3884 642 3949 sitionem
656 3884 698 3947 ad
713 3883 964 3947 communionem
982 3883 1095 3946 laicam
1110 3882 1425 3946 animadverteretur.
1463 3885 1547 3944 Con·

496 3994 563 4050 stat
592 3986 756 4049 Victorem
786 3985 917 4049 eeclesia
948 3985 1071 4069 pulsum
1098 3985 1140 4048 nd
1166 3984 1387 4068 poeuitentiam
1413 4006 1547 4068 eamque

495 4088 652 4152 diutinam
685 4087 867 4151 admissum.
924 4086 1014 4150 Licet
1048 4108 1123 4149 vero
1153 4087 1274 4169 synodo
1304 4094 1378 4170 post
1408 4086 1547 4149 reditum

495 4190 645 4274 Cypriani
664 4189 811 4264 secunda,
827 4187 924 4272 lapsis
947 4189 988 4252 ob
1011 4188 1262 4272 persecutionem
1280 4189 1480 4271 ingruentem
1500 4189 1546 4251 in-

495 4292 642 4366 dultum;
661 4300 770 4356 tamen
786 4313 849 4354 non
864 4313 902 4354 ea
917 4312 1006 4354 mens
1020 4300 1147 4375 patrum
1163 4299 1234 4355 erat
1249 4300 1286 4355 ut
1302 4314 1379 4376 pace
1395 4292 1548 4355 restituta

494 4404 523 4458 et
547 4394 632 4458 stalla
658 4393 825 4457 necessitate
853 4401 979 4476 caperata,
1004 4393 1170 4478 episeopus
1196 4393 1303 4456 omnin
1329 4415 1387 4477 pro
1412 4391 1547 4455 arbitrio

494 4498 629 4559 laxaret.
676 4496 791 4557 Pacem
809 4515 891 4556 nunc
911 4494 1050 4558 eeclesiae
1065 4495 1224 4558 redditam
1244 4496 1392 4578 frequens
1407 4495 1547 4579 synodus

494 4598 622 4663 indicat.
669 4596 920 4660 Fortunatianus
942 4597 1049 4681 lapsus
1072 4597 1223 4682 qwndam
1246 4598 1399 4681 episcopas
1418 4596 1544 4673 dicitur,
