3700 5667
391 669 456 730 318
740 662 1092 728 ANNOTATIONES

392 833 586 916 Φιρμιλιανδς
608 835 665 912 μέν
689 837 739 912 τῆς
762 838 970 897 Καππαδοκῶν
996 832 1179 912 Καισαρείας
1204 831 1371 898 ἐπίσκοπος
1396 830 1447 910 ἦν·

393 938 553 1019 Γρηγόριος
573 937 605 998 δέ
626 935 675 998 καὶ
690 932 895 1015 Ἀθηνόδωρος
915 936 1055 1015 ἀδελφοὶ,
1070 940 1129 997 τῶν
1149 936 1224 997 κατὰ
1240 934 1365 996 Πόντον
1386 958 1447 996 πα·

391 1045 510 1122 ροικιῶν
525 1037 671 1116 ποιμένες·
696 1039 744 1101 καὶ
761 1038 810 1100 έπὶ
826 1038 941 1103 τούτοις
948 1035 1080 1103 Ἕλενος
1094 1040 1145 1115 τῆς
1163 1037 1197 1099 ἐν
1210 1039 1322 1120 Ταρσῷ
1337 1061 1448 1116 παροι-

393 1142 468 1217 κίας,
493 1141 540 1203 καὶ
566 1141 700 1218 Νικόμας
725 1143 776 1217 τῆς
802 1141 836 1202 ἐν
856 1139 981 1222 Ἰκονίιμ·
1013 1138 1049 1201 οὗ
1071 1136 1131 1215 μὴν
1153 1139 1236 1199 άλλδ
1260 1137 1308 1200 καὶ
1330 1140 1385 1214 τῆς
1411 1139 1447 1201 ἐν

391 1241 612 1323 Ἱεροσολύμοις
646 1242 805 1319 ἐκκλησίας
832 1237 1001 1318 Ὑμέναιος·
1038 1241 1091 1315 τῆς
1125 1262 1159 1301 τε
1192 1238 1302 1317 ὁμόρου
1333 1238 1446 1315 ταύτης

395 1345 575 1424 Καισαρείας
600 1343 776 1408 Θεότεκυος·
811 1338 950 1419 Μάξιμος
973 1339 1016 1403 ἔτι
1038 1338 1111 1419 πρδς
1133 1340 1257 1410 τούτοις,
1281 1343 1340 1400 τῶν
1366 1341 1445 1401 κατὰ

394 1449 531 1527 Βόστραυ
551 1446 583 1507 δέ
606 1444 653 1507 καὶ
675 1444 759 1509 οὗτος
779 1444 921 1522 ἀδελφῶν
941 1445 1107 1522 διαπρεπῶς
1125 1440 1235 1521 ἡγεῖτο.
1266 1439 1390 1519 μυρίους
1410 1463 1447 1502 τε

393 1547 508 1611 ἄλλους
527 1544 580 1607 οὐκ
601 1544 639 1607 δυ
656 1545 808 1623 άπορῆσαί
827 1569 870 1609 τις
892 1543 953 1622 άμα
975 1541 1190 1622 πρεσβυτέροις
1211 1541 1259 1604 καὶ
1281 1542 1444 1620 διακόνοις,

392 1650 444 1723 τῆς
459 1646 548 1723 αὐτῆς
562 1642 665 1708 ἕνεκεν
680 1646 773 1711 αίτίας
789 1647 823 1708 ἐν
838 1646 872 1723 τῇ
890 1643 1086 1725 προειρημένη
1106 1645 1194 1706 πόλει
1211 1643 1348 1722 τηνικάδε
1364 1669 1443 1725 συγ-

394 1747 588 1827 κροτηθέντας
606 1748 868 1827 άπαριθμούμενος·
892 1748 975 1809 άλλδ
993 1747 1104 1809 τούτων
1119 1771 1155 1827 γε
1172 1748 1201 1808 οἱ
1220 1744 1354 1824 μάλιστα
1376 1747 1443 1810 ἐπι-

394 1855 501 1930 φανεῖς
520 1850 581 1912 οἵδε
600 1849 689 1926 ἦσαν.
711 1847 830 1911 πάντων
846 1850 988 1912 οὖνκατὰ
1007 1850 1123 1929 καιροὺς
1137 1850 1285 1929 διαφόρως
1300 1848 1348 1911 καὶ
1362 1856 1442 1910 πολ-

393 1951 479 2018 λάκις
502 1953 552 2015 ἐπὶ
575 1950 663 2014 ταύτὸ
689 1952 863 2023 συνιόντων,
889 1952 978 2032 λόγοι
1001 1951 1048 2013 καὶ
1069 1949 1205 2028 ζητήσεις
1228 1946 1290 2012 καθ’
1311 1947 1445 2027 ἑκάστην

395 2055 583 2118 άνεκινοΰντο
607 2056 743 2117 σύνοδον·
774 2059 833 2116 τῶν
855 2056 911 2131 μὲν
936 2055 1012 2133 ἀμφὶ
1035 2053 1089 2116 τὸν
1111 2051 1302 2131 Σαμοσατέα,
1326 2052 1365 2113 τὰ
1390 2055 1444 2130 τῆς

395 2158 578 2236 έπεροδοξίας
597 2157 783 2235 ἐπικρύπτειν
804 2154 846 2217 έτι
868 2154 915 2217 καὶ
938 2152 1222 2235 παρακαλύπτεσθαι
1238 2151 1443 2233 πειρωμένων·

395 2263 454 2321 τῶν
469 2260 501 2320 δέ
522 2259 712 2338 άπογυμνοῦν
733 2257 780 2319 καὶ
801 2259 842 2322 εἰς
861 2256 995 2337 φανερὸν
1016 2257 1101 2337 ἄγειν
1118 2255 1172 2333 τὴν
1191 2257 1308 2335 αἵρεσιν
1323 2255 1372 2318 καὶ
1389 2255 1444 2334 τὴν

396 2362 438 2425 είς
461 2357 594 2438 Χριστὸν
616 2357 819 2439 βλασφημίαν
843 2358 942 2430 αὐτοῦ,
967 2361 1015 2421 διὰ
1037 2361 1166 2435 σπουδῆς
1188 2357 1385 2435 ποιουμένων.
1408 2358 1444 2419 ἐν

395 2459 486 2545 τούτῳ
507 2462 539 2522 τέ
560 2458 718 2526 Διονύσιος
737 2464 872 2543 τελευτᾷ,
890 2463 963 2523 κατὰ
980 2460 1014 2521 τδ
1033 2459 1198 2523 δωδέκατον
1213 2458 1278 2524 ἔτος
1290 2461 1343 2536 τῆς
1359 2462 1442 2520 Γαλ-

396 2564 499 2642 λιήνου
520 2564 690 2641 βασιλείας,
713 2566 845 2644 προστὰς
866 2567 916 2641 τῆς
940 2564 1002 2625 κατ’
1024 2560 1255 2642 Ἀλεξάνδρειαν
1278 2562 1445 2639 ἐπισκοπῆς

398 2667 496 2729 έτεσιν
516 2666 718 2727 έπτακαιδεκα·
744 2665 911 2748 διαδέχεται
933 2668 966 2728 δέ
989 2664 1079 2727 αὐτὸν
1101 2663 1247 2742 Μάξιμος.
1271 2661 1444 2740 Γαλλιήνου

397 2769 429 2830 δέ
453 2766 502 2846 ἐφ’
522 2766 605 2830 ὅλοις
627 2767 771 2831 ἐνιαυτοῖς
793 2768 1003 2829 πεντεκαίδεκα
1024 2765 1078 2844 τὴν
1101 2764 1197 2847 ἀρχὴν
1220 2764 1445 2843 κεκρατηκότος,

399 2865 545 2930 Κλαύδιος
569 2865 694 2943 κατέστη
718 2865 865 2948 διάδοχος.
890 2864 1028 2947 δεύτερον
1052 2869 1085 2929 δέ
1109 2867 1194 2931 οὗτος
1216 2867 1342 2928 διελθὸν
1365 2865 1443 2938 ἔτος,

398 2967 572 3050 Αὖρηλιανῷ
592 2968 769 3043 μεταδίδωσι
787 2968 840 3043 τὴν
859 2968 1029 3048 ἡγεμονίαν·
1055 2967 1117 3032 καθ’
1134 2968 1169 3030 δυ
1184 2967 1355 3032 τελευταίας
1369 2993 1445 3049 συγ-

398 3070 589 3149 κροτηθείσης
610 3069 763 3129 πλείστων
782 3069 863 3130 ὅσων
883 3071 1053 3133 ἐπισκόπων
1073 3073 1210 3145 συνόδου,
1226 3069 1374 3151 φωραθεὶς
1395 3071 1445 3133 καὶ

397 3173 471 3254 πρὸς
485 3170 624 3233 ἁπάντων
638 3169 691 3249 ἤδη
707 3175 812 3249 σαφῶς
829 3174 1050 3251 καταγνωσθεὶς
1065 3174 1250 3253 ἐτεροδοξίαυ
1265 3175 1281 3234 ὁ
1296 3176 1347 3249 τῆς
1368 3175 1445 3235 κατὰ

396 3273 584 3355 Ἀντιόχειαν
600 3273 742 3353 αἱρέσεως
760 3273 898 3355 ἀρχηγὸς,
915 3278 966 3352 τῆς
985 3275 1042 3338 ὑπὸ
1062 3275 1114 3337 τὸν
1134 3274 1262 3355 οὐρανὸν
1283 3277 1446 3352 καθολικῆς

397 3377 556 3454 ἐκκλησίας
576 3373 812 3454 ἀποκηρύττεται.
835 3374 968 3452 μάλιστα
986 3374 1009 3437 δ’
1027 3375 1117 3438 αὐτὸν
1132 3375 1256 3441 εὐθύνας
1271 3376 1446 3454 ἐπικρυπτό-

397 3504 489 3558 μενον
513 3477 649 3559 διηλεγξε
673 3480 833 3559 Μαλχίων·
861 3476 935 3557 άνῆρ
959 3476 1050 3540 τότε
1075 3478 1156 3539 ἄλλα
1178 3478 1293 3558 λόγιος,
1317 3476 1365 3539 καὶ
1388 3501 1442 3538 σο-

398 3587 507 3661 φιστοῦ
524 3582 635 3660 (σόφος
657 3583 706 3656 τῆς
730 3580 803 3641 MS.
820 3577 957 3641 Florem.
971 3579 1072 3662 prior,
1092 3579 1230 3641 secunda
1253 3579 1363 3662 manu)
1383 3584 1446 3642 τῶν

399 3682 443 3746 ἐπ’
463 3681 651 3762 Ἀντιοχείας
669 3678 855 3757 Ἑλληνικῶν
875 3684 1087 3761 παιδεντηρίων
1110 3685 1260 3761 διατριβῆς
1280 3680 1445 3760 προεστώς·

399 3781 434 3842 ού
451 3779 510 3856 μὴν
530 3780 611 3840 ἀλλὰ
632 3780 678 3841 καὶ
698 3777 733 3841 δι’
752 3778 1008 3859 ὑπερβάλλουσαν
1030 3784 1079 3858 τῆς
1102 3783 1144 3845 είς
1165 3781 1298 3859 Χριστὸν
1315 3781 1446 3846 πίστεως

398 3880 587 3961 γυησιότητα,
610 3881 825 3959 πρεσβυτερίου
844 3884 895 3958 τῆς
913 3882 1015 3944 αὐτόθι
1033 3883 1185 3962 παροικίας
1199 3870 1368 3959 ἠξιωμένος·
1391 3882 1444 3943 ού-

398 4006 448 4048 τος
471 3979 553 4061 γέτοι
579 3980 848 4059 έπισημειουμένων
872 3984 1084 4064 ταχυγράφων,
1109 3983 1229 4062 ζήτησιν
1254 3983 1328 4061 πρὸς
1351 3982 1446 4044 αὐτὸν

399 4081 619 4164 ἐνστησάμενος
636 4081 673 4160 ἣν
694 4084 741 4146 καὶ
757 4086 799 4149 είς
818 4089 903 4164 δεῦρο
924 4085 1095 4165 φερομένην
1114 4088 1212 4163 ἴσμεν,
1228 4086 1319 4163 μόνος
1334 4085 1445 4165 ἴσχυσε

398 4192 456 4249 τῶν
475 4186 579 4247 ἄλλων
598 4186 761 4264 κρυψίνουν
780 4186 853 4246 ὄντα
873 4186 921 4246 καὶ
939 4186 1093 4264 ἀπατηλὸν
1109 4184 1247 4267 φωράσαι
1263 4185 1316 4247 τὸν
1331 4186 1446 4263 άνθρω-

398 4311 465 4360 πον,
482 4307 572 4369 οορρ.
590 4302 726 4368 27—29.
761 4287 840 4348 Cum
854 4286 951 4369 ι’ρίίυν
963 4287 1008 4349 Χ
1000 4297 1085 4370 ysius
1100 4286 1238 4349 υιιιίιοίυι
1252 4284 1342 4348 armis
1355 4284 1446 4347 ναοῖο-

397 4391 452 4453 οία
475 4390 621 4450 Romam
640 4387 824 4470 ρνιοίυιζςιιι,
848 4388 882 4450 in
904 4389 966 4472 ejus
989 4389 1082 4452 Ιοουυι
1103 4389 1238 4452 successit
1261 4386 1445 4469 Dionysizoe,

398 4488 609 4555 Αίοωαυόνίαο
623 4488 673 4550 illi
687 4487 874 4572 ιοραουιίιιίε.
920 4487 982 4551 Sub
997 4490 1076 4552 idem
1090 4499 1206 4572 tempus
1224 4487 1364 4569 defuncto
1378 4489 1446 4550 Λιι-

397 4592 514 4655 νίοοδία
533 4589 738 4664 Demetrium,
755 4589 876 4653 Paulus
896 4592 1111 4654 θαυιοιοταυαζς
1130 4592 1331 4674 ηνιζςοοροιυυι
1349 4609 1462 4678 ουτοι-η
