3700 5667
465 660 531 727 806
770 658 1018 737 RELIQUIAE
1045 658 1223 723 sAcRAE.

468 831 555 936 ύπέρ
573 834 793 931 ἀπαλλαγῆς
811 836 884 909 τῶν
901 828 1159 934 ἐνοχλούντων·
1185 825 1395 931 “πορισμδν
1412 828 1529 930 ἡγού-

466 1001 571 1068 μενος
589 965 656 1065 τὴν
674 964 894 1061 θεοσέβειαν·
926 968 985 1045 καὶ
1009 967 1081 1044 οὔτ’
1102 968 1150 1049 ὡς
1173 963 1301 1071 ὑψηλὰ
1320 969 1448 1069 φρονεῖ
1465 967 1528 1043 καὶ

467 1106 660 1207 ὑπερῆρται
680 1099 838 1199 κοσμικὰ
859 1098 1048 1205 ἀξιώματα
1074 1095 1323 1198 ὑποδυόμενος·
1356 1100 1415 1177 καὶ
1432 1100 1524 1176 δου-

467 1233 632 1339 κηνοίριος
659 1241 805 1334 μᾶλλον
827 1231 850 1334 ἢ
875 1232 1071 1316 ἐπίσκοπος
1093 1232 1210 1312 θελων
1228 1236 1429 1312 καλεῖσθαι.
1463 1231 1527 1308 καὶ

467 1377 594 1465 σοβῶν
612 1367 704 1448 κατὰ
722 1365 786 1451 τὰς
804 1365 952 1469 ἀγοράς·
978 1370 1037 1446 καὶ
1051 1363 1248 1449 ἐπιστολὰς
1262 1364 1557 1467 ἀναγινώσκων5

467 1509 526 1586 καὶ
552 1503 782 1607 ὑπαγορεύων
808 1500 883 1601 ἅμα
907 1503 1063 1603 βαδίζων
1088 1503 1246 1607 δημοσίᾳ
1274 1502 1334 1579 καὶ
1361 1504 1523 1606 δορυφο-

469 1638 650 1742 ρούμενος·
679 1645 752 1718 τῶν
769 1636 835 1737 μέν
852 1635 1181 1739 προπορευομένων,
1192 1641 1266 1714 τῶν
1284 1632 1322 1713 δέ
1341 1632 1524 1738 ἐφεπομέ-

468 1808 540 1853 νων
565 1780 718 1853 πολλῶν
745 1768 809 1852 τδν
835 1769 997 1875 ἀριθμόν·
1028 1774 1077 1855 ὡς
1102 1774 1161 1849 καὶ
1184 1769 1251 1867 τὴν
1276 1769 1403 1848 πίστιν
1430 1772 1528 1872 φθο-

468 1913 607 1987 νεῖσθαι
632 1910 691 1986 καὶ
718 1911 905 2004 μισεῖσθαι
931 1902 989 1984 διδι
1015 1904 1079 1984 τὸν
1106 1904 1215 2006 ὄγκον
1241 1904 1350 1982 αὑτοῦ
1376 1904 1433 1982 καί
1456 1899 1528 2001 τὴν

470 2040 716 2144 ὑπερηφανίαν
743 2043 807 2138 τῆς
835 2037 992 2141 καρδίιις·
1024 2039 1103 2116 οὔτε
1129 2037 1195 2137 τὴν
1219 2039 1257 2117 ἐν
1284 2042 1361 2120 ταῖς
1388 2038 1524 2135 ἐκκλη-
1541 2068 1582 2108 ιο

469 2181 674 2256 σιαοτικαῖς
692 2171 857 2255 συνόδοις
876 2173 1069 2274 τερατείαν,
1088 2170 1132 2271 ἣν
1147 2178 1350 2276 μηχανᾶται
1369 2169 1523 2275 δοξοκο-

469 2314 549 2387 πῶν
568 2311 626 2386 καὶ
649 2312 966 2413 φαντασιοκοπῶν·
998 2310 1056 2385 καὶ
1082 2304 1146 2390 τὰς
1170 2313 1243 2386 τῶν
1269 2303 1527 2407 ἁκεραιοτέρων

469 2438 593 2547 ψνχδις
611 2447 685 2524 τοῖς
703 2438 874 2523 τοιούτοις
897 2437 1120 2538 ἐκπλήττων·
1151 2444 1253 2540 βῆμα
1271 2438 1336 2539 μέν
1354 2440 1413 2518 καὶ
1431 2435 1520 2541 θρύ-

471 2609 534 2655 νον
554 2573 701 2682 ὑψηλὸν
719 2576 834 2682 ἐαυτῷ
852 2572 1225 2674 κατασκευασάμενος,
1241 2574 1308 2677 οὐχ
1326 2576 1375 2655 ὡς
1394 2577 1518 2675 Χρισ·
1539 2594 1578 2657 ¹⁵

469 2717 533 2789 τοῦ
565 2709 737 2810 μαθητὴς,
769 2706 953 2811 σήκρητον
988 2708 1036 2806 δέ,
1066 2707 1192 2812 ὥσπερ
1224 2713 1257 2787 οἱ
1285 2715 1349 2787 τοῦ
1381 2705 1525 2805 κόσμου

469 2842 648 2948 ἄρχοντες,
667 2843 760 2946 ἐχων
784 2876 823 2921 τε
848 2846 906 2921 καὶ
932 2842 1126 2945 ὀνομάζων·
1155 2844 1272 2923 παίων
1300 2877 1339 2922 τε
1365 2847 1410 2945 τῇ
1433 2844 1526 2946 χειρὶ

470 3127 555 3194 tium,
577 3128 628 3205 qui
649 3139 684 3186 ut
705 3128 824 3205 negotio
845 3129 969 3189 liberen-
1022 3151 1131 3208 umque
1152 3128 1310 3187 multorum
1330 3126 1469 3185 adversus
1491 3126 1527 3183 fi.

470 3218 520 3265 tur
541 3208 657 3284 quidvis
681 3207 750 3266 dare
774 3209 866 3285 parati
892 3220 971 3276 sunt,
1022 3211 1089 3269 dem
1122 3219 1250 3268 nostram
1283 3208 1439 3266 conflatum
1476 3205 1526 3265 sit.

470 3287 585 3347 lucrum
614 3288 739 3347 inaniter
766 3302 885 3368 captans
897 3312 906 3360 ;
941 3300 971 3348 et
1024 3291 1131 3367 Neque
1145 3291 1216 3348 item
1236 3289 1343 3347 attinet
1362 3286 1526 3345 examinare
1540 3304 1582 3345 20

471 3369 610 3446 pietatem
625 3380 769 3445 quaestum
789 3390 851 3429 esse
869 3370 970 3428 existi·
1023 3370 1204 3428 ambitiosam
1224 3369 1350 3426 hominis
1364 3367 1526 3425 vanitatem

470 3468 561 3507 mans.
591 3448 698 3526 Neque
707 3451 785 3527 quod
796 3451 875 3509 fastu
885 3462 915 3508 et
926 3471 972 3508 ar.
1023 3451 1054 3508 in
1086 3449 1287 3508 ecclesiasticis
1321 3446 1525 3516 conventibus,

471 3530 604 3607 rogantia
628 3549 716 3607 supra
737 3530 855 3588 modum
879 3530 973 3589 elatus
1023 3549 1110 3607 quam
1122 3529 1201 3586 omni
1213 3529 1312 3587 studio
1323 3536 1525 3591 consectatum

472 3608 623 3667 saculares
650 3611 728 3685 gerit
753 3609 918 3687 dignitates,
943 3622 974 3668 et
1023 3609 1096 3667 nihil
1113 3608 1194 3667 aliud
1214 3628 1300 3685 quarn
1322 3609 1437 3665 inanem
1460 3606 1525 3683 glo-

472 3688 657 3745 Ducenarius
680 3690 774 3746 vocari
799 3711 884 3766 quam
909 3691 972 3768 epi·
1024 3691 1094 3747 riam
1118 3701 1246 3767 captans,
1267 3700 1297 3746 et
1320 3706 1453 3766 pompam
1481 3686 1526 3743 af·
1540 3706 1579 3765 25

472 3786 576 3845 scopus
611 3767 746 3825 mavult:
790 3788 841 3846 per
876 3770 973 3826 forum
1024 3771 1145 3834 sectans,
1161 3781 1248 3846 atque
1266 3766 1434 3845 hujusmodi
1453 3766 1526 3824 arti·

473 3845 624 3922 magnifica
649 3845 784 3905 incedens
797 3871 805 3917 3
836 3848 974 3927 epistolas
1025 3851 1078 3907 bus
1103 3851 1214 3907 animoa
1236 3850 1436 3925 imperitorum
1458 3866 1525 3923 per-

472 3925 571 4002 legens
590 3945 623 3982 aa
644 3924 756 3985 dictans
777 3928 854 3985 inter
871 3930 972 3986 ambu-
1025 3930 1221 3988 terrefaciens.
1260 3930 1337 3986 Nam
1352 3938 1381 3985 et
1396 3925 1527 3983 tribunal

471 4004 591 4062 landum
608 4004 704 4083 palam
718 4027 752 4066 ac
766 4007 882 4085 publice
892 4029 900 4076 ;
921 4010 974 4066 sti.
1025 4020 1054 4067 et
1075 4009 1226 4067 sublimem
1247 4010 1395 4071 thronum,
1414 4026 1474 4062 non
1492 4016 1528 4063 ut

473 4095 618 4164 potusque
657 4088 783 4145 maxima
822 4088 973 4146 hominum
1026 4090 1134 4147 Christi
1147 4089 1307 4167 discipulus
1317 4087 1371 4145 sibi
1384 4088 1447 4163 ipse
1458 4106 1583 4167 con-30

474 4164 674 4231 multitudine,
689 4169 794 4244 partini
816 4169 975 4245 praeeunti.
1026 4171 1152 4227 struxit:
1176 4181 1206 4227 et
1227 4179 1380 4231 secretum,
1403 4165 1526 4244 perinde

475 4264 534 4310 um,
567 4246 672 4323 purtim
709 4248 972 4324 subsequentium:
1026 4270 1059 4307 ac
1087 4249 1238 4307 saeculares
1264 4247 1459 4325 magistratus,
1484 4246 1529 4304 ita

473 4324 546 4383 adeo
561 4338 595 4383 ut
609 4346 643 4385 ex
662 4327 742 4387 illius
756 4330 834 4387 fastu
851 4340 881 4385 et
896 4348 975 4385 arro·
1026 4330 1202 4406 appellatum
1218 4328 1329 4386 habuit.
1361 4325 1527 4384 Adhecfe-

474 4404 583 4481 gnatia,
596 4406 773 4467 incredibilis
787 4408 897 4465 invidia
911 4407 975 4465 odi.
1026 4429 1091 4467 mur
1105 4430 1193 4467 manu
1212 4419 1371 4484 percutere,
1387 4417 1417 4464 et
1431 4405 1527 4464 tribu-

901 4621 916 4649 11
933 4624 940 4656 ι
955 4610 1020 4660 Tim.
1034 4612 1064 4660 vi.
1078 4626 1100 4673 5.
