3700 5667
496 672 559 732 418
831 669 1209 731 ANNOTATIONES

494 862 591 905 causa
608 837 785 902 omissionis
800 837 925 902 videtur
941 837 1046 901 fuisse.
1093 839 1137 903 Et
1152 860 1275 903 mecum
1293 841 1333 903 de
1353 841 1551 905 emendandi

494 943 553 1008 loci
575 941 699 1006 ratione
719 941 953 1004 consentientes
974 941 1108 1016 habebo,
1128 964 1191 1004 nou
1214 941 1315 1005 solum
1337 943 1550 1021 orthodoxos,

494 1047 549 1110 sod
576 1051 609 1109 et
635 1043 771 1108 criticos.
822 1044 972 1108 Ceterum
999 1044 1041 1106 ab
1067 1044 1212 1128 apostolo
1237 1045 1417 1130 appellatur
1443 1045 1551 1110 Filius

494 1150 676 1227 ἀπαύγασμα
699 1150 750 1224 τῆς
776 1144 872 1222 δόξης,
897 1145 945 1208 καὶ
972 1146 1122 1226 χαρακτὴρ
1148 1149 1197 1223 τῆς
1221 1147 1413 1213 ὑποστάσεως
1441 1147 1547 1211 αὐτοῦ.

494 1247 571 1311 Hah
586 1248 605 1310 i.
618 1249 661 1328 3.’
691 1246 781 1322 Haec,
794 1253 831 1309 ut
845 1246 921 1323 dixi,
935 1246 1010 1309 olim
1024 1246 1186 1321 adnotavi,
1198 1247 1380 1330 conjectans
1395 1247 1550 1333 supplen-

493 1351 569 1413 dum
592 1370 670 1424 esse,
687 1351 777 1414 οὕτως
799 1350 865 1412 οὔτε
889 1351 905 1410 ὁ
928 1348 990 1414 υἱὸς
1012 1351 1029 1410 ό
1051 1348 1147 1427 πατὴρ
1171 1350 1264 1424 ἐστὶν,
1283 1351 1351 1413 οὔτε
1373 1351 1546 1429 ἀλλότριος.

494 1451 586 1514 Νυιιο
609 1472 684 1514 vero
708 1472 758 1514 me
783 1449 956 1534 superstite
980 1459 1108 1534 reperta
1132 1463 1182 1514 est
1207 1451 1240 1513 in
1268 1451 1384 1514 Getasa
1405 1451 1440 1513 ia
1462 1452 1548 1535 Epi-

491 1553 597 1617 stchsm
612 1552 657 1615 ad
670 1550 824 1628 Ηοόναοσ,
838 1573 933 1636 quam
949 1552 988 1615 cl.
999 1552 1131 1616 Cramer
1145 1574 1163 1615 e
1177 1552 1304 1636 scriptis
1318 1573 1418 1636 nuper
1429 1553 1549 1629 edidit,

492 1678 523 1739 p.
534 1658 609 1739 361.
625 1655 693 1719 haec
708 1654 903 1738 Theognosti
917 1656 1015 1735 ῥῆσις,
1033 1662 1066 1718 et
1081 1655 1131 1718 hic
1146 1655 1308 1739 integrior,
1325 1654 1453 1718 vocibus
1468 1677 1548 1740 sup-

493 1759 598 1842 pletis,
615 1759 663 1821 καὶ
678 1760 746 1822 οὔτε
761 1758 848 1824 αὐτός
863 1761 947 1821 ἔστιν
962 1759 979 1819 ό
994 1759 1101 1837 πατὴρ,
1118 1759 1185 1821 οὔτε
1200 1759 1365 1837 ἀλλότριος.

537 1862 575 1922 Ρ.
591 1880 665 1938 412.
682 1861 701 1923 l.
719 1862 747 1922 8.
764 1861 1065 1944 προυποστήσασθαι]
1085 1860 1323 1944 Theognostum
1338 1860 1382 1924 sic
1398 1861 1548 1926 defendit

490 1963 529 2026 ol.
548 1963 703 2026 Maranus
718 1962 751 2025 in
766 1962 872 2046 Opere
887 1960 1050 2045 inscripto,
1066 1962 1227 2025 Divinitas
1240 1963 1313 2025 Ιοαι
1333 1962 1447 2026 Ginai
1466 1965 1547 2027 Μα-

490 2065 622 2148 uisesto:
652 2071 671 2100 “
684 2063 855 2149 Displiouit
876 2064 1031 2148 Gregorio
1054 2063 1197 2147 Nysseno
1216 2063 1324 2149 aliqua
1343 2065 1546 2149 Theognosti

492 2175 511 2202 ‘⁸
527 2189 598 2231 oum
621 2167 751 2231 Arianis
771 2167 938 2230 verborum
959 2164 1145 2239 similitudo,
1163 2167 1305 2250 quamvis
1328 2166 1413 2230 nulla
1433 2189 1545 2232 rerum

491 2279 510 2305 “
526 2276 611 2333 esset
640 2268 725 2333 inter
753 2280 905 2352 utrosque
934 2267 1108 2331 consensio.
1165 2268 1252 2333 Nam
1280 2269 1393 2333 Ariani
1421 2269 1544 2333 Filium

491 2381 510 2411 ‘⁶
527 2394 599 2437 vere
614 2378 756 2435 creatum
772 2377 805 2435 et
821 2392 861 2434 ex
876 2369 975 2433 nihilo
995 2371 1144 2434 eductum
1160 2371 1323 2456 tingebant
1332 2396 1341 2447 ;
1365 2371 1441 2434 nihil
1456 2372 1544 2456 ejus-

491 2473 614 2537 “modi
637 2473 868 2558 Theognostus.
911 2472 1037 2536 Deinde
1059 2494 1133 2536 vero
1155 2473 1268 2537 Ariani
1292 2481 1325 2537 et
1348 2473 1543 2539 Eunomiaui

491 2575 646 2639 “Filium
666 2574 699 2638 in
720 2574 829 2638 mundi
850 2575 1011 2639 creatione
1031 2574 1233 2639 instrumenti
1248 2582 1282 2639 et
1300 2575 1456 2639 inferioris
1477 2579 1541 2641 mi-

490 2687 510 2716 “
527 2677 620 2741 nistri
648 2677 732 2741 vices
757 2676 945 2741 sustinuisse
971 2677 1141 2753 dicebant3
1178 2684 1290 2741 eontra
1316 2678 1542 2761 Theognostus

491 2790 511 2813 “
529 2779 645 2842 Filium
665 2780 707 2843 ad
723 2779 831 2841 mundi
847 2777 1040 2842 creationem
1056 2779 1235 2843 adhibitum
1250 2779 1347 2843 fuisse
1366 2788 1484 2858 censet,
1502 2793 1542 2847 ut

488 2889 510 2918 “
525 2880 666 2965 regulam
688 2888 721 2943 et
743 2899 896 2950 normam,
914 2878 974 2940 hoc
993 2889 1054 2954 est,
1072 2887 1108 2943 ut
1128 2880 1290 2964 proprium
1311 2879 1465 2958 Verbum,
1486 2885 1539 2948 cui

489 2983 628 3047 “Pater
650 3003 759 3044 omnes
782 3001 857 3043 suas
881 2980 969 3042 ideas
993 3002 1030 3044 oc
1053 3002 1178 3045 omnem
1203 2983 1415 3047 substantiam
1437 2985 1541 3048 tradi-

491 3096 510 3116 “
527 3083 654 3148 derat.”
678 3082 751 3146 Lib.
770 3082 809 3144 iv.
826 3103 894 3166 cap.
912 3099 962 3159 24.
979 3104 1010 3165 p.
1027 3100 1100 3166 551.

531 3186 568 3250 P.
583 3205 659 3272 413.
679 3185 699 3248 l.
721 3206 745 3248 1.
767 3194 862 3262 κτίσμα
882 3195 962 3249 αὐτὸν
982 3189 1135 3270 ἀποφαίνει]
1161 3188 1208 3249 Ut
1230 3187 1423 3271 Theognosii
1447 3189 1538 3268 όρθο·

487 3290 589 3365 δοξίαν
611 3293 752 3364 tueatur,
774 3309 832 3351 nos
854 3297 963 3352 monet
986 3288 1177 3352 clarissimus
1200 3287 1321 3365 Bullus,
1336 3310 1443 3353 verum
1467 3311 1539 3354 esse

486 3411 549 3454 non
574 3413 677 3476 posse,
700 3390 784 3476 quod
808 3390 919 3455 scribit
943 3391 1090 3467 Photius,
1113 3391 1257 3455 docuisse
1282 3412 1363 3463 eum,
1386 3391 1480 3475 idque
1503 3393 1537 3456 in

485 3514 523 3556 eo
549 3493 630 3577 ipso,
656 3515 749 3577 quem
778 3493 911 3557 adducit
937 3493 1145 3570 Athanasius,
1173 3492 1426 3578 Hypotyposeon
1454 3493 1538 3557 libro

485 3595 634 3668 secundo,
661 3594 778 3659 Filium
805 3595 876 3668 Dei,
904 3617 968 3679 qua
994 3596 1120 3681 proprie
1147 3595 1248 3659 Filius
1275 3596 1336 3660 Dei
1363 3602 1424 3673 est,
1448 3617 1538 3661 crea-

485 3707 591 3760 turam
615 3716 704 3773 esse;
727 3694 824 3757 immo
846 3696 950 3778 ipsum
975 3697 1128 3761 Photium
1152 3697 1212 3761 sibi
1236 3698 1330 3761 fidem
1354 3699 1536 3775 detrahere,

485 3798 538 3880 qui
557 3797 590 3859 in
608 3797 813 3879 sequentibus
827 3798 884 3873 ait,
900 3798 1019 3864 dixisse
1035 3801 1273 3885 Theognostum
1289 3802 1350 3866 Dei
1367 3801 1483 3865 Filium
1498 3805 1537 3882 τῇ

485 3899 620 3982 ἔνεργείᾳ
638 3897 679 3977 μὴ
698 3902 968 3980 περιγραφόμενον,
983 3902 1016 3965 οἱ
1033 3903 1094 3966 sice
1110 3904 1244 3986 ficatio
1260 3925 1320 3967 nou
1333 3925 1392 3969 σασα
1406 3905 1535 3968 circuns-

482 3999 642 4084 seriptam,
669 3999 742 4080 (vid.
759 4023 789 4086 p.
805 4006 896 4086 414.)
918 4006 1003 4088 quod
1028 4014 1114 4070 certe
1140 4007 1180 4071 de
1207 4014 1356 4071 creatura
1381 4007 1443 4070 dici
1469 4029 1533 4070 non

483 4101 594 4188 possit.
617 4102 740 4187 Deseris.
762 4104 856 4170 Fidei
877 4107 1001 4172 Niooea.
1025 4108 1111 4174 Saot.
1129 4107 1174 4172 II.
1190 4131 1258 4193 cap.
1276 4133 1307 4174 x.
1322 4116 1346 4191 ς.
1364 4112 1393 4174 8.
1409 4133 1441 4194 p.
1463 4129 1533 4195 123.

483 4206 537 4269 Ad
561 4205 629 4271 haec
651 4208 844 4293 respondens
864 4208 1047 4274 Whitbeius
1069 4210 1101 4273 in
1124 4211 1190 4274 loco
1207 4214 1276 4295 jam
1298 4213 1449 4290 indicato,
1465 4213 1534 4277 vult

484 4308 531 4373 ita
546 4330 580 4372 se
593 4330 660 4373 rem
675 4311 805 4388 habere,
815 4319 851 4376 ut
867 4312 907 4376 de
921 4311 1055 4376 aliorum
1068 4320 1195 4377 tentum
1208 4337 1306 4400 agens
1321 4315 1531 4400 opinionibus,

483 4432 546 4474 nou
562 4433 602 4475 ex
618 4415 778 4479 sententia
792 4436 859 4493 sua,
876 4415 1097 4500 Theognostus
1113 4416 1173 4480 hoc
1188 4417 1346 4503 posterius
1362 4419 1532 4502 protulisse

483 4523 661 4577 censeatur.
706 4515 764 4580 Oui
785 4517 911 4600 quidem
934 4516 1049 4603 effugio
1069 4518 1146 4583 nihil
1166 4520 1231 4584 ven'
1253 4521 1365 4595 inesse,
1385 4521 1531 4585 omnibus

484 4613 580 4677 verba
606 4614 766 4681 Photiana
789 4618 967 4705 legentibus
987 4621 1071 4685 clare
1096 4623 1266 4686 constabit.
1314 4625 1531 4689 Vemntamen
