3700 5667
567 672 618 737 IN
644 674 878 738 SYNODUM
907 618 1279 739 ANuIOCHuNAM.
1381 677 1446 739 855

399 844 433 907 Si
449 844 519 927 quis
533 851 641 908 tamen
656 856 771 908 cuncta
783 843 850 908 haeo
862 843 933 908 loca
947 844 1144 910 deformatis
1158 845 1255 910 etiarn
1270 844 1445 930 intelligere

398 945 544 1021 voluerit,
558 945 703 1030 equidem
723 968 786 1010 non
804 949 999 1032 repugnabo.
1045 947 1148 1011 Porro
1163 948 1306 1012 notanda
1319 954 1370 1011 est
1384 947 1444 1012 hoo

398 1048 467 1112 looo
482 1048 614 1132 diligens
628 1046 754 1113 cautela
768 1056 951 1113 sanctorum
965 1057 1106 1135 patrum,
1118 1050 1172 1133 qui
1186 1048 1331 1134 deposito
1346 1048 1445 1114 haere-

398 1151 463 1215 tice
478 1150 652 1226 sacerdote,
668 1171 783 1213 nomen
805 1150 952 1214 catholici
973 1151 1110 1236 episcopi
1131 1151 1233 1236 quiin
1252 1151 1321 1235 ejus
1339 1150 1444 1216 locum

399 1252 591 1316 substitutus
610 1251 725 1324 luerat,
741 1251 863 1315 cunctis
886 1252 1042 1337 episcopie
1063 1250 1253 1338 significant,
1268 1259 1306 1316 ut
1325 1251 1445 1318 scilicet

399 1353 501 1417 sciant
526 1377 547 1419 a
571 1375 634 1439 quo
657 1352 897 1418 Ecclesiasticus
920 1353 1030 1418 literas
1052 1354 1205 1439 accipere,
1228 1360 1262 1419 et
1284 1354 1327 1418 ad
1351 1375 1446 1439 quem

399 1457 536 1521 scribere
561 1456 709 1521 debeant.
761 1455 907 1519 Eandem
933 1456 975 1520 ob
1001 1478 1130 1520 oausam
1157 1456 1333 1542 Cyprianus
1359 1456 1446 1522 misit

399 1559 547 1623 Cornelio
573 1561 671 1645 Papae
696 1559 824 1624 nomina
850 1558 1078 1623 catholicorum
1103 1559 1322 1644 episcoporum
1344 1559 1446 1624 totius

401 1662 530 1736 Africae,
547 1668 583 1724 ut
597 1661 709 1726 scribit
723 1662 757 1725 in
772 1661 918 1744 Epistola
934 1661 1034 1724 citata
1048 1662 1091 1725 ad
1107 1661 1296 1726 Cornelium.
1330 1661 1446 1726 Patres

400 1785 523 1847 quoque
546 1763 742 1827 Sardiceneie
764 1762 898 1826 concilii
922 1762 1057 1826 eandem
1080 1762 1294 1828 adhibuerunt
1315 1762 1446 1844 diligen·

400 1863 489 1927 tiam.
544 1865 607 1929 Sed
632 1873 666 1930 et
691 1864 817 1950 quoties
847 1865 983 1929 mortuis
1013 1864 1178 1949 episcopis
1196 1863 1250 1928 alii
1276 1864 1310 1927 in
1336 1886 1445 1928 eorum

399 1965 502 2031 locum
525 1968 652 2032 lucrant
677 1967 829 2043 ordinati,
852 1989 962 2030 eorum
985 1967 1114 2030 nomina
1137 1966 1265 2052 reliquis
1291 1966 1446 2051 episcopis

399 2068 538 2133 indicare
560 2077 768 2133 consueverat
791 2069 958 2133 ordinator
969 2093 979 2145 ;
1005 2077 1043 2133 nt
1065 2069 1183 2132 scirent
1203 2069 1246 2133 ad
1268 2090 1348 2153 quoe
1370 2067 1445 2132 scri-

399 2169 485 2245 bere,
508 2178 543 2234 et
565 2192 586 2234 a
608 2172 722 2256 quibus
745 2170 894 2256 pacificas
916 2171 1026 2235 literas
1051 2171 1194 2255 accipere
1220 2172 1382 2248 deberent,
1408 2177 1445 2236 ut

399 2272 548 2336 discimus
580 2296 619 2338 ex
649 2273 816 2358 Theophili
847 2273 1002 2358 Epistolie
1030 2273 1245 2338 Paschnlibus.
1281 2272 1443 2338 Venasrus.

400 2373 566 2458 Expunxit
578 2379 622 2448 τὰ,
633 2375 717 2460 quod
732 2375 903 2439 addiderat
911 2375 1069 2450 Valesius,
1082 2383 1158 2440 ante
1170 2397 1278 2438 vocem
1289 2377 1444 2438 κοινωνικὰ

399 2476 573 2553 Strothius,
599 2477 648 2540 cui
678 2478 786 2540 invent
816 2477 1022 2561 Nicephorue,
1050 2486 1084 2542 et
1113 2478 1269 2542 referente
1299 2478 1445 2541 Burtono

397 2578 483 2642 codd.
509 2579 623 2663 Rspice
647 2578 784 2662 Norfolo.
810 2600 849 2642 ao
870 2579 1028 2659 Por-isici,
1050 2580 1126 2642 dum
1151 2578 1263 2663 reliqui
1288 2584 1445 2662 prestent

397 2680 532 2744 alteram
562 2680 747 2754 lectionem
779 2702 838 2765 ego
868 2680 952 2758 olim,
977 2689 1010 2744 et
1039 2702 1123 2746 nuno
1151 2681 1261 2767 nuperi
1294 2681 1444 2758 editores,

400 2782 568 2847 Strothum
585 2784 685 2847 secuti
701 2805 819 2847 sumus.

444 2885 481 2948 P.
496 2905 570 2971 313.
593 2885 614 2949 l.
630 2906 678 2949 11.
701 2890 741 2970 τῷ
757 2889 789 2948 δὲ
803 2887 933 2970 Ἀρτεμᾷ
949 2887 1033 2953 ciros
1048 2885 1263 2970 ἓπιστελλέτω]
1279 2887 1445 2962 Artemius,

398 3009 492 3072 quam
511 2989 645 3052 eundern
660 2988 756 3051 luisse
775 2995 872 3073 atque
893 2989 1077 3053 haereticum
1095 2991 1303 3054 Artemonem
1318 2986 1445 3050 abunde

398 3097 534 3163 constat,
551 3089 643 3153 valde
661 3112 756 3153 senex
771 3089 831 3153 hoe
850 3098 993 3174 temporo
1008 3090 1103 3155 luisse
1118 3089 1329 3166 videretur,si
1350 3088 1445 3152 modo

398 3201 512 3255 contra
526 3214 598 3256 eum
619 3192 789 3276 scripserit,
805 3200 841 3257 ut
856 3214 967 3256 omnes
987 3193 1053 3256 lere
1072 3200 1230 3267 statuunt,
1247 3199 1360 3256 auctor
1372 3187 1445 3252 libri

399 3293 477 3358 (laio
505 3294 599 3379 vulgo
629 3294 754 3370 tributi,
780 3294 833 3379 qni
859 3296 986 3357 Parcae
1014 3293 1223 3377 Labyrinthus
1251 3291 1444 3356 inscribitur.

402 3397 475 3459 Hoc
489 3418 564 3460 varo
579 3396 630 3459 vix
651 3396 860 3481 colligendum
881 3403 930 3459 est
950 3417 990 3457 ex
1011 3395 1196 3479 fragmentis
1217 3394 1302 3478 ipsis,
1319 3414 1390 3477 quae
1404 3413 1446 3455 ex

400 3497 454 3560 illc
471 3497 628 3581 excerpsit
647 3519 742 3581 opere
758 3497 914 3560 Eusebius
933 3496 987 3558 lib.
1003 3518 1031 3558 v.
1048 3496 1130 3559 Hbs.
1146 3519 1216 3581 cap.
1232 3495 1288 3560 ult.
1334 3493 1445 3577 Neque

401 3622 527 3664 necesse
550 3622 628 3676 esse,
652 3609 689 3663 nt
713 3601 760 3663 ite
784 3599 981 3682 intelligatur
1003 3598 1169 3674 Eusebius,
1192 3597 1272 3661 satie
1293 3595 1445 3682 probasse

401 3704 536 3778 videtur,
559 3712 596 3767 ut
617 3710 695 3767 ante
717 3704 833 3767 ibidem
856 3701 921 3764 dixi
944 3723 1016 3786 pag.
1036 3722 1106 3782 ¹44·
1126 3701 1185 3765 vol.
1203 3725 1234 3764 n.
1257 3700 1306 3762 vir
1327 3697 1444 3762 doctis·

401 3804 496 3867 simus
521 3805 591 3868 Pet.
611 3803 851 3888 Weseelingius‚
876 3801 1008 3866 Probat.
1031 3825 1100 3887 cap.
1127 3802 1253 3866 21.nbi
1278 3800 1445 3887 quaritur,

401 3907 558 3970 Artemon
585 3906 721 3970 fueritne
745 3906 912 3969 Theodoto
936 3905 1070 3968 coriario
1095 3905 1266 3989 antiquior,
1290 3901 1449 3967 recentior

399 4021 507 4072 nutem
535 4007 716 4072 ostenditur
741 4007 837 4070 luisse
863 4030 901 4070 ex
929 4007 990 4070 hoo
1015 4007 1157 4090 epistolae
1183 4006 1341 4090 synodicoe
1366 4003 1446 4076 loco,

399 4112 548 4196 quonium
577 4111 636 4175 nisi
666 4118 827 4194 superstes
857 4110 907 4172 ille
934 4110 1044 4174 luisset
1072 4110 1269 4195 temporibus
1294 4106 1375 4182 istis,
1400 4105 1449 4176 ita

399 4213 439 4275 de
463 4233 501 4275 oo
523 4211 576 4274 vix
599 4212 804 4296 loquerentur
826 4210 1021 4275 Antiocheni
1045 4218 1163 4295 patres.
1207 4209 1328 4272 Tamen
1352 4208 1448 4266 Arte·

399 4312 501 4376 monis
526 4313 661 4377 haereein
686 4336 706 4376 n
732 4313 834 4377 Paulo
858 4321 1043 4376 renovatam
1067 4311 1163 4374 luisse
1185 4305 1363 4392 teusporidru
1383 4304 1449 4368 ruis

399 4415 445 4478 ait
468 4415 584 4478 ibidem
601 4415 767 4490 Eusebius,
784 4415 868 4499 quod
889 4415 1007 4498 probat
1026 4411 1166 4476 nonnihil
1189 4418 1276 4474 certe
1296 4403 1449 4491 temporis

399 4515 613 4581 intercessisse
627 4517 712 4580 inter
729 4517 915 4580 Artemonis
932 4525 1039 4578 ortum
1052 4522 1086 4578 et
1102 4514 1347 4580 samosatenum
1365 4510 1448 4570 Pau·

399 4617 475 4696 lum,
484 4627 645 4702 utcunque
656 4618 810 4682 vetustior
821 4617 917 4681 luerit
929 4619 1109 4681 Artemone
1121 4611 1307 4698 helprintdi
1322 4617 1447 4674 auctor.

886 4742 903 4780 z
920 4740 937 4781 Ζ
954 4737 971 4783 2
