<?xml version="1.0" encoding="UTF-8"?>
<!DOCTYPE html PUBLIC "-//W3C//DTD XHTML 1.0 Transitional//EN"
    "http://www.w3.org/TR/xhtml1/DTD/xhtml1-transitional.dtd">
<html xmlns="http://www.w3.org/1999/xhtml" xml:lang="en" lang="en">
 <head>
  <title>
</title>
<meta http-equiv="Content-Type" content="text/html;charset=utf-8" />
  <meta name='ocr-system' content='tesseract 3.04.00' />
  <meta name='ocr-capabilities' content='ocr_page ocr_carea ocr_par ocr_line ocrx_word'/>
</head>
<body>
  <div class='ocr_page' id='page_1' title='image "./reliquiaesacrae08routgoog_0237.png"; bbox 0 0 3700 5667; ppageno 0'>
   <div class='ocr_carea' id='block_1_1' title="bbox 326 687 1371 967">
    <p class='ocr_par' dir='ltr' id='par_1_1' title="bbox 326 687 1371 967">
     <span class='ocr_line' id='line_1_1' title="bbox 380 687 1368 756; baseline 0.006 -6"><span class='ocrx_word' id='word_1_1' title='bbox 380 688 412 751; x_wconf 86' lang='lat' dir='ltr'><strong>S.</strong></span> <span class='ocrx_word' id='word_1_2' title='bbox 428 687 646 752; x_wconf 74' lang='lat' dir='ltr'>DIONYSII</span> <span class='ocrx_word' id='word_1_3' title='bbox 665 690 811 753; x_wconf 71' lang='lat' dir='ltr'><strong>ALEX.</strong></span> <span class='ocrx_word' id='word_1_4' title='bbox 829 692 981 756; x_wconf 81' lang='lat' dir='ltr'>EPIST.</span> <span class='ocrx_word' id='word_1_5' title='bbox 999 691 1251 756; x_wconf 71' lang='lat' dir='ltr'>CANONICA.</span> <span class='ocrx_word' id='word_1_6' title='bbox 1306 693 1368 756; x_wconf 73' lang='lat'><strong>281</strong></span> 
     </span>
     <span class='ocr_line' id='line_1_2' title="bbox 326 859 1371 967; baseline 0.006 -31"><span class='ocrx_word' id='word_1_7' title='bbox 326 863 488 960; x_wconf 78' lang='grc' dir='ltr'>Χριστοῦ</span> <span class='ocrx_word' id='word_1_8' title='bbox 513 859 795 967; x_wconf 74' lang='grc' dir='ltr'>προσάψασθαι.</span> <span class='ocrx_word' id='word_1_9' title='bbox 827 863 928 942; x_wconf 77' lang='grc' dir='ltr'><strong>ιούδέ</strong></span> <span class='ocrx_word' id='word_1_10' title='bbox 954 863 1025 965; x_wconf 75' lang='grc' dir='ltr'><strong>γὰρ</strong></span> <span class='ocrx_word' id='word_1_11' title='bbox 1048 864 1070 961; x_wconf 84' lang='grc' dir='ltr'><strong><em>ἡ</em></strong></span> <span class='ocrx_word' id='word_1_12' title='bbox 1091 861 1157 963; x_wconf 80' lang='grc' dir='ltr'><strong>τὴν</strong></span> <span class='ocrx_word' id='word_1_13' title='bbox 1175 866 1371 962; x_wconf 77' lang='grc' dir='ltr'>δωδεκαετῆ</span> 
     </span>
    </p>
   </div>
   <div class='ocr_carea' id='block_1_2' title="bbox 280 992 1371 2587">
    <p class='ocr_par' dir='ltr' id='par_1_2' title="bbox 280 992 1371 2587">
     <span class='ocr_line' id='line_1_3' title="bbox 324 992 1371 1100; baseline 0.005 -28"><span class='ocrx_word' id='word_1_14' title='bbox 324 992 430 1096; x_wconf 82' lang='grc' dir='ltr'>ῥύσιν</span> <span class='ocrx_word' id='word_1_15' title='bbox 443 995 578 1097; x_wconf 79' lang='grc' dir='ltr'>ἔχουσα</span> <span class='ocrx_word' id='word_1_16' title='bbox 595 994 686 1098; x_wconf 81' lang='grc' dir='ltr'>πρὸς</span> <span class='ocrx_word' id='word_1_17' title='bbox 704 994 769 1095; x_wconf 81' lang='grc' dir='ltr'><strong>τὴν</strong></span> <span class='ocrx_word' id='word_1_18' title='bbox 783 997 881 1077; x_wconf 80' lang='grc' dir='ltr'>ἴασιν</span> <span class='ocrx_word' id='word_1_19' title='bbox 895 997 1107 1078; x_wconf 82' lang='grc' dir='ltr'>σπεύδουσα</span> <span class='ocrx_word' id='word_1_20' title='bbox 1122 998 1238 1100; x_wconf 82' lang='grc' dir='ltr'>ἔθιγεν</span> <span class='ocrx_word' id='word_1_21' title='bbox 1252 999 1371 1095; x_wconf 79' lang='grc' dir='ltr'>αὑτοῦ,</span> 
     </span>
     <span class='ocr_line' id='line_1_4' title="bbox 326 1127 1371 1238; baseline 0.008 -32"><span class='ocrx_word' id='word_1_22' title='bbox 326 1127 424 1207; x_wconf 76' lang='grc' dir='ltr'>ἀλλὰ</span> <span class='ocrx_word' id='word_1_23' title='bbox 449 1128 560 1226; x_wconf 84' lang='grc' dir='ltr'>μόνου</span> <span class='ocrx_word' id='word_1_24' title='bbox 584 1140 648 1210; x_wconf 84' lang='grc' dir='ltr'><strong>τοῦ</strong></span> <span class='ocrx_word' id='word_1_25' title='bbox 674 1133 888 1234; x_wconf 75' lang='grc' dir='ltr'>κρασπέδου.</span> <span class='ocrx_word' id='word_1_26' title='bbox 917 1134 1187 1238; x_wconf 80' lang='grc' dir='ltr'>προσεύχεσθαι</span> <span class='ocrx_word' id='word_1_27' title='bbox 1210 1133 1275 1233; x_wconf 81' lang='grc' dir='ltr'><strong>μὲν</strong></span> <span class='ocrx_word' id='word_1_28' title='bbox 1299 1132 1371 1236; x_wconf 72' lang='grc' dir='ltr'><strong>γὰρ</strong></span> 
     </span>
     <span class='ocr_line' id='line_1_5' title="bbox 326 1259 1370 1368; baseline 0.007 -28"><span class='ocrx_word' id='word_1_29' title='bbox 326 1259 422 1345; x_wconf 79' lang='grc' dir='ltr'>ὅπως</span> <span class='ocrx_word' id='word_1_30' title='bbox 439 1260 485 1340; x_wconf 77' lang='grc' dir='ltr'><strong>ἂν</strong></span> <span class='ocrx_word' id='word_1_31' title='bbox 503 1265 567 1368; x_wconf 81' lang='grc' dir='ltr'>ε”χῃ</span> <span class='ocrx_word' id='word_1_32' title='bbox 587 1299 650 1361; x_wconf 91' lang='grc' dir='ltr'>τις,</span> <span class='ocrx_word' id='word_1_33' title='bbox 669 1270 727 1344; x_wconf 76' lang='grc' dir='ltr'>καὶ</span> <span class='ocrx_word' id='word_1_34' title='bbox 745 1270 794 1351; x_wconf 85' lang='grc' dir='ltr'><strong>ὡς</strong></span> <span class='ocrx_word' id='word_1_35' title='bbox 818 1264 864 1346; x_wconf 83' lang='grc' dir='ltr'><strong>ἂν</strong></span> <span class='ocrx_word' id='word_1_36' title='bbox 882 1267 1061 1359; x_wconf 79' lang='grc' dir='ltr'>διάκειται,</span> <span class='ocrx_word' id='word_1_37' title='bbox 1081 1273 1286 1368; x_wconf 74' lang='grc' dir='ltr'>μεμνῆσθαι</span> <span class='ocrx_word' id='word_1_38' title='bbox 1305 1276 1370 1347; x_wconf 83' lang='grc' dir='ltr'><strong>τοῦ</strong></span> 
     </span>
     <span class='ocr_line' id='line_1_6' title="bbox 299 1398 1369 1508; baseline 0.007 -34"><span class='ocrx_word' id='word_1_39' title='bbox 299 1398 527 1493; x_wconf 80' lang='grc' dir='ltr'>5Δεσπότου,</span> <span class='ocrx_word' id='word_1_40' title='bbox 546 1402 602 1477; x_wconf 78' lang='grc' dir='ltr'>καὶ</span> <span class='ocrx_word' id='word_1_41' title='bbox 622 1403 762 1480; x_wconf 88' lang='grc' dir='ltr'>δεῖσθαι</span> <span class='ocrx_word' id='word_1_42' title='bbox 778 1403 945 1500; x_wconf 74' lang='grc' dir='ltr'>βοηθείας</span> <span class='ocrx_word' id='word_1_43' title='bbox 970 1409 1099 1506; x_wconf 84' lang='grc' dir='ltr'>τυχεῖν,</span> <span class='ocrx_word' id='word_1_44' title='bbox 1118 1405 1369 1508; x_wconf 81' lang='grc' dir='ltr'>ἀνεπίφθονον·</span> 
     </span>
     <span class='ocr_line' id='line_1_7' title="bbox 325 1531 1371 1636; baseline 0.005 -26"><span class='ocrx_word' id='word_1_45' title='bbox 325 1538 372 1616; x_wconf 87' lang='grc' dir='ltr'><strong>είς</strong></span> <span class='ocrx_word' id='word_1_46' title='bbox 391 1532 427 1611; x_wconf 66' lang='grc' dir='ltr'><strong>δι’</strong></span> <span class='ocrx_word' id='word_1_47' title='bbox 445 1532 491 1611; x_wconf 80' lang='grc' dir='ltr'><strong>τὰ</strong></span> <span class='ocrx_word' id='word_1_48' title='bbox 509 1531 594 1634; x_wconf 83' lang='grc' dir='ltr'>ἅγια</span> <span class='ocrx_word' id='word_1_49' title='bbox 611 1535 733 1614; x_wconf 78' lang='grc' dir='ltr'>καὶτὰ</span> <span class='ocrx_word' id='word_1_50' title='bbox 751 1535 836 1636; x_wconf 79' lang='grc' dir='ltr'>ἅγια</span> <span class='ocrx_word' id='word_1_51' title='bbox 854 1545 918 1615; x_wconf 85' lang='grc' dir='ltr'><strong>τοῦ</strong></span> <span class='ocrx_word' id='word_1_52' title='bbox 937 1538 1058 1636; x_wconf 84' lang='grc' dir='ltr'>ἁγίων,</span> <span class='ocrx_word' id='word_1_53' title='bbox 1072 1539 1093 1615; x_wconf 86' lang='grc' dir='ltr'>ὁ</span> <span class='ocrx_word' id='word_1_54' title='bbox 1108 1535 1158 1635; x_wconf 82' lang='grc' dir='ltr'><strong>μὴ</strong></span> <span class='ocrx_word' id='word_1_55' title='bbox 1176 1536 1294 1635; x_wconf 82' lang='grc' dir='ltr'>πάνιη</span> <span class='ocrx_word' id='word_1_56' title='bbox 1308 1570 1371 1615; x_wconf 88' lang='grc' dir='ltr'>κα-</span> 
     </span>
     <span class='ocr_line' id='line_1_8' title="bbox 325 1666 1366 1774; baseline 0.007 -29"><span class='ocrx_word' id='word_1_57' title='bbox 325 1666 433 1770; x_wconf 79' lang='grc' dir='ltr'>θαρὸς</span> <span class='ocrx_word' id='word_1_58' title='bbox 451 1673 508 1747; x_wconf 77' lang='grc' dir='ltr'>καὶ</span> <span class='ocrx_word' id='word_1_59' title='bbox 527 1675 631 1774; x_wconf 74' lang='grc' dir='ltr'>ψυχῇ</span> <span class='ocrx_word' id='word_1_60' title='bbox 649 1675 707 1749; x_wconf 83' lang='grc' dir='ltr'>καὶ</span> <span class='ocrx_word' id='word_1_61' title='bbox 726 1673 878 1768; x_wconf 80' lang='grc' dir='ltr'>σώματι,</span> <span class='ocrx_word' id='word_1_62' title='bbox 896 1671 1085 1774; x_wconf 79' lang='grc' dir='ltr'>προσιέναι</span> <span class='ocrx_word' id='word_1_63' title='bbox 1103 1671 1366 1771; x_wconf 76' lang='grc' dir='ltr'>κωλυθήσεται.</span> 
     </span>
     <span class='ocr_line' id='line_1_9' title="bbox 381 1803 1366 1911; baseline 0.003 -29"><span class='ocrx_word' id='word_1_64' title='bbox 381 1804 531 1906; x_wconf 84' lang='grc' dir='ltr'>(Κανὼν</span> <span class='ocrx_word' id='word_1_65' title='bbox 549 1819 637 1897; x_wconf 84' lang='lat' dir='ltr'><strong>vulgo</strong></span> <span class='ocrx_word' id='word_1_66' title='bbox 655 1804 723 1911; x_wconf 81' lang='grc' dir='ltr'><strong>γ’.)</strong></span> <span class='ocrx_word' id='word_1_67' title='bbox 750 1805 944 1908; x_wconf 80' lang='grc' dir='ltr'>Αύτάρκεις</span> <span class='ocrx_word' id='word_1_68' title='bbox 963 1803 1001 1884; x_wconf 71' lang='grc' dir='ltr'><strong>δὲ</strong></span> <span class='ocrx_word' id='word_1_69' title='bbox 1020 1809 1079 1883; x_wconf 84' lang='grc' dir='ltr'>καὶ</span> <span class='ocrx_word' id='word_1_70' title='bbox 1102 1811 1134 1884; x_wconf 84' lang='lat' dir='ltr'><strong>oi</strong></span> <span class='ocrx_word' id='word_1_71' title='bbox 1162 1805 1366 1906; x_wconf 83' lang='grc' dir='ltr'>γεγαμηκό-</span> 
     </span>
     <span class='ocr_line' id='line_1_10' title="bbox 323 1938 1365 2045; baseline 0.005 -31"><span class='ocrx_word' id='word_1_72' title='bbox 323 1966 392 2021; x_wconf 90' lang='grc' dir='ltr'>τες·</span> <span class='ocrx_word' id='word_1_73' title='bbox 425 1939 559 2018; x_wconf 79' lang='grc' dir='ltr'>ἑαυτῶν</span> <span class='ocrx_word' id='word_1_74' title='bbox 578 1941 790 2045; x_wconf 77' lang='grc' dir='ltr'>ὀφείλουσιν</span> <span class='ocrx_word' id='word_1_75' title='bbox 807 1938 895 2019; x_wconf 80' lang='grc' dir='ltr'>εἶναι</span> <span class='ocrx_word' id='word_1_76' title='bbox 914 1942 1038 2043; x_wconf 90' lang='grc' dir='ltr'>κριταί.</span> <span class='ocrx_word' id='word_1_77' title='bbox 1074 1939 1165 2020; x_wconf 74' lang='grc' dir='ltr'><strong>ιῃότι</strong></span> <span class='ocrx_word' id='word_1_78' title='bbox 1189 1939 1261 2041; x_wconf 76' lang='grc' dir='ltr'><strong>γὰρ</strong></span> <span class='ocrx_word' id='word_1_79' title='bbox 1279 1940 1365 2019; x_wconf 71' lang='grc' dir='ltr'><strong>ἀπέ-</strong></span> 
     </span>
     <span class='ocr_line' id='line_1_11' title="bbox 280 2072 1369 2180; baseline 0.002 -29"><span class='ocrx_word' id='word_1_80' title='bbox 280 2104 314 2142; x_wconf 82' lang='grc' dir='ltr'>ιο</span> <span class='ocrx_word' id='word_1_81' title='bbox 324 2079 452 2176; x_wconf 86' lang='grc' dir='ltr'>χεσθαι</span> <span class='ocrx_word' id='word_1_82' title='bbox 468 2079 653 2176; x_wconf 73' lang='grc' dir='ltr'>προσῆκον</span> <span class='ocrx_word' id='word_1_83' title='bbox 666 2074 842 2174; x_wconf 82' lang='grc' dir='ltr'>ἀλλήλων</span> <span class='ocrx_word' id='word_1_84' title='bbox 855 2078 894 2154; x_wconf 92' lang='grc' dir='ltr'><strong>ε’κ</strong></span> <span class='ocrx_word' id='word_1_85' title='bbox 908 2073 1110 2180; x_wconf 82' lang='grc' dir='ltr'>συμφύνου</span> <span class='ocrx_word' id='word_1_86' title='bbox 1127 2073 1218 2176; x_wconf 82' lang='grc' dir='ltr'>πρὸς</span> <span class='ocrx_word' id='word_1_87' title='bbox 1236 2072 1369 2176; x_wconf 79' lang='grc' dir='ltr'>καιρόν,</span> 
     </span>
     <span class='ocr_line' id='line_1_12' title="bbox 323 2205 1369 2314; baseline 0.002 -29"><span class='ocrx_word' id='word_1_88' title='bbox 323 2208 381 2285; x_wconf 77' lang='grc' dir='ltr'>ἵνα</span> <span class='ocrx_word' id='word_1_89' title='bbox 398 2208 618 2311; x_wconf 81' lang='grc' dir='ltr'>σχολύσωσι</span> <span class='ocrx_word' id='word_1_90' title='bbox 642 2219 688 2313; x_wconf 82' lang='grc' dir='ltr'><strong>τῇ</strong></span> <span class='ocrx_word' id='word_1_91' title='bbox 709 2215 907 2314; x_wconf 78' lang='grc' dir='ltr'>προσευχῇ,</span> <span class='ocrx_word' id='word_1_92' title='bbox 925 2212 984 2288; x_wconf 83' lang='grc' dir='ltr'>καὶ</span> <span class='ocrx_word' id='word_1_93' title='bbox 1008 2207 1121 2289; x_wconf 76' lang='grc' dir='ltr'>πόλιν</span> <span class='ocrx_word' id='word_1_94' title='bbox 1142 2211 1199 2289; x_wconf 79' lang='grc' dir='ltr'><strong>ἐπὶ</strong></span> <span class='ocrx_word' id='word_1_95' title='bbox 1224 2206 1266 2287; x_wconf 83' lang='grc' dir='ltr'><strong>τδ</strong></span> <span class='ocrx_word' id='word_1_96' title='bbox 1282 2205 1369 2288; x_wconf 81' lang='grc' dir='ltr'>αύτδ</span> 
     </span>
     <span class='ocr_line' id='line_1_13' title="bbox 324 2339 1022 2450; baseline 0.006 -29"><span class='ocrx_word' id='word_1_97' title='bbox 324 2339 424 2439; x_wconf 80' lang='grc' dir='ltr'>ὦσιν,</span> <span class='ocrx_word' id='word_1_98' title='bbox 442 2342 618 2443; x_wconf 78' lang='grc' dir='ltr'>ἀκηκόασι</span> <span class='ocrx_word' id='word_1_99' title='bbox 638 2344 790 2424; x_wconf 90' lang='grc' dir='ltr'>Παύλου</span> <span class='ocrx_word' id='word_1_100' title='bbox 807 2344 1022 2450; x_wconf 80' lang='grc' dir='ltr'>γράφοντος.</span> 
     </span>
     <span class='ocr_line' id='line_1_14' title="bbox 380 2477 1370 2587; baseline -0.001 -28"><span class='ocrx_word' id='word_1_101' title='bbox 380 2479 530 2577; x_wconf 82' lang='grc' dir='ltr'>(Κανὼν</span> <span class='ocrx_word' id='word_1_102' title='bbox 548 2495 637 2573; x_wconf 83' lang='lat' dir='ltr'><strong>vulgo</strong></span> <span class='ocrx_word' id='word_1_103' title='bbox 656 2480 724 2587; x_wconf 84' lang='grc' dir='ltr'>δ’.)</span> <span class='ocrx_word' id='word_1_104' title='bbox 752 2485 801 2559; x_wconf 90' lang='lat' dir='ltr'><strong>Oi</strong></span> <span class='ocrx_word' id='word_1_105' title='bbox 820 2477 858 2557; x_wconf 76' lang='grc' dir='ltr'><strong>δὲ</strong></span> <span class='ocrx_word' id='word_1_106' title='bbox 880 2481 918 2558; x_wconf 84' lang='grc' dir='ltr'><strong>ἐν</strong></span> <span class='ocrx_word' id='word_1_107' title='bbox 937 2478 1161 2585; x_wconf 78' lang='grc' dir='ltr'>ἅπροαιρέτφ</span> <span class='ocrx_word' id='word_1_108' title='bbox 1185 2485 1370 2583; x_wconf 82' lang='grc' dir='ltr'>νυκτερινῇ</span> 
     </span>
    </p>
   </div>
   <div class='ocr_carea' id='block_1_3' title="bbox 322 2611 1365 2723">
    <p class='ocr_par' dir='ltr' id='par_1_3' title="bbox 322 2611 1365 2723">
     <span class='ocr_line' id='line_1_15' title="bbox 322 2611 1365 2723; baseline -0.001 -30"><span class='ocrx_word' id='word_1_109' title='bbox 322 2614 422 2716; x_wconf 87' lang='grc' dir='ltr'>ῥύσει</span> <span class='ocrx_word' id='word_1_110' title='bbox 444 2615 635 2717; x_wconf 87' lang='grc' dir='ltr'>γενόμενοι,</span> <span class='ocrx_word' id='word_1_111' title='bbox 654 2618 712 2694; x_wconf 78' lang='grc' dir='ltr'>καὶ</span> <span class='ocrx_word' id='word_1_112' title='bbox 731 2615 828 2694; x_wconf 82' lang='grc' dir='ltr'>οὗτοι</span> <span class='ocrx_word' id='word_1_113' title='bbox 849 2620 901 2723; x_wconf 74' lang='grc' dir='ltr'><strong>τῷ</strong></span> <span class='ocrx_word' id='word_1_114' title='bbox 921 2615 998 2722; x_wconf 80' lang='grc' dir='ltr'>ίδίερ</span> <span class='ocrx_word' id='word_1_115' title='bbox 1016 2611 1194 2693; x_wconf 87' lang='grc' dir='ltr'>συνειδότι</span> <span class='ocrx_word' id='word_1_116' title='bbox 1212 2647 1365 2692; x_wconf 88' lang='grc' dir='ltr'>κατακο-</span> 
     </span>
    </p>
   </div>
   <div class='ocr_carea' id='block_1_4' title="bbox 280 2745 1370 3125">
    <p class='ocr_par' dir='ltr' id='par_1_4' title="bbox 280 2745 1370 3125">
     <span class='ocr_line' id='line_1_16' title="bbox 280 2745 1365 2851; baseline 0.006 -30"><span class='ocrx_word' id='word_1_117' title='bbox 280 2778 313 2841; x_wconf 82' lang='lat'><strong>¹5</strong></span> <span class='ocrx_word' id='word_1_118' title='bbox 324 2750 577 2847; x_wconf 88' lang='grc' dir='ltr'>λουθείτωσαν,</span> <span class='ocrx_word' id='word_1_119' title='bbox 595 2752 653 2829; x_wconf 80' lang='grc' dir='ltr'>καὶ</span> <span class='ocrx_word' id='word_1_120' title='bbox 671 2745 816 2831; x_wconf 80' lang='grc' dir='ltr'>ἑαυτούς</span> <span class='ocrx_word' id='word_1_121' title='bbox 835 2747 902 2827; x_wconf 83' lang='grc' dir='ltr'>εἴτε</span> <span class='ocrx_word' id='word_1_122' title='bbox 921 2750 1157 2851; x_wconf 87' lang='grc' dir='ltr'>διακρίνονται</span> <span class='ocrx_word' id='word_1_123' title='bbox 1179 2752 1260 2851; x_wconf 83' lang='grc' dir='ltr'>περὶ</span> <span class='ocrx_word' id='word_1_124' title='bbox 1282 2746 1365 2827; x_wconf 92' lang='grc' dir='ltr'>τού·</span> 
     </span>
     <span class='ocr_line' id='line_1_17' title="bbox 322 2881 1369 2988; baseline 0.001 -27"><span class='ocrx_word' id='word_1_125' title='bbox 322 2917 395 2981; x_wconf 87' lang='grc' dir='ltr'>του,</span> <span class='ocrx_word' id='word_1_126' title='bbox 413 2884 480 2964; x_wconf 82' lang='grc' dir='ltr'>εἴτε</span> <span class='ocrx_word' id='word_1_127' title='bbox 498 2883 558 2983; x_wconf 73' lang='grc' dir='ltr'><strong>μὴ,</strong></span> <span class='ocrx_word' id='word_1_128' title='bbox 577 2886 838 2965; x_wconf 83' lang='grc' dir='ltr'>σκοπείτωσαν.</span> <span class='ocrx_word' id='word_1_129' title='bbox 868 2887 917 2967; x_wconf 84' lang='grc' dir='ltr'><strong>ὡς</strong></span> <span class='ocrx_word' id='word_1_130' title='bbox 935 2885 992 2964; x_wconf 83' lang='grc' dir='ltr'>ε’πὶ</span> <span class='ocrx_word' id='word_1_131' title='bbox 1010 2890 1082 2963; x_wconf 84' lang='grc' dir='ltr'><strong>τῶν</strong></span> <span class='ocrx_word' id='word_1_132' title='bbox 1099 2881 1329 2988; x_wconf 76' lang='grc' dir='ltr'>βρωμάτων“</span> <span class='ocrx_word' id='word_1_133' title='bbox 1349 2885 1369 2962; x_wconf 85' lang='grc' dir='ltr'><em>ὃ</em></span> 
     </span>
     <span class='ocr_line' id='line_1_18' title="bbox 321 3016 1370 3125; baseline -0.001 -29"><span class='ocrx_word' id='word_1_134' title='bbox 321 3016 590 3122; x_wconf 82' lang='grc' dir='ltr'>διακρινόμενος,</span> <span class='ocrx_word' id='word_1_135' title='bbox 609 3022 735 3125; x_wconf 78' lang='grc' dir='ltr'>φησὶν,</span> <span class='ocrx_word' id='word_1_136' title='bbox 754 3016 816 3097; x_wconf 74' lang='grc' dir='ltr'><strong>ἐὰν</strong></span> <span class='ocrx_word' id='word_1_137' title='bbox 836 3016 950 3124; x_wconf 77' lang='grc' dir='ltr'>φύγῃ,</span> <span class='ocrx_word' id='word_1_138' title='bbox 968 3016 1225 3120; x_wconf 77' lang='grc' dir='ltr'>κατακέκριται.</span> <span class='ocrx_word' id='word_1_139' title='bbox 1256 3018 1370 3096; x_wconf 84' lang='grc' dir='ltr'>καὶέν</span> 
     </span>
    </p>
   </div>
   <div class='ocr_carea' id='block_1_5' title="bbox 272 3315 1369 4436">
    <p class='ocr_par' dir='ltr' id='par_1_5' title="bbox 321 3315 1369 3477">
     <span class='ocr_line' id='line_1_19' title="bbox 321 3315 1368 3398; baseline -0.001 -23"><span class='ocrx_word' id='word_1_140' title='bbox 321 3318 398 3387; x_wconf 91' lang='lat' dir='ltr'><strong>dere,</strong></span> <span class='ocrx_word' id='word_1_141' title='bbox 413 3318 460 3376; x_wconf 87' lang='lat' dir='ltr'><strong>vel</strong></span> <span class='ocrx_word' id='word_1_142' title='bbox 475 3339 579 3398; x_wconf 86' lang='lat' dir='ltr'><strong>corpus</strong></span> <span class='ocrx_word' id='word_1_143' title='bbox 597 3331 628 3378; x_wconf 90' lang='lat' dir='ltr'><strong>et</strong></span> <span class='ocrx_word' id='word_1_144' title='bbox 647 3320 818 3398; x_wconf 77' lang='lat' dir='ltr'><strong>sanguinem</strong></span> <span class='ocrx_word' id='word_1_145' title='bbox 914 3319 1007 3377; x_wconf 87' lang='lat' dir='ltr'><strong>Porro</strong></span> <span class='ocrx_word' id='word_1_146' title='bbox 1035 3329 1065 3376; x_wconf 90' lang='lat' dir='ltr'><strong>et</strong></span> <span class='ocrx_word' id='word_1_147' title='bbox 1093 3318 1232 3395; x_wconf 81' lang='lat' dir='ltr'><strong>conjuges</strong></span> <span class='ocrx_word' id='word_1_148' title='bbox 1260 3315 1368 3374; x_wconf 90' lang='lat' dir='ltr'><strong>debent</strong></span> 
     </span>
     <span class='ocr_line' id='line_1_20' title="bbox 323 3394 1369 3477; baseline -0.002 -22"><span class='ocrx_word' id='word_1_149' title='bbox 323 3398 598 3477; x_wconf 80' lang='lat' dir='ltr'><strong>Dominiettingere.</strong></span> <span class='ocrx_word' id='word_1_150' title='bbox 615 3401 721 3477; x_wconf 89' lang='lat' dir='ltr'><strong>Neque</strong></span> <span class='ocrx_word' id='word_1_151' title='bbox 730 3401 818 3465; x_wconf 87' lang='lat' dir='ltr'><strong>enim,</strong></span> <span class='ocrx_word' id='word_1_152' title='bbox 869 3419 932 3458; x_wconf 87' lang='lat' dir='ltr'><strong>esse</strong></span> <span class='ocrx_word' id='word_1_153' title='bbox 946 3399 991 3457; x_wconf 91' lang='lat' dir='ltr'><strong>sui</strong></span> <span class='ocrx_word' id='word_1_154' title='bbox 1005 3397 1103 3456; x_wconf 86' lang='lat' dir='ltr'><strong>idonei</strong></span> <span class='ocrx_word' id='word_1_155' title='bbox 1113 3396 1237 3474; x_wconf 88' lang='lat' dir='ltr'><strong>judices.</strong></span> <span class='ocrx_word' id='word_1_156' title='bbox 1279 3394 1369 3466; x_wconf 91' lang='lat' dir='ltr'><strong>Quod</strong></span> 
     </span>
    </p>

    <p class='ocr_par' dir='ltr' id='par_1_6' title="bbox 276 3478 1368 3877">
     <span class='ocr_line' id='line_1_21' title="bbox 276 3478 1368 3558; baseline -0.005 -22"><span class='ocrx_word' id='word_1_157' title='bbox 276 3497 385 3553; x_wconf 73' lang='lat' dir='ltr'><strong>noque</strong></span> <span class='ocrx_word' id='word_1_158' title='bbox 404 3498 619 3537; x_wconf 73' lang='lat' dir='ltr'><strong>mancorum</strong></span> <span class='ocrx_word' id='word_1_159' title='bbox 641 3480 749 3538; x_wconf 90' lang='lat' dir='ltr'><strong>fluxum</strong></span> <span class='ocrx_word' id='word_1_160' title='bbox 767 3501 817 3558; x_wconf 83' lang='lat' dir='ltr'><strong>pa·</strong></span> <span class='ocrx_word' id='word_1_161' title='bbox 868 3479 944 3538; x_wconf 87' lang='lat' dir='ltr'><strong>enirn</strong></span> <span class='ocrx_word' id='word_1_162' title='bbox 960 3499 977 3536; x_wconf 86' lang='grc' dir='ltr'>ο</span> <span class='ocrx_word' id='word_1_163' title='bbox 991 3498 1021 3536; x_wconf 88' lang='lat' dir='ltr'><strong>se</strong></span> <span class='ocrx_word' id='word_1_164' title='bbox 1035 3478 1158 3535; x_wconf 85' lang='lat' dir='ltr'><strong>invicem</strong></span> <span class='ocrx_word' id='word_1_165' title='bbox 1174 3495 1211 3533; x_wconf 87' lang='lat' dir='ltr'><strong>ex</strong></span> <span class='ocrx_word' id='word_1_166' title='bbox 1225 3494 1368 3534; x_wconf 85' lang='lat' dir='ltr'><strong>consensu</strong></span> 
     </span>
     <span class='ocr_line' id='line_1_22' title="bbox 320 3553 1368 3638; baseline -0.004 -24"><span class='ocrx_word' id='word_1_167' title='bbox 320 3558 557 3638; x_wconf 84' lang='lat' dir='ltr'><strong>tiebotnr,ipsum</strong></span> <span class='ocrx_word' id='word_1_168' title='bbox 568 3560 727 3618; x_wconf 91' lang='lat' dir='ltr'><strong>Dominum</strong></span> <span class='ocrx_word' id='word_1_169' title='bbox 737 3560 818 3618; x_wconf 88' lang='lat' dir='ltr'><strong>festi·</strong></span> <span class='ocrx_word' id='word_1_170' title='bbox 868 3559 904 3617; x_wconf 86' lang='lat' dir='ltr'><strong>ad</strong></span> <span class='ocrx_word' id='word_1_171' title='bbox 915 3569 1032 3636; x_wconf 89' lang='lat' dir='ltr'><strong>tempus</strong></span> <span class='ocrx_word' id='word_1_172' title='bbox 1046 3557 1190 3615; x_wconf 82' lang='lat' dir='ltr'><strong>abstinere</strong></span> <span class='ocrx_word' id='word_1_173' title='bbox 1204 3553 1368 3623; x_wconf 80' lang='lat' dir='ltr'><strong>conveniat,</strong></span> 
     </span>
     <span class='ocr_line' id='line_1_23' title="bbox 321 3635 1368 3717; baseline -0.003 -23"><span class='ocrx_word' id='word_1_174' title='bbox 321 3658 393 3696; x_wconf 82' lang='lat' dir='ltr'><strong>nans</strong></span> <span class='ocrx_word' id='word_1_175' title='bbox 407 3640 442 3697; x_wconf 82' lang='lat' dir='ltr'><strong>nd</strong></span> <span class='ocrx_word' id='word_1_176' title='bbox 458 3637 627 3697; x_wconf 80' lang='lat' dir='ltr'><strong>medicinam</strong></span> <span class='ocrx_word' id='word_1_177' title='bbox 643 3640 751 3717; x_wconf 78' lang='lat' dir='ltr'><strong>tetigit,</strong></span> <span class='ocrx_word' id='word_1_178' title='bbox 767 3640 817 3698; x_wconf 85' lang='lat' dir='ltr'><strong>sed</strong></span> <span class='ocrx_word' id='word_1_179' title='bbox 868 3650 902 3697; x_wconf 88' lang='lat' dir='ltr'><strong>ut</strong></span> <span class='ocrx_word' id='word_1_180' title='bbox 926 3649 1030 3697; x_wconf 81' lang='lat' dir='ltr'><strong>vocent</strong></span> <span class='ocrx_word' id='word_1_181' title='bbox 1054 3635 1188 3703; x_wconf 73' lang='lat' dir='ltr'><strong>orationi,</strong></span> <span class='ocrx_word' id='word_1_182' title='bbox 1213 3645 1243 3693; x_wconf 90' lang='lat' dir='ltr'><strong>et</strong></span> <span class='ocrx_word' id='word_1_183' title='bbox 1265 3654 1368 3692; x_wconf 87' lang='lat' dir='ltr'><strong>rursus</strong></span> 
     </span>
     <span class='ocr_line' id='line_1_24' title="bbox 321 3714 1368 3795; baseline -0.003 -20"><span class='ocrx_word' id='word_1_184' title='bbox 321 3718 409 3777; x_wconf 86' lang='lat' dir='ltr'><strong>solnm</strong></span> <span class='ocrx_word' id='word_1_185' title='bbox 425 3719 487 3795; x_wconf 86' lang='lat' dir='ltr'><strong>ejus</strong></span> <span class='ocrx_word' id='word_1_186' title='bbox 502 3719 654 3779; x_wconf 80' lang='lat' dir='ltr'><strong>fimbriam.</strong></span> <span class='ocrx_word' id='word_1_187' title='bbox 680 3722 772 3778; x_wconf 79' lang='lat' dir='ltr'><strong>Orare</strong></span> <span class='ocrx_word' id='word_1_188' title='bbox 788 3741 816 3779; x_wconf 92' lang='lat' dir='ltr'><strong>e·</strong></span> <span class='ocrx_word' id='word_1_189' title='bbox 868 3719 1052 3784; x_wconf 82' lang='lat' dir='ltr'><strong>conveniant,</strong></span> <span class='ocrx_word' id='word_1_190' title='bbox 1076 3716 1200 3775; x_wconf 82' lang='lat' dir='ltr'><strong>Paulum</strong></span> <span class='ocrx_word' id='word_1_191' title='bbox 1223 3714 1368 3773; x_wconf 77' lang='lat' dir='ltr'>dicentem</span> 
     </span>
     <span class='ocr_line' id='line_1_25' title="bbox 322 3798 1051 3877; baseline 0.001 -23"><span class='ocrx_word' id='word_1_192' title='bbox 322 3798 389 3863; x_wconf 89' lang='lat' dir='ltr'><strong>nim,</strong></span> <span class='ocrx_word' id='word_1_193' title='bbox 402 3798 672 3877; x_wconf 85' lang='lat' dir='ltr'><strong>quomodocumque</strong></span> <span class='ocrx_word' id='word_1_194' title='bbox 686 3820 717 3857; x_wconf 89' lang='lat' dir='ltr'><strong>se</strong></span> <span class='ocrx_word' id='word_1_195' title='bbox 731 3800 818 3858; x_wconf 86' lang='lat' dir='ltr'><strong>hobe-</strong></span> <span class='ocrx_word' id='word_1_196' title='bbox 867 3799 1051 3858; x_wconf 79' lang='lat' dir='ltr'><strong>audiverunt.</strong></span> 
     </span>
    </p>

    <p class='ocr_par' dir='ltr' id='par_1_7' title="bbox 275 3875 1368 4275">
     <span class='ocr_line' id='line_1_26' title="bbox 275 3875 1366 3956; baseline -0.001 -23"><span class='ocrx_word' id='word_1_197' title='bbox 275 3889 350 3952; x_wconf 71' lang='lat' dir='ltr'><strong>esst</strong></span> <span class='ocrx_word' id='word_1_198' title='bbox 367 3878 480 3955; x_wconf 85' lang='lat' dir='ltr'><strong>aliquis,</strong></span> <span class='ocrx_word' id='word_1_199' title='bbox 495 3888 525 3936; x_wconf 91' lang='lat' dir='ltr'><strong>et</strong></span> <span class='ocrx_word' id='word_1_200' title='bbox 544 3891 702 3956; x_wconf 91' lang='lat' dir='ltr'><strong>utcumque</strong></span> <span class='ocrx_word' id='word_1_201' title='bbox 721 3879 759 3937; x_wconf 91' lang='lat' dir='ltr'><strong>sit</strong></span> <span class='ocrx_word' id='word_1_202' title='bbox 773 3880 814 3936; x_wconf 85' lang='lat' dir='ltr'><strong>uf·</strong></span> <span class='ocrx_word' id='word_1_203' title='bbox 909 3879 970 3950; x_wconf 84' lang='lat' dir='ltr'><strong>Qui</strong></span> <span class='ocrx_word' id='word_1_204' title='bbox 993 3889 1089 3937; x_wconf 84' lang='lat' dir='ltr'><strong>eutem</strong></span> <span class='ocrx_word' id='word_1_205' title='bbox 1110 3877 1140 3935; x_wconf 89' lang='lat' dir='ltr'><strong>in</strong></span> <span class='ocrx_word' id='word_1_206' title='bbox 1159 3896 1218 3934; x_wconf 91' lang='lat' dir='ltr'><strong>non</strong></span> <span class='ocrx_word' id='word_1_207' title='bbox 1233 3875 1366 3932; x_wconf 74' lang='lat' dir='ltr'><strong>volunta·</strong></span> 
     </span>
     <span class='ocr_line' id='line_1_27' title="bbox 320 3954 1367 4025; baseline -0.005 -10"><span class='ocrx_word' id='word_1_208' title='bbox 320 3957 425 4025; x_wconf 84' lang='lat' dir='ltr'><strong>fectus,</strong></span> <span class='ocrx_word' id='word_1_209' title='bbox 448 3959 567 4015; x_wconf 89' lang='lat' dir='ltr'><strong>Domini</strong></span> <span class='ocrx_word' id='word_1_210' title='bbox 591 3959 765 4024; x_wconf 78' lang='lat' dir='ltr'><strong>meminisse,</strong></span> <span class='ocrx_word' id='word_1_211' title='bbox 788 3971 818 4018; x_wconf 90' lang='lat' dir='ltr'><strong>et</strong></span> <span class='ocrx_word' id='word_1_212' title='bbox 868 3960 912 4017; x_wconf 90' lang='lat' dir='ltr'><strong>rio</strong></span> <span class='ocrx_word' id='word_1_213' title='bbox 936 3970 1080 4018; x_wconf 88' lang='lat' dir='ltr'><strong>nocturno</strong></span> <span class='ocrx_word' id='word_1_214' title='bbox 1102 3958 1181 4016; x_wconf 85' lang='lat' dir='ltr'><strong>fluxu</strong></span> <span class='ocrx_word' id='word_1_215' title='bbox 1204 3955 1323 4019; x_wconf 83' lang='lat' dir='ltr'><strong>fuerint,</strong></span> <span class='ocrx_word' id='word_1_216' title='bbox 1346 3954 1367 4010; x_wconf 93' lang='lat' dir='ltr'><strong>ii</strong></span> 
     </span>
     <span class='ocr_line' id='line_1_28' title="bbox 320 4032 1367 4118; baseline -0.005 -24"><span class='ocrx_word' id='word_1_217' title='bbox 320 4038 457 4095; x_wconf 84' lang='lat' dir='ltr'><strong>auxilium</strong></span> <span class='ocrx_word' id='word_1_218' title='bbox 473 4038 636 4115; x_wconf 78' lang='lat' dir='ltr'><strong>implorare,</strong></span> <span class='ocrx_word' id='word_1_219' title='bbox 648 4060 706 4096; x_wconf 94' lang='lat' dir='ltr'><strong>non</strong></span> <span class='ocrx_word' id='word_1_220' title='bbox 718 4049 762 4096; x_wconf 82' lang='lat' dir='ltr'><strong>cst</strong></span> <span class='ocrx_word' id='word_1_221' title='bbox 773 4059 817 4097; x_wconf 91' lang='lat' dir='ltr'><strong>re·</strong></span> <span class='ocrx_word' id='word_1_222' title='bbox 868 4059 984 4117; x_wconf 88' lang='lat' dir='ltr'><strong>qnoque</strong></span> <span class='ocrx_word' id='word_1_223' title='bbox 999 4038 1143 4118; x_wconf 77' lang='lat' dir='ltr'><strong>propriam</strong></span> <span class='ocrx_word' id='word_1_224' title='bbox 1162 4032 1367 4094; x_wconf 82' lang='lat' dir='ltr'><strong>conscientiam</strong></span> 
     </span>
     <span class='ocr_line' id='line_1_29' title="bbox 321 4111 1368 4196; baseline -0.004 -22"><span class='ocrx_word' id='word_1_225' title='bbox 321 4117 569 4195; x_wconf 86' lang='lat' dir='ltr'><strong>prehendendum.</strong></span> <span class='ocrx_word' id='word_1_226' title='bbox 596 4117 646 4176; x_wconf 85' lang='lat' dir='ltr'><strong>Ad</strong></span> <span class='ocrx_word' id='word_1_227' title='bbox 657 4129 755 4176; x_wconf 78' lang='lat' dir='ltr'><strong>sancta</strong></span> <span class='ocrx_word' id='word_1_228' title='bbox 766 4139 816 4177; x_wconf 85' lang='lat' dir='ltr'><strong>eu·</strong></span> <span class='ocrx_word' id='word_1_229' title='bbox 868 4131 1036 4196; x_wconf 82' lang='lat' dir='ltr'><strong>sequentur,</strong></span> <span class='ocrx_word' id='word_1_230' title='bbox 1052 4129 1082 4176; x_wconf 91' lang='lat' dir='ltr'><strong>et</strong></span> <span class='ocrx_word' id='word_1_231' title='bbox 1100 4118 1209 4194; x_wconf 82' lang='lat' dir='ltr'><strong>scipsos</strong></span> <span class='ocrx_word' id='word_1_232' title='bbox 1230 4134 1265 4171; x_wconf 81' lang='lat' dir='ltr'><strong>en</strong></span> <span class='ocrx_word' id='word_1_233' title='bbox 1281 4111 1317 4170; x_wconf 92' lang='lat' dir='ltr'><strong>de</strong></span> <span class='ocrx_word' id='word_1_234' title='bbox 1331 4132 1368 4171; x_wconf 89' lang='lat' dir='ltr'><strong>eo</strong></span> 
     </span>
     <span class='ocr_line' id='line_1_30' title="bbox 321 4192 1368 4275; baseline -0.007 -21"><span class='ocrx_word' id='word_1_235' title='bbox 321 4208 390 4263; x_wconf 88' lang='lat' dir='ltr'><strong>tem,</strong></span> <span class='ocrx_word' id='word_1_236' title='bbox 407 4210 437 4256; x_wconf 90' lang='lat' dir='ltr'><strong>ct</strong></span> <span class='ocrx_word' id='word_1_237' title='bbox 458 4209 557 4256; x_wconf 80' lang='lat' dir='ltr'><strong>sancte</strong></span> <span class='ocrx_word' id='word_1_238' title='bbox 575 4209 750 4265; x_wconf 77' lang='lat' dir='ltr'><strong>sanctorum,</strong></span> <span class='ocrx_word' id='word_1_239' title='bbox 766 4199 817 4275; x_wconf 90' lang='lat' dir='ltr'><strong>qni</strong></span> <span class='ocrx_word' id='word_1_240' title='bbox 868 4197 1034 4257; x_wconf 78' lang='lat' dir='ltr'><strong>discernant</strong></span> <span class='ocrx_word' id='word_1_241' title='bbox 1044 4218 1081 4254; x_wconf 83' lang='lat' dir='ltr'><strong>en</strong></span> <span class='ocrx_word' id='word_1_242' title='bbox 1093 4216 1163 4264; x_wconf 91' lang='lat' dir='ltr'><strong>non,</strong></span> <span class='ocrx_word' id='word_1_243' title='bbox 1174 4192 1368 4252; x_wconf 72' lang='lat' dir='ltr'><strong>considerent.</strong></span> 
     </span>
    </p>

    <p class='ocr_par' dir='ltr' id='par_1_8' title="bbox 272 4269 1366 4436">
     <span class='ocr_line' id='line_1_31' title="bbox 272 4269 1366 4356; baseline -0.008 -20"><span class='ocrx_word' id='word_1_244' title='bbox 272 4296 311 4352; x_wconf 85' lang='lat'><strong>30</strong></span> <span class='ocrx_word' id='word_1_245' title='bbox 320 4297 378 4334; x_wconf 92' lang='lat' dir='ltr'><strong>non</strong></span> <span class='ocrx_word' id='word_1_246' title='bbox 407 4279 502 4335; x_wconf 82' lang='lat' dir='ltr'><strong>anima</strong></span> <span class='ocrx_word' id='word_1_247' title='bbox 527 4288 557 4335; x_wconf 87' lang='lat' dir='ltr'><strong>et</strong></span> <span class='ocrx_word' id='word_1_248' title='bbox 582 4298 702 4356; x_wconf 84' lang='lat' dir='ltr'><strong>corpore</strong></span> <span class='ocrx_word' id='word_1_249' title='bbox 727 4297 818 4356; x_wconf 84' lang='lat' dir='ltr'><strong>purus</strong></span> <span class='ocrx_word' id='word_1_250' title='bbox 868 4275 1124 4349; x_wconf 78' lang='lat' dir='ltr'><strong>Quemadmodum</strong></span> <span class='ocrx_word' id='word_1_251' title='bbox 1152 4274 1182 4331; x_wconf 92' lang='lat' dir='ltr'><strong>in</strong></span> <span class='ocrx_word' id='word_1_252' title='bbox 1210 4272 1290 4336; x_wconf 84' lang='lat' dir='ltr'><strong>cibis,</strong></span> <span class='ocrx_word' id='word_1_253' title='bbox 1316 4269 1366 4345; x_wconf 92' lang='lat' dir='ltr'><strong>qui</strong></span> 
     </span>
     <span class='ocr_line' id='line_1_32' title="bbox 320 4350 1366 4436; baseline -0.006 -23"><span class='ocrx_word' id='word_1_254' title='bbox 320 4367 373 4424; x_wconf 87' lang='lat' dir='ltr'><strong>est,</strong></span> <span class='ocrx_word' id='word_1_255' title='bbox 389 4358 524 4416; x_wconf 82' lang='lat' dir='ltr'><strong>accedere</strong></span> <span class='ocrx_word' id='word_1_256' title='bbox 538 4358 748 4436; x_wconf 84' lang='lat' dir='ltr'><strong>prohibebitur.</strong></span> <span class='ocrx_word' id='word_1_257' title='bbox 868 4356 1017 4425; x_wconf 86' lang='lat' dir='ltr'><strong>discernit,</strong></span> <span class='ocrx_word' id='word_1_258' title='bbox 1032 4356 1139 4432; x_wconf 92' lang='lat' dir='ltr'><strong>inquit,</strong></span> <span class='ocrx_word' id='word_1_259' title='bbox 1154 4354 1178 4412; x_wconf 88' lang='lat' dir='ltr'><strong>si</strong></span> <span class='ocrx_word' id='word_1_260' title='bbox 1197 4350 1366 4415; x_wconf 89' lang='lat' dir='ltr'><strong>comederit,</strong></span> 
     </span>
    </p>
   </div>
   <div class='ocr_carea' id='block_1_6' title="bbox 396 4550 1291 4616">
    <p class='ocr_par' dir='ltr' id='par_1_9' title="bbox 396 4550 1291 4616">
     <span class='ocr_line' id='line_1_33' title="bbox 396 4550 1291 4616; baseline -0.008 -14"><span class='ocrx_word' id='word_1_261' title='bbox 396 4556 405 4593; x_wconf 89' lang='lat'>1</span> <span class='ocrx_word' id='word_1_262' title='bbox 418 4555 476 4604; x_wconf 81' lang='lat' dir='ltr'><strong>buc.</strong></span> <span class='ocrx_word' id='word_1_263' title='bbox 489 4556 539 4603; x_wconf 82' lang='lat' dir='ltr'><strong>viii.</strong></span> <span class='ocrx_word' id='word_1_264' title='bbox 552 4567 592 4616; x_wconf 83' lang='lat'><strong>43,</strong></span> <span class='ocrx_word' id='word_1_265' title='bbox 605 4569 644 4615; x_wconf 75' lang='lat'><strong>44.</strong></span> <span class='ocrx_word' id='word_1_266' title='bbox 760 4563 777 4585; x_wconf 84' lang='lat'><strong>¹·</strong></span> <span class='ocrx_word' id='word_1_267' title='bbox 793 4568 802 4600; x_wconf 90' lang='lat' dir='ltr'><strong>r</strong></span> <span class='ocrx_word' id='word_1_268' title='bbox 815 4552 870 4602; x_wconf 84' lang='lat' dir='ltr'><strong>Cor.</strong></span> <span class='ocrx_word' id='word_1_269' title='bbox 882 4554 924 4601; x_wconf 83' lang='lat' dir='ltr'><strong>vit.</strong></span> <span class='ocrx_word' id='word_1_270' title='bbox 938 4568 961 4614; x_wconf 80' lang='lat'><strong>5.</strong></span> <span class='ocrx_word' id='word_1_271' title='bbox 1079 4562 1094 4590; x_wconf 87' lang='lat' dir='ltr'><strong>n</strong></span> <span class='ocrx_word' id='word_1_272' title='bbox 1108 4551 1179 4599; x_wconf 79' lang='lat' dir='ltr'><strong>Rom.</strong></span> <span class='ocrx_word' id='word_1_273' title='bbox 1191 4550 1240 4597; x_wconf 81' lang='lat' dir='ltr'><strong>xiv.</strong></span> <span class='ocrx_word' id='word_1_274' title='bbox 1256 4562 1291 4609; x_wconf 75' lang='lat'><strong>²³·</strong></span> 
     </span>
    </p>
   </div>
   <div class='ocr_carea' id='block_1_7' title="bbox 0 0 1854 5667">
    <p class='ocr_par' dir='ltr' id='par_1_10' title="bbox 0 0 1854 5667">
     <span class='ocr_line' id='line_1_34' title="bbox 0 0 1854 5667; baseline 0 0"><span class='ocrx_word' id='word_1_275' title='bbox 0 0 1854 5667; x_wconf 95' lang='lat' dir='ltr'><strong> </strong></span> 
     </span>
    </p>
   </div>
  </div>
 </body>
</html>
