3700 5667
551 681 597 745 ΙΝ
619 679 833 746 OONOlLlA
856 678 1091 743 CARTHAG.
1295 680 1356 746 191

308 850 341 913 in
358 848 453 912 altero
470 867 533 910 oreo
549 854 698 930 peraretur
717 844 857 927 positum
880 853 939 908 est.
985 844 1048 907 Sed
1063 844 1129 906 Deo
1150 865 1212 905 non
1229 845 1360 908 Domino

309 958 466 1037 praestent
482 970 601 1012 omnes.

354 1050 389 1113 P.
412 1050 481 1112 116.
496 1048 516 1110 l.
534 1065 584 1131 25.
606 1046 732 1110 Primus
747 1070 767 1110 a
783 1047 938 1131 Migirpa]
956 1046 1046 1108 Urbs
1061 1045 1259 1128 Zeugitunae.
1290 1048 1359 1108 Au·

309 1148 456 1233 guntinus
476 1146 584 1221 habet,
605 1146 735 1208 Primus
756 1147 845 1210 Folia
862 1169 883 1209 α
901 1146 1053 1229 Mipirpu.
1088 1145 1305 1228 [Augustinus
1327 1145 1360 1207 in

310 1250 442 1325 duobus,
456 1270 536 1332 quos
548 1254 652 1321 teneo,
665 1246 797 1311 MSStis
809 1247 907 1311 habet
919 1254 1045 1310 tentum
1057 1247 1148 1308 Felir
1162 1269 1183 1308 o
1193 1246 1359 1330 Mipirpu]

311 1349 415 1433 quue
430 1370 543 1412 nomen
562 1348 686 1432 saepius,
702 1355 736 1411 et
751 1348 917 1432 designato
931 1347 1059 1431 repetit.
1098 1349 1181 1409 Cum
1196 1369 1268 1409 vero
1286 1368 1358 1409 eon·

311 1458 376 1514 stet
397 1450 503 1535 plures
524 1448 575 1511 hio
598 1449 745 1531 subsequi
770 1448 912 1518 Felicem
943 1462 977 1511 et
1001 1448 1129 1510 solenne
1152 1448 1194 1511 sit
1216 1448 1358 1531 ejusdem

310 1551 445 1615 nominis
471 1551 643 1634 episcopos,
669 1550 795 1634 adjectu
820 1549 928 1633 aliqua
951 1559 1028 1612 nota
1052 1571 1072 1611 a
1096 1548 1223 1633 reliquis
1247 1549 1358 1613 distin·

309 1674 426 1737 guere:
449 1652 559 1714 subest
574 1673 636 1713 non
652 1650 728 1713 levis
744 1651 888 1735 suspicio,
902 1650 989 1712 illum
1005 1649 1059 1733 qui
1075 1650 1134 1713 hoe
1150 1650 1218 1714 loeo
1234 1658 1359 1714 senten-

310 1755 390 1819 tiam
403 1754 479 1818 tulit
496 1753 633 1816 Felicem
648 1753 742 1815 fuisse
760 1753 965 1837 appellatum,
982 1762 1015 1816 et
1033 1754 1108 1836 quia
1129 1762 1204 1816 unte
1222 1753 1359 1837 reliquos

311 1857 447 1930 dixerat,
463 1854 599 1939 primum
614 1853 729 1928 voeari,
746 1861 782 1916 ut
797 1876 818 1917 a
833 1853 938 1916 Felice
955 1876 977 1917 a
991 1854 1104 1938 Bagai,
1118 1854 1181 1916 alio
1198 1854 1303 1917 Felice
1316 1854 1359 1917 ab

312 1954 449 2032 Uthina,
470 1977 491 2018 a
514 1954 705 2031 Memorem,
728 1976 749 2017 a
772 1954 965 2028 Buslaoenis,
990 1961 1023 2018 et
1045 1977 1066 2018 u
1089 1955 1275 2038 Gurgitibus
1297 1955 1360 2017 dis·

311 2055 527 2140 tingueretur;
553 2063 586 2119 et
606 2056 664 2125 ita,
680 2055 770 2141 lapsu
791 2055 870 2119 setis
889 2055 1029 2140 proclivi,
1046 2055 1139 2139 primi
1161 2077 1268 2118 vocem
1289 2076 1360 2138 quae

311 2179 477 2221 numerum
502 2157 699 2220 solummodo
724 2157 922 2241 designabat,
948 2178 1022 2219 vero
1046 2156 1183 2230 nomine,
1207 2164 1360 2240 tanquam

313 2280 555 2343 supervacaneo,
572 2258 687 2320 omisso
703 2257 736 2320 in
753 2279 868 2319 nomen
883 2256 1058 2320 transiisse.
1103 2256 1249 2321 Civitatis
1267 2256 1361 2341 hujus

312 2360 450 2445 episeopi
470 2359 663 2423 mentionem
682 2359 803 2422 iaciunt
823 2358 907 2422 inter
925 2357 1006 2422 alios
1025 2357 1141 2421 Collat.
1158 2358 1309 2443 Oarthug.
1327 2366 1361 2422 et

313 2461 396 2525 Viet.
415 2461 482 2524 vit,
512 2460 614 2523 Porro
637 2460 825 2536 notandum,
847 2460 879 2521 in
903 2460 1016 2522 Africa
1039 2459 1208 2535 Primetes,
1231 2482 1295 2523 non
1318 2461 1360 2524 ab

312 2561 436 2625 urbium
459 2561 571 2645 opibus
592 2570 650 2625 out
672 2561 893 2645 praerogativa,
909 2561 964 2624 sed
982 2562 1143 2624 maurdum
1164 2571 1278 2645 tempus
1298 2582 1363 2625 rua

312 2663 526 2739 ordinationes,
542 2670 579 2726 ut
595 2663 710 2725 Leonis
723 2663 789 2724 IX.
805 2662 909 2725 verbis
923 2670 1009 2738 utar,
1025 2661 1145 2725 eenseri
1161 2662 1288 2726 solitos:
1312 2670 1362 2726 ut-

314 2786 375 2848 que
389 2764 460 2827 ideo
473 2785 554 2828 rerer
569 2764 822 2848 appellabuntur.
854 2765 992 2848 Insuper
1005 2763 1038 2825 iu
1054 2763 1211 2847 suffragiis
1225 2764 1362 2827 ferendis

314 2866 418 2930 isfuit
437 2888 507 2929 mos
524 2873 707 2950 perpetuus,
722 2872 759 2929 ut
774 2865 795 2927 ii
812 2864 866 2949 qui
881 2865 975 2950 primi
995 2865 1037 2928 ad
1058 2865 1275 2949 episcopatum
1290 2887 1362 2950 pro·

314 2967 496 3043 metiente
514 2967 594 3030 ulios
614 2968 805 3031 seutentiam
826 2966 979 3030 dicerent.
1025 2967 1130 3047 Quare
1150 2966 1220 3029 illos
1238 2966 1292 3049 qui
1310 2964 1362 3028 hio

315 3069 456 3131 ordinem
481 3070 614 3144 dueunt,
639 3068 871 3152 provinciarum
897 3068 1051 3152 primates
1076 3068 1173 3132 luisse
1203 3067 1361 3131 existimo.

316 3171 444 3254 Septem
465 3170 591 3253 quidem
613 3170 742 3233 fuerunt
761 3169 953 3252 partitiones
968 3168 1099 3246 Afrieae,
1114 3175 1261 3252 respectu
1281 3166 1362 3251 regi·

315 3270 408 3334 minis
423 3271 542 3345 oirilis;
564 3271 620 3334 sed
635 3281 702 3334 tres
722 3277 849 3334 tantum
864 3271 961 3333 fuisse
981 3269 1222 3344 eeclesiastioas,
1237 3289 1277 3331 ex
1292 3289 1362 3350 eyn·

316 3372 369 3435 odi
382 3372 477 3456 hujus
491 3371 582 3435 initio
597 3372 694 3435 detur
708 3371 852 3454 intelligi.
877 3370 1010 3434 Faunus.
1040 3370 1112 3432 Vid.
1128 3390 1225 3452 supra
1238 3390 1269 3453 p.
1288 3370 1362 3451 185.

316 3475 364 3537 At
378 3480 545 3538 notaverat
559 3481 636 3536 unte
652 3473 821 3545 Pamelius,
839 3480 859 3509 “
872 3472 972 3536 Omisi
988 3492 1060 3534 eum
1077 3470 1149 3533 MS.
1165 3476 1199 3532 et
1215 3468 1364 3532 Manutio

317 3583 337 3611 ‘⁸
352 3576 436 3660 quod
458 3575 709 3639 interserebatur
729 3574 821 3638 Felix
840 3580 910 3637 tum
933 3573 966 3635 iu
988 3572 1111 3636 exousia
1132 3579 1201 3635 tum
1220 3571 1306 3655 apud
1321 3571 1364 3633 D.

318 3684 337 3713 “
353 3677 579 3761 Augustinum,
608 3698 646 3740 eo
675 3676 760 3759 quod
791 3675 918 3739 Primus
952 3674 1118 3759 episeopus
1151 3695 1248 3758 supra
1276 3679 1365 3736 tomo

319 3786 338 3816 ‘⁴
353 3780 455 3864 primo
479 3799 551 3842 eum
573 3777 644 3841 aliis
670 3777 837 3862 epistolam
860 3775 956 3838 lxviii.
980 3775 1176 3860 scripserit.’'
1219 3772 1367 3857 Epistola

318 3881 386 3944 haeo
409 3887 458 3944 est
480 3879 610 3943 Goneilii
634 3878 779 3962 superius
801 3877 960 3941 numerati
984 3876 1024 3940 iv.
1063 3876 1179 3960 Neque
1202 3881 1366 3959 comparet

318 4003 432 4045 nomen
457 3980 552 4044 Ferte
575 3980 608 4042 in
632 3985 780 4063 quatuor,
802 3979 916 4062 quibus
939 3984 1023 4051 utor,
1047 3976 1199 4061 Cypriani
1223 3976 1366 4040 Msstis.

319 4083 500 4164 Quinetiam
519 4082 695 4145 notandum
716 4087 775 4158 est,
791 4102 900 4144 vocem
922 4079 1003 4142 ah'm
1025 4100 1088 4141 non
1112 4077 1275 4162 praelixam
1297 4098 1367 4138 esse

319 4184 419 4248 Felici
438 4182 458 4245 d
476 4183 591 4266 Bagai,
609 4182 662 4265 qui
683 4181 826 4266 proxime
846 4181 1002 4264 sequitur,
1018 4178 1162 4242 similiter
1180 4199 1219 4240 ao
1238 4175 1368 4259 reliquis

321 4285 488 4348 Felieibus.
523 4283 681 4347 Scribitur
695 4283 772 4345 urbs
790 4282 948 4366 Migirpa,
964 4281 1049 4364 quod
1069 4278 1193 4363 reposui
1210 4299 1267 4360 pro
1283 4277 1367 4340 Me-

316 4388 421 4472 pirpo,
436 4387 469 4449 in
491 4386 561 4449 edd.
577 4384 717 4460 Erarmi,
736 4383 888 4451 Munatii.
907 4382 1121 4465 Morellir‘que,
1140 4378 1314 4463 Aequatino
1334 4386 1369 4442 st

322 4487 465 4552 Omreiliie
478 4488 582 4564 editis,
598 4493 632 4551 et
649 4486 767 4550 rectius
783 4506 878 4568 quam
894 4484 926 4547 in
942 4484 1034 4548 editt.
1050 4488 1124 4567 post
1139 4478 1369 4554 Pomeliooam,

321 4608 395 4651 nem
427 4589 568 4673 Migirpa
600 4610 671 4651 eum
700 4588 733 4650 in
764 4586 888 4650 Notitia
915 4593 986 4648 tum
1018 4584 1051 4646 in
1083 4580 1190 4645 collat.
1223 4579 1367 4663 Candor.
