3700 5667
472 647 515 708 84
805 643 1184 707 ANNOTATIONES

472 811 540 895 ipso
564 816 704 873 testatur
728 809 761 871 in
786 809 941 873 relatione
964 831 1023 873 sua
1049 810 1091 873 ad
1119 807 1389 873 Valentinianum.
1436 809 1521 873 Vide

470 935 541 996 quae
559 933 654 997 supra
676 910 783 974 notavi
798 911 839 974 do
856 909 983 995 privata
1003 911 1222 975 communione
1244 918 1277 974 et
1299 911 1515 974 excommuni-

471 1014 605 1077 catione.
650 1013 799 1077 Ceterum
814 1012 897 1095 quod
912 1011 964 1075 hic
979 1013 1089 1078 scribit
1104 1013 1268 1078 Cornelius
1283 1013 1323 1075 (lo
1339 1011 1520 1076 Novatiano

474 1115 598 1198 Moysis
623 1113 807 1199 praejudicio
832 1114 1054 1190 condemnato,
1079 1115 1111 1177 id
1136 1136 1157 1178 a
1184 1115 1297 1197 Moyse
1322 1112 1417 1197 paulo
1443 1121 1520 1177 ante

471 1217 595 1280 obitum
617 1217 693 1279 mihi
715 1216 834 1279 factum
850 1214 984 1278 videtur.
1030 1215 1113 1280 Nam
1136 1215 1227 1280 initio
1247 1215 1373 1301 quidem
1390 1216 1521 1299 Moyses

471 1318 631 1383 consessor
652 1340 725 1382 cum
743 1316 923 1381 Novatiano
946 1316 1208 1380 communicabat.
1254 1318 1302 1380 Et
1325 1338 1396 1379 cum
1418 1317 1520 1380 clerus

471 1421 634 1484 Romanus
649 1419 816 1504 epistolam
835 1417 921 1482 illam
938 1420 979 1481 ad
996 1415 1190 1502 Cyprianum
1205 1419 1332 1503 scripsit
1347 1440 1418 1502 quae
1436 1418 1521 1482 inter

472 1521 621 1607 Cypriani
644 1521 794 1605 epistolas
819 1520 923 1607 prima
949 1541 987 1582 ac
1013 1519 1173 1582 tricesima
1197 1528 1394 1595 numeratur,
1416 1519 1521 1581 adhuc

471 1626 603 1708 Moyses
625 1645 734 1709 pacem
750 1645 821 1685 cum
837 1620 1019 1685 Novatiano
1042 1621 1201 1684 servabat.
1247 1620 1354 1682 Ambo
1373 1621 1457 1683 enim
1476 1620 1521 1683 illi

470 1726 612 1810 epistolae
635 1723 899 1808 subscripserunt.
945 1719 1126 1802 Quinetiam
1146 1720 1344 1785 Novatianus
1366 1721 1433 1806 ipse
1456 1723 1522 1808 epi-

471 1827 588 1891 stolam
617 1848 686 1891 eam
718 1832 951 1909 composuerat,
982 1822 1064 1885 sicut
1101 1829 1242 1886 testatur
1271 1823 1451 1907 Cyprianus
1488 1824 1520 1886 in

471 1928 619 2013 Epistola
639 1929 680 1992 ad
701 1927 932 1992 Antonianum.
977 1924 1029 1988 Ex
1051 1946 1115 2009 qua
1136 1925 1294 2009 ingenium
1317 1933 1351 1989 et
1373 1925 1521 2008 eloquen-

468 2031 548 2095 tiam
564 2029 735 2094 Novatiani
755 2029 858 2092 obiter
872 2027 946 2091 licet
966 2048 1161 2109 cognoscere.
1209 2026 1270 2090 Est
1286 2027 1369 2090 enim
1384 2027 1521 2112 epistola

469 2131 534 2209 illa,
555 2140 592 2196 ut
615 2132 780 2196 fatendum
801 2138 862 2207 est,
879 2128 1124 2214 elegantissima.
1178 2129 1305 2212 Scripta
1328 2136 1377 2192 est
1400 2137 1519 2203 autom,

471 2252 543 2294 cum
566 2231 634 2314 jam
663 2230 792 2313 Moyses
821 2251 939 2291 aunum
969 2230 1001 2292 in
1034 2253 1160 2293 carcere
1189 2231 1345 2315 exegisset
1370 2231 1455 2314 quod
1481 2252 1521 2293 ex

470 2331 619 2416 Cypriani
635 2331 787 2416 Epistolis
801 2332 843 2394 ad
860 2330 1006 2414 Moysem
1021 2332 1108 2417 prius
1123 2332 1208 2395 datis
1222 2339 1333 2417 aperte
1348 2332 1517 2416 colligitur.

474 2433 640 2496 vlumus.

517 2536 555 2598 P.
581 2551 633 2618 27.
662 2535 753 2615 l.14.
791 2535 848 2599 σὺν
886 2541 948 2602 τοῖς
985 2536 1075 2601 πέντε
1112 2535 1341 2622 πρεσβυτέροις]
1381 2534 1518 2612 Quinam

470 2635 588 2699 fuerint
604 2635 741 2719 quinque
761 2636 805 2698 illi
827 2637 1004 2721 presbyteri
1025 2637 1165 2721 quicum
1181 2636 1365 2700 Novatiano
1381 2635 1520 2699 schisma

469 2738 623 2814 fecerant,
653 2737 730 2800 mihi
758 2738 886 2822 quidem
915 2740 1147 2823 incompertum
1176 2752 1235 2803 est.
1295 2739 1406 2823 Neque
1434 2740 1518 2802 enim

468 2847 547 2924 puto
562 2862 630 2903 esse
647 2839 824 2902 Maximum
845 2842 1115 2926 presbyterumet
1135 2843 1357 2917 consessorem,
1374 2840 1427 2924 qui
1446 2863 1518 2903 cum

468 2941 615 3015 Urbano,
633 2940 763 3003 Sidonio
783 2963 820 3003 ac
838 2942 1024 3006 Nicostrato
1044 2967 1082 3007 ao
1105 2943 1232 3027 reliquis
1253 2942 1483 3005 consessoribus
1498 2964 1518 3005 a

467 3041 648 3105 Novatiano
664 3042 824 3126 deceptus,
841 3044 909 3126 ejus
930 3054 1039 3128 partes
1057 3043 1240 3127 aliquandiu
1260 3043 1348 3106 fovit.
1395 3044 1519 3128 Quippe

469 3142 631 3206 Maximus
657 3149 691 3206 et
719 3143 831 3226 reliqui
862 3145 1068 3218 consessores,
1093 3152 1220 3209 mortuo
1250 3145 1376 3208 demum
1405 3145 1519 3228 Moyse

468 3244 638 3307 Novatiani
668 3245 814 3328 partibus
840 3268 908 3309 sose
938 3246 1163 3330 adjunxerunt.
1191 3253 1228 3309 ut
1258 3254 1398 3309 testatur
1427 3253 1519 3309 vetus

465 3355 579 3411 auctor
598 3347 638 3409 de
653 3345 862 3410 Pontificibus
882 3348 975 3412 Rom.
995 3351 1043 3411 Eo
1064 3359 1203 3433 tempore,
1219 3348 1331 3430 inquit,
1347 3350 1519 3432 supervenit

466 3448 606 3512 Noouios
628 3470 665 3511 ac
679 3449 806 3530 Africa,
828 3459 856 3512 ct
878 3451 1032 3534 separavit
1057 3449 1095 3512 ab
1118 3451 1239 3513 ccclesia
1254 3451 1466 3513 Nooots'aoom
1492 3459 1520 3512 ct

465 3549 609 3632 quosdam
634 3550 813 3631 confessores,
832 3560 994 3634 postquam
1019 3552 1139 3634 Moyses
1161 3553 1195 3613 iu
1221 3573 1338 3614 carcaa
1362 3551 1519 3634 disjunctus

464 3659 514 3712 cst.
560 3650 758 3713 Novatianus
779 3652 906 3734 quidem
926 3661 1002 3716 ante
1019 3653 1141 3735 Moysis
1162 3653 1284 3715 obitum
1307 3653 1361 3735 qui
1382 3653 1517 3736 contigit

464 3771 571 3812 mense
588 3750 775 3825 Februario,
791 3751 890 3814 Docio
905 3774 936 3836 3.
958 3762 991 3817 et
1007 3754 1145 3817 Etrusco
1160 3754 1246 3818 (loss.
1268 3776 1302 3817 se
1323 3755 1364 3817 ab
1385 3755 1517 3817 ecclesia

464 3850 665 3933 sejunxerat:
703 3851 759 3912 sed
790 3853 984 3917 consessores
1014 3856 1137 3918 nonnisi
1170 3857 1285 3938 Moyse
1317 3864 1443 3919 mortuo
1473 3857 1515 3919 ad

465 3953 636 4015 Novatiani
657 3960 766 4036 partes
785 3955 992 4019 transierunt.
1038 3958 1144 4021 Tanta
1159 3958 1205 4020 vis
1220 3965 1318 4040 atquo
1339 3958 1517 4021 auctoritas

464 4053 496 4116 iu
514 4054 626 4137 Moyse
641 4063 728 4125 erat„
768 4056 870 4140 quue
884 4065 971 4121 corte
987 4058 1090 4122 innuit
1106 4060 1283 4144 Cyprianus
1298 4060 1330 4121 in
1349 4059 1513 4143 Epist5r.

464 4156 514 4220 his
534 4157 647 4220 verbis.
694 4159 892 4242 Posteaquam
911 4182 960 4222 uos
979 4161 1017 4224 de
1039 4184 1156 4225 carcerc
1170 4163 1352 4246 prodeuntes
1375 4163 1517 4225 solamo-

464 4260 540 4322 ticas
553 4269 579 4322 ct
592 4260 752 4323 loereticas
766 4283 851 4324 error
865 4263 989 4346 occepit,
1003 4263 1048 4327 sic
1062 4286 1109 4327 res
1122 4274 1189 4327 erat
1203 4265 1291 4349 qrucsi
1302 4265 1404 4348 plenia
1419 4274 1516 4326 cestra

463 4362 631 4423 incarcere
650 4365 845 4427 repressisset.
892 4366 993 4450 Atqui
1017 4374 1142 4430 constat
1163 4366 1367 4438 confessores,
1392 4364 1516 4428 nonnisi

463 4472 590 4524 mortuo
607 4462 730 4547 Moyse,
747 4487 786 4526 ox
806 4487 933 4529 carcerc
948 4467 1094 4531 dimissos
1118 4468 1223 4531 luisse.
1268 4468 1334 4530 Gur
1354 4466 1437 4529 enim
1455 4466 1515 4549 ipsi

463 4562 570 4647 potius
585 4562 703 4627 dimissi
719 4565 853 4630 fuissent
868 4589 963 4650 quam
977 4569 1127 4652 Moyses?
1171 4571 1251 4632 Post
1266 4576 1401 4631 mortem
1417 4567 1516 4651 igitur
