3700 5667
356 747 399 808 14
715 744 747 808 S.
770 742 1037 809 CORNELIUS.

354 909 464 968 nelium
479 910 599 968 minime
612 921 680 969 ants
695 908 855 990 paschalem
875 910 944 967 anni
959 911 1029 967 251.
1045 908 1122 966 diem
1143 908 1316 968 ordinatum
1335 929 1407 977 esse,

353 1012 488 1090 pluribus
509 1014 688 1090 argumentis
707 1013 817 1090 colligit
832 1012 1047 1079 Tillemontius,
1063 1013 1107 1072 uti
1127 1014 1245 1072 monuit
1261 1017 1407 1073 Constru-

353 1116 413 1175 tius
427 1117 464 1174 ad
478 1118 558 1175 Rom.
576 1119 681 1192 Pontis.
697 1119 792 1194 Epist.
808 1137 872 1194 pag.
890 1118 957 1174 123.
998 1115 1145 1175 Nonnihil
1162 1126 1265 1175 autem
1280 1117 1319 1177 de
1333 1117 1407 1175 Cor·

352 1220 422 1279 nelii
436 1232 540 1287 morte,
556 1221 630 1280 sicca
644 1241 680 1279 an
695 1231 815 1279 cruenta
829 1220 929 1284 inerit,
945 1220 1021 1277 infra
1037 1218 1195 1279 dicendum
1210 1231 1256 1279 est
1274 1221 1313 1279 sd
1328 1220 1406 1278 Con-

350 1323 397 1380 oil.
413 1324 550 1402 Carthsg.
565 1324 619 1381 IV.

390 1423 479 1486 bHsa
494 1428 636 1486 universae
654 1437 720 1485 octo
739 1426 775 1483 ad
790 1424 959 1483 Cornelium
978 1425 1109 1503 epistolar
1130 1425 1228 1484 adhuc
1246 1427 1338 1486 bodie
1354 1447 1405 1486 ex·

349 1540 427 1587 stant
444 1541 474 1588 et
494 1531 571 1589 inter
586 1529 617 1587 S.
634 1529 773 1607 Cypriani
788 1529 886 1606 Opera
905 1527 1051 1606 leguntur,
1067 1529 1319 1605 quemadmodum
1339 1531 1405 1590 dun

349 1632 478 1691 Cornelii
492 1633 529 1691 ad
545 1632 734 1710 cyprianum.
777 1633 953 1688 anmcros.

388 1749 401 1779 ⁰
415 1736 577 1795 Nonnulla
590 1736 675 1795 editt.
688 1746 718 1793 et
730 1735 825 1796 MSS.
835 1737 1006 1801 Noviorum.
1019 1734 1216 1808 (Veronensis
1227 1738 1300 1797 MS.
1310 1749 1403 1817 utque

345 1839 395 1897 alii
410 1839 488 1919 apud
503 1839 711 1897 Martianoeum
725 1838 875 1896 Fauianam
890 1839 937 1898 vel
947 1840 1105 1897 Fabianum.
1124 1841 1335 1910 Vsassasrus,
1349 1846 1401 1922 op.

344 1945 376 2002 S.
390 1945 507 2002 Hieron.
524 1943 619 2003 editor
634 1941 831 2018 novissimus.)
862 1941 962 2000 Rufin.
977 1944 1134 2001 Fabianum.
1171 1944 1234 2003 Sed
1249 1945 1401 2007 Eusebius

343 2049 382 2106 vi.
398 2049 450 2106 43.
465 2062 495 2108 et
517 2045 679 2124 Nicephori
704 2045 818 2102 codices
842 2046 880 2102 vi.
901 2046 930 2103 5.
952 2066 1033 2122 sequ.
1054 2066 1251 2106 successorem
1277 2050 1401 2130 Bebyirs

341 2152 449 2210 iterum
465 2152 631 2226 iterumque
646 2153 743 2215 Φάβιον
753 2148 911 2226 appellunt,
923 2160 954 2208 et
966 2151 1088 2209 Codices
1099 2152 1312 2230 quamplurimi
1326 2175 1402 2232 quos

342 2256 489 2314 Suffridus
510 2254 593 2313 Petri
616 2264 646 2311 et
670 2253 864 2311 Marcianseus
886 2254 1047 2333 inspexere,
1061 2257 1176 2313 Fabiam
1195 2276 1258 2314 non
1279 2269 1399 2318 tantum

339 2359 395 2415 boc
414 2357 478 2414 loco
492 2357 544 2416 sed
562 2357 651 2414 etiam
670 2356 747 2412 infra
768 2375 830 2432 cap.
847 2357 895 2413 69.
939 2357 1049 2416 Euseb.
1065 2359 1147 2427 ἦλθον
1165 2360 1189 2414 d'
1204 2359 1253 2416 οὖν
1273 2365 1314 2421 ele
1334 2366 1401 2435 ἡμᾶς

338 2464 479 2516 ἐπιστολαὶ
494 2463 638 2534 Κορνηλίου
646 2461 776 2530 Ῥωμαίων
786 2466 930 2517 ἐπισκόπου
942 2465 1008 2534 πρὸς
1021 2465 1067 2518 τὸν
1076 2467 1123 2532 τῆς
1131 2464 1292 2536 Ἀντιοχέων
1305 2473 1399 2538 dulp-

337 2563 409 2628 ctae,
424 2568 530 2631 Φάβιον,
546 2567 673 2634 δηλοῦσιν
692 2566 724 2618 rd
746 2567 805 2636 περὶ
825 2569 871 2634 τῆς
883 2566 1014 2636 Ῥωμαίων
1032 2568 1144 2622 Συνόδου
1165 2571 1207 2623 καὶ
1227 2571 1261 2624 sd
1283 2572 1398 2643 δόξοπο

335 2671 405 2722 πᾶσι
422 2671 476 2724 τοῖς
497 2670 561 2724 κατὰ
580 2668 627 2735 τὴν
641 2667 754 2721 Ἰταλίαν
774 2669 815 2721 sol
827 2667 955 2739 Ἀφρικὴν
976 2672 1017 2725 καὶ
1036 2673 1083 2727 rdr
1103 2671 1194 2727 αὐτόθι
1211 2677 1314 2746 χώρας.
1337 2676 1397 2733 ΕΛ-

336 2787 471 2826 sarcina.

377 2870 478 2929 ἀΗυεο
496 2871 588 2929 altera
607 2869 731 2947 epistola
745 2869 874 2927 Cornelii
896 2872 932 2929 ab
947 2872 1078 2932 Eusebio
1098 2895 1157 2933 non
1179 2875 1292 2938 diserte
1314 2902 1396 2940 oom-

330 2985 522 3043 memoratur,
546 2973 597 3031 sed
621 2972 700 3029 illius
723 2973 787 3030 loco
812 2974 934 3048 epistola
959 2975 1097 3052 Cypriani
1125 2989 1157 3035 et
1184 2981 1395 3061 episcoporum

330 3077 451 3140 Atrion,
466 3078 592 3148 Ῥωμοῖκῇ
606 3078 681 3148 φωνῇ
696 3082 842 3149 Κυπριονοῦ
856 3080 896 3132 καὶ
910 3084 962 3133 τῶν
975 3080 1017 3148 ἅμ’
1032 3083 1102 3155 αὐτῷ
1118 3085 1182 3137 κατὰ
1201 3087 1249 3153 τὴν
1262 3086 1396 3160 Ἀφρικὴν

329 3182 490 3238 ἐπισκόπων.
533 3181 593 3237 Pro
607 3180 765 3235 Novatioao
786 3179 896 3236 Novati
919 3201 1025 3239 nomen
1046 3184 1155 3244 habent
1177 3187 1306 3251 Codices
1327 3193 1395 3251 Eu·

328 3281 416 3346 sebii,
434 3282 545 3349 Rufini,
561 3283 732 3359 Nicephori.
776 3283 838 3340 Etsi
857 3282 1073 3363 Hieronymum
1098 3288 1246 3368 plerisque
1266 3296 1299 3353 in
1318 3297 1394 3358 locis

327 3385 381 3446 ubi
398 3382 533 3443 Novatus
548 3385 634 3442 hodie
649 3395 744 3442 exstat
755 3384 787 3440 N
788 3387 954 3444 ovatianum
967 3388 1073 3465 legisse
1085 3391 1164 3450 haud
1175 3394 1295 3457 dubitat
1307 3401 1392 3460 Guil.

326 3488 510 3560 Beveregius
523 3489 600 3545 notis
614 3486 649 3542 ad
666 3487 833 3563 Synodioon
848 3507 983 3565 magnum
999 3511 1029 3568 p.
1042 3493 1091 3558 70.
1116 3496 1299 3567 Ριιιιιιοιυε.
1341 3506 1392 3566 De

324 3587 452 3660 hujusce
467 3590 591 3644 nominis
605 3590 748 3664 scriptura
763 3590 857 3649 fusius
872 3611 925 3648 nos
939 3592 1060 3652 infrnad
1073 3597 1203 3658 Cornelii
1216 3603 1390 3682 Epistolam

324 3688 455 3768 priorem
478 3688 513 3742 sd
533 3689 723 3764 Cyprianum.
765 3693 809 3747 De
830 3692 1014 3771 Hieronymo
1035 3709 1134 3757 autem
1154 3706 1244 3763 verbe
1260 3706 1389 3770 Eusebii

322 3785 403 3848 male
426 3783 607 3862 intelligente
626 3787 769 3848 videndus
788 3792 825 3851 cl.
843 3793 923 3851 Keil.
940 3796 976 3852 ad
997 3798 1124 3859 Fabricii
1146 3807 1220 3864 Bitl.
1241 3813 1293 3869 Gr.
1311 3824 1387 3874 tom,

322 3890 376 3947 vii.
394 3905 422 3960 p.
439 3887 508 3942 293.
524 3886 568 3943 ed.
584 3907 676 3944 novae.
693 3891 742 3964 qui
763 3894 881 3970 insuper
902 3908 994 3965 notat,
1015 3902 1125 3962 nullam
1148 3908 1253 3970 fecisse
1275 3920 1387 3978 menti.

321 4007 411 4051 onem
439 3987 651 4065 Hieronymum
678 3993 858 4054 Cornelianae
883 4002 1013 4077 epistola·
1040 4007 1070 4064 in
1096 4030 1184 4069 causa
1205 4015 1322 4079 Novati
1349 4024 1388 4082 ad

321 4089 498 4166 Dionysium
521 4090 607 4148 Alex.
628 4095 750 4171 scriptse,
770 4119 856 4174 quarn
882 4123 1089 4168 commemorat
1114 4113 1266 4179 Eusebius
1284 4125 1328 4183 H.
1345 4128 1386 4187 Ε,

320 4199 361 4256 vi.
372 4193 422 4250 46.
459 4192 500 4250 Et
515 4195 595 4271 prius
610 4208 797 4258 annotaverst
807 4202 979 4273 Vallarsius,
994 4213 1102 4292 ambigi
1116 4221 1223 4279 merito
1239 4244 1338 4302 posse,
1349 4252 1389 4290 an

319 4299 414 4357 altera
436 4294 566 4370 epistola,
590 4316 675 4372 quam
699 4303 731 4356 de
744 4303 899 4364 Novationo
923 4321 950 4367 et
968 4314 1054 4388 lapsis
1073 4321 1228 4397 epistolam
1243 4329 1383 4393 inscribit

320 4399 531 4470 Hieronymus,
548 4398 675 4455 Cornelii
690 4401 727 4458 sit
737 4425 751 4470 ,·,
765 4417 842 4463 certe
856 4409 934 4467 iiiam
950 4424 1087 4493 tanquam
1104 4426 1244 4504 Cypriani
1261 4434 1299 4494 ab
1314 4438 1378 4496 Eu·

318 4500 400 4559 sebio
415 4501 576 4564 memorari,
592 4510 738 4573 Karpessos)
752 4512 792 4562 καὶ
805 4516 856 4566 τῶν
869 4515 911 4585 ἆρ’
926 4521 1005 4595 αὐτῷ,
1022 4525 1072 4584 ἃς,
1088 4548 1152 4607 cap·
1169 4535 1220 4592 43·

359 4617 373 4645 c
390 4599 499 4657 Euseb.
515 4603 584 4672 ἄλλη
599 4625 638 4660 rsr
651 4605 777 4679 ἐπιστολὴ
796 4616 912 4684 συνῆπτο
927 4628 1072 4693 Κορνηλίου
1088 4636 1148 4705 περὶ
1167 4643 1221 4694 τῶν
1240 4647 1308 4700 κατὰ
1326 4649 1379 4718 τὴν
