3700 5667
483 679 533 742 IN
558 679 776 744 DIONYSII
802 679 916 742 ROM.
942 676 1258 743 EXCERPTUM.
1333 679 1400 747 389

398 850 435 914 P.
448 866 524 935 375.
541 848 561 912 l.
576 867 624 931 17.
642 848 759 933 ταύτης]
772 848 824 912 Sie
837 848 914 932 Reg.
946 847 1013 911 Alii
1026 856 1144 912 verost
1156 848 1233 911 editi
1245 848 1400 912 omittunt

355 953 468 1030 ταύτης.
492 950 573 1012 Mox
593 950 670 1034 Reg.
692 971 749 1034 pro
771 946 789 1027 ἢ
812 948 910 1012 habet
932 944 961 1034 ᾖ.
988 948 1215 1011 Μονττκυσον.
1261 948 1324 1012 Sed
1340 949 1400 1012 hoe

355 1049 522 1133 posteriori
537 1048 606 1110 loeo
621 1051 710 1126 ταύτῃ
724 1048 757 1110 in
774 1049 846 1126 αὕτη
861 1048 1050 1111 mutandum
1067 1047 1202 1112 videtur.

399 1151 433 1212 P.
454 1152 529 1236 376.
551 1149 573 1211 l.
593 1171 624 1227 4.
647 1151 713 1212 ἀντὶ
735 1155 787 1211 τοῦ
811 1147 976 1232 ἐπέστησε]
1001 1149 1145 1213 Alterius
1167 1150 1254 1214 verbi
1278 1153 1402 1230 ἐποίησε

355 1252 509 1336 Dionysio
522 1250 576 1314 Al.
588 1250 772 1335 exprobrati
788 1271 851 1312 non
866 1250 930 1313 nlia
943 1249 1133 1335 significatio
1148 1251 1275 1315 videtur
1288 1274 1357 1315 esse
1368 1252 1400 1315 in

354 1356 457 1438 Epist.
473 1353 518 1417 αιύ
531 1351 606 1415 Heu.
623 1375 651 1414 v.
669 1369 697 1413 2.
729 1351 818 1416 Conf.
834 1373 948 1414 nomm.
968 1353 1058 1413 1—6.

398 1457 437 1517 P.
456 1469 529 1537 377.
552 1453 573 1515 l.
593 1474 623 1530 η.
647 1455 772 1515 κωλύειν
796 1453 923 1540 ἀξίωμα]
951 1455 1046 1515 Anne
1070 1452 1237 1538 legendum
1264 1457 1401 1519 κολούειν

354 1557 532 1618 imminuere
546 1575 604 1638 pro
620 1554 764 1615 κωλύεινί

401 1656 472 1718 Ibid
489 1655 510 1717 l.
532 1672 579 1738 15.
598 1661 788 1716 annumerat
807 1651 994 1736 Dionysium
1012 1653 1192 1717 Romanum
1213 1655 1244 1719 S.
1262 1655 1400 1720 Basilius

358 1756 417 1841 M.]
435 1756 541 1819 Verba
556 1755 625 1838 ipsa
646 1753 678 1817 S.
692 1753 800 1817 Basilii
816 1754 885 1817 haec
904 1763 989 1818 sunt.
1012 1753 1180 1834 Ἀναζητῶν
1195 1759 1227 1818 δὲ
1243 1760 1272 1820 εί
1284 1781 1327 1823 τις
1342 1759 1400 1837 ἄρα

356 1866 415 1922 τῶν
432 1861 569 1922 παλαίων
590 1859 638 1919 καὶ
657 1859 807 1938 μακαρίων
825 1857 941 1937 ἀνδρῶν
962 1856 1110 1938 ἐχρήσατο
1129 1859 1246 1924 ταύταις
1266 1864 1328 1925 ταῖς
1346 1864 1400 1922 νῦν

355 1962 605 2042 ἀντελεγομέναις
627 1967 751 2041 φωναῖς,
775 1960 907 2027 πολλοὺς
931 1961 1018 2040 εὗρον
1042 1960 1089 2022 καὶ
1110 1964 1146 2045 τῇ
1170 1961 1340 2041 ἀρχαιότητι
1366 1961 1401 2023 τὸ

356 2063 528 2141 ἀξιόπιστον
547 2061 683 2142 ἔχοντας,
701 2060 748 2122 καὶ
765 2063 801 2145 τῇ
820 2064 870 2137 τῆς
884 2062 1024 2141 γνώσεως
1041 2059 1178 2142 ἀκριβείᾳ
1195 2060 1230 2122 ού
1245 2062 1319 2122 κατὰ
1333 2059 1401 2127 τοὺς

356 2169 409 2226 νῦν
424 2165 522 2234 ὄντας,
539 2164 580 2224 ὧν
597 2163 626 2224 αἱ
644 2163 701 2240 μὲν
717 2164 752 2247 τῇ
766 2159 919 2240 προθέσει,
936 2161 965 2222 σί
980 2162 1012 2222 δὲ
1027 2160 1067 2244 τῷ
1083 2157 1240 2243 συνδέσμῳ
1259 2163 1332 2222 κατὰ
1347 2159 1400 2239 τὴν

354 2265 531 2344 δοξσλογίαν
551 2263 603 2325 τὸν
623 2264 718 2343 λόγον
738 2261 913 2333 ἑνώσαντες,
931 2261 1017 2323 οὐδὲν
1037 2259 1182 2340 διάφορον
1201 2265 1284 2344 δρᾷν,
1305 2262 1345 2328 ὥς
1363 2289 1400 2343 γε

354 2364 427 2445 πρὸς
444 2364 498 2441 τὴν
512 2364 604 2445 ὀρθὴν
617 2367 668 2441 τῆς
686 2362 843 2441 εὐσεβείας
861 2362 981 2426 ἔννοιαν
997 2362 1208 2440 ἐνομίσθησαν.
1242 2365 1400 2442 Εἰρηναῖος

355 2466 478 2536 ἐκεῖνος,
495 2465 542 2526 καὶ
559 2462 679 2542 Κλήμης
694 2465 710 2524 ὁ
725 2460 877 2540 Ῥωμαῖος,
891 2462 939 2523 καὶ
954 2461 1114 2526 Διονύσιος
1129 2458 1306 2540 ὁῬωμαῖος,
1320 2464 1399 2526 καὶὸ

353 2564 568 2647 Ἀλεξανδρεύς
584 2567 758 2630 Διωνύσισς.
774 2565 823 2627 De
837 2563 961 2647 Spiritu
976 2564 1009 2625 S.
1027 2584 1054 2626 α.
1071 2581 1122 2643 71.

396 2817 579 2878 Pnorrnnm
597 2815 682 2898 quod
696 2813 780 2878 inter
797 2836 831 2877 se
848 2812 985 2876 maxime
999 2813 1235 2898 conjunguntur
1249 2814 1320 2878 duae
1336 2813 1397 2879 illae

353 2915 577 3000 Dionysiorum
596 2915 747 3000 epistolae,
765 2937 828 2979 una
844 2937 865 2979 a
880 2915 1025 2979 Romano
1041 2915 1186 3000 praesule,
1201 2913 1304 2979 ultera
1317 2938 1395 3002 apo·

353 3018 488 3103 logeticn
509 3018 551 3081 ad
569 3019 704 3081 eundem
724 3018 765 3081 ab
785 3017 1007 3082 Alexandrino
1027 3016 1226 3102 conseripte3
1249 3020 1395 3104 quodque

352 3119 394 3182 ud
428 3118 634 3202 quaestionem
667 3119 806 3182 omnium
837 3119 1056 3204 gravissimam
1088 3121 1191 3184 ambae
1222 3121 1394 3204 pertinent,

354 3220 442 3283 Deus
465 3221 507 3284 sit
530 3220 679 3283 colendus
699 3242 740 3282 an
761 3229 927 3292 ereatura3
953 3221 1138 3303 posterioris
1160 3221 1301 3303 epistolae
1324 3244 1395 3304 ques

353 3329 476 3385 restant
491 3320 597 3383 omniu
611 3320 837 3403 subjuncturus
851 3342 931 3383 sum.
