3700 5667
432 687 466 749 S.
484 684 723 749 GREGORII
747 685 956 750 NEOCAES.
973 685 1125 749 EPIST.
1142 685 1313 751 CANON.
1350 690 1415 757 259

367 855 565 963 ἐκκηρύξαι,
585 855 724 956 μήποτε
749 857 804 962 ἐφ’
825 857 924 948 ὅλονΙ
940 855 1030 962 ἔλθῃ
1057 856 1121 936 τὸν
1148 856 1240 936 λαὸν
1265 859 1287 959 ἡ
1313 857 1415 962 ὀργὴ,

368 995 426 1070 καὶ
444 993 497 1071 ἐπ’
512 989 639 1075 αὐτοὺς
656 997 799 1093 πρῶτον
812 990 893 1074 τοὺς
911 999 1153 1094 προεστῶτας,
1166 991 1247 1077 τοὺς
1265 992 1316 1092 μὴ
1333 997 1411 1074 ε’πι·

368 1125 567 1228 ζητοῦντος·
604 1131 787 1231 φοβοῦνοο
814 1124 897 1229 νον,
925 1131 974 1211 ὡς
1001 1129 1023 1227 ἡ
1051 1127 1177 1235 emir>
1205 1129 1312 1231 λέγει
1336 1128 1414 1229 ’νὴ

367 1260 604 1365 συναπολεῖν-γ
622 1258 758 1358 ἀσεβὴς
772 1259 836 1340 τὸν
849 1262 996 1341 δίκαιον.
1018 1264 1197 1365 (ῑπορνεία
1216 1263 1297 1366 γάρ,
1310 1267 1415 1370 φησὶ,

341 1398 427 1486 sarai
445 1395 648 1501 πλεονεξία,
662 1396 706 1473 δι’
721 1392 746 1474 ἀ
763 1394 901 1498 ἔρχεται
915 1397 938 1494 ἠ
957 1393 1047 1500 ἀργὴ
1067 1405 1131 1477 τοῦ
1150 1402 1246 1477 Θεοῦ
1263 1401 1321 1478 ἐπὶ
1332 1395 1416 1483 τοὺςΙ

369 1527 463 1613 υἱοὺς
481 1534 545 1629 τῆς
564 1530 752 1610 ἀπειθείας.
783 1527 833 1628 μὴ
854 1531 917 1608 οὖν
939 1530 1083 1631 γίνεσθε
1105 1533 1325 1635 συμμέτοχοι
1348 1533 1413 1612 αὐ·

368 1672 450 1745 τῶν.
479 1662 540 1764 ἦτε
559 1662 632 1765 γάρ
648 1697 736 1743 ποτε
754 1660 896 1761 σκίπος,
911 1673 975 1744 νῦν
993 1665 1031 1743 δὲ
1050 1671 1128 1772 φῶς
1146 1668 1185 1744 ἐν
1205 1668 1338 1774 Κυρίιρ·
1368 1670 1418 1752 ὡς

369 1799 475 1880 τίκνα
500 1798 621 1904 φωτὸς
644 1805 875 1900 περιπατεῖτε·
904 1797 1021 1900 ὁγάρ
1043 1799 1179 1902 κάρτος
1204 1809 1269 1879 τοῦ
1297 1796 1418 1906 φωτὸς

369 1937 407 2013 ἐν
437 1932 541 2039 παίσῃ
574 1932 794 2038 ἀγαθωσύνῃ
827 1935 885 2012 καὶ
918 1937 1125 2040 δικαιοσύνῃ
1162 1941 1220 2014 καὶ
1252 1937 1416 2042 ἀληθείᾳ·

325 2064 613 2167 ιοδοκιμάζοντες
637 2067 675 2144 τί
698 2069 800 2145 ἐστιν
825 2065 1019 2170 εὐάρεστον
1038 2073 1097 2173 ῑτῷ
1123 2070 1256 2176 Κυρίῳ.
1286 2066 1418 2169 καὶμὴ

370 2208 639 2300 συγκοινωνεῖτε
657 2208 731 2284 τοῖς
749 2201 865 2304 ἔργοις
883 2208 958 2284 τοῖς
975 2199 1147 2306 ἀκάρποις
1165 2210 1230 2281 τοῦ
1246 2201 1416 2300 σκότους,

369 2345 513 2438 μᾶλλον
532 2335 570 2416 δὲ
588 2339 647 2416 καὶ
665 2339 843 2442 ἐλέγχετε.
873 2336 918 2416 τά
942 2335 1012 2440 γάρ
1031 2342 1151 2445 κρυφῆ
1171 2335 1340 2438 γινόμενα
1358 2339 1417 2418 ὑπ’

369 2473 502 2568 αὐτῶν,
524 2467 677 2574 αἰσχρόν
699 2472 779 2550 ε’στι
806 2473 864 2549 καὶ
892 2470 1024 2571 λε’γειν·
1054 2469 1101 2549 τά
1119 2470 1157 2549 δὲ
1178 2469 1298 2550 πάντα
1314 2473 1418 2572 ε’λεγ-

370 2605 505 2711 χόμενα
533 2604 602 2686 ὑπὸ
627 2612 690 2685 τοῦ
716 2603 848 2711 φωτὸς,
869 2605 1104 2710 φανεροῦται.’
1134 2612 1281 2704 τοιαῦτα
1305 2604 1417 2704 με’νὸ

326 2784 337 2823 ι
344 2780 360 2842 5
371 2741 589 2824 ἀπόστολος.
622 2740 683 2820 ε’ἀν
706 2740 743 2819 δὲ
767 2738 825 2819 διά
842 2738 909 2839 τὴν
925 2739 1105 2842 προτέραν
1121 2738 1335 2844 πλεονεξίαν
1352 2737 1419 2839 τὴν

370 2880 471 2980 ε’ντῇ
496 2874 614 2980 εἱρήιαγ
637 2873 828 2976 γενομέιογν
852 2874 953 2972 δίκην
978 2872 1164 2969 τιννύντες,
1182 2873 1221 2950 ε’ν
1246 2873 1341 2978 αὐτῷ
1364 2877 1418 2980 τῷ

370 3044 480 3116 καιρῳ
502 3043 566 3108 της
584 3042 693 3111 οργης
717 3005 830 3087 πάλιν
853 3005 945 3108 πρὸς
967 3005 1033 3105 τὴν
1054 3005 1269 3111 πλεονεξίαν
1288 3009 1414 3110 ἐκτρα-

370 3297 502 3356 abdicare
513 3318 523 3366 ;
551 3315 588 3353 ne
611 3295 688 3353 forte
712 3294 748 3352 ud
772 3304 867 3352 totum
918 3292 992 3352 lucis
1014 3304 1058 3352 est
1080 3294 1111 3350 in
1133 3295 1212 3352 omni
1235 3295 1366 3354 bonitate
1387 3306 1419 3355 et

371 3376 512 3456 populum
542 3376 585 3432 ira
616 3374 736 3439 veniat3
775 3384 806 3432 et
837 3374 867 3431 in
915 3373 1032 3449 justitia
1052 3382 1082 3432 et
1101 3374 1240 3433 veritate:
1262 3376 1419 3453 probante·

325 3474 420 3514 roeou
448 3456 573 3550 primum
598 3454 648 3532 qui
674 3464 812 3532 praesunt,
838 3463 868 3511 et
918 3451 989 3529 quid
1016 3452 1055 3510 sit
1082 3453 1149 3510 Deo
1175 3465 1350 3532 acceptum:
1387 3464 1418 3514 et

371 3557 428 3594 non
450 3535 611 3612 inquirunt.
654 3535 762 3592 Vereor
780 3533 868 3597 enim,
919 3552 956 3590 ne
984 3532 1197 3591 communiente
1226 3533 1418 3593 infructuosis

370 3628 405 3675 ut
434 3616 476 3674 ait
508 3615 668 3694 Scriptura,
698 3634 734 3672 ne
761 3615 800 3672 im
823 3613 869 3670 ius
919 3611 1055 3688 operibus
1075 3612 1269 3679 tenebrarum,
1292 3614 1343 3672 sed
1364 3635 1418 3693 po-

367 3696 480 3772 justum
490 3715 549 3752 una
559 3714 655 3754 secum
664 3693 774 3773 perdat.
798 3634 870 3750 iint-
919 3693 979 3750 tius
993 3692 1079 3750 etiem
1094 3691 1271 3769 redarguite.
1300 3693 1418 3765 Quae-

371 3777 479 3835 nicutio
492 3776 569 3833 enirn
587 3775 710 3852 (inquit)
728 3784 762 3831 ut
776 3772 867 3830 averi-
919 3772 979 3829 nim
1001 3771 1037 3830 ab
1058 3771 1129 3850 ipsis
1150 3773 1223 3832 fiunt
1243 3773 1418 3842 clanculum,

326 3858 412 3925 25tie
425 3858 498 3931 [non
513 3855 700 3912 nominentur
710 3854 741 3910 in
753 3852 867 3926 vobis]:
919 3862 1006 3930 turpe
1030 3862 1075 3910 est
1102 3851 1148 3910 vel
1171 3853 1286 3913 dicere:
1321 3855 1420 3915 omniu

371 3957 423 4015 per
452 3956 517 4011 quoe
553 3934 633 3993 venit
662 3935 706 3991 ira
741 3933 797 3991 Dei
833 3932 869 3990 ud
919 3943 1017 3990 autem
1042 3952 1060 3991 ιι
1081 3930 1147 3991 luce
1170 3934 1303 3993 convicte
1326 3935 1420 3993 muni.

371 4017 446 4074 filios
470 4013 683 4073 inobedientiae.
733 4012 782 4070 Ne
806 4012 869 4071 uitis
920 4012 1074 4070 feutuutur.
1118 4011 1191 4071 Heu
1209 4013 1326 4090 quidem
1348 4035 1418 4093 apo-

371 4117 439 4175 ergo
456 4115 556 4154 eorum
572 4094 745 4172 participes:
771 4091 870 4150 fuistis
920 4091 1022 4150 stolus.
1066 4091 1098 4149 Si
1119 4103 1217 4150 autem
1235 4093 1285 4168 qui
1301 4104 1420 4172 propter

371 4179 448 4235 enim
469 4173 624 4250 aliquando
641 4174 777 4236 tenebre,
792 4190 870 4230 nunu
920 4172 1045 4249 priorem
1064 4170 1147 4249 plura
1163 4171 1287 4230 habendi
1304 4173 1418 4251 cupidi.

322 4268 468 4326 30autem
488 4256 541 4312 lux
557 4255 586 4311 in
602 4254 746 4318 Domino;
768 4261 802 4309 ut
817 4251 869 4308 filii
920 4260 1021 4316 tutem,
1039 4270 1104 4327 quae
1124 4251 1155 4308 in
1177 4271 1247 4329 prce
1268 4251 1336 4322 fuit,
1355 4272 1418 4330 poe.

372 4336 445 4395 lucis
465 4334 627 4394 ambulate:
657 4333 771 4391 fructus
791 4331 869 4390 enim
920 4351 986 4388 uum
1009 4330 1081 4389 daut
1092 4352 1102 4401 ;
1130 4331 1162 4388 in
1186 4330 1250 4408 ipso
1272 4332 1322 4391 irre
1344 4342 1420 4390 tem.

502 4558 516 4586 0
529 4547 589 4595 Gerr.
603 4544 670 4593 xviii.
685 4556 722 4602 23.
1008 4543 1118 4606 ¹Ephes.
1131 4559 1154 4592 v.
1168 4557 1192 4603 3,
1203 4542 1292 4606 6-13.

859 4621 902 4684 ul
919 4640 936 4683 2
