3700 5667
632 671 682 733 ru
708 670 940 735 concrum
965 672 1214 735 cananae.
1383 626 1472 736 era*

395 843 553 922 διδόμενόν
575 843 651 914 ἐστι,
676 844 876 921 προσποίησιν
898 842 955 919 μὲν
980 838 1064 923 ἔχον,
1089 846 1124 920 τῇ
1149 843 1182 904 δὲ
1207 841 1333 925 ἀληθείη
1356 843 1449 920 μηδὲν

398 945 473 1029 ἔχον
486 943 561 1024 πρὸς
578 942 738 1022 εὗσίβειαν
753 942 910 1021 delineet
936 942 981 1006 Et
1003 943 1029 1007 si
1049 951 1247 1028 preatexatur
1266 966 1321 1007 eos
1343 943 1375 1006 in
1396 965 1450 1006 no·

398 1047 484 1111 mine
505 1045 613 1111 Patris
635 1053 669 1109 et
692 1044 766 1107 Filii
786 1051 820 1108 et
843 1044 981 1129 Spiritus
1004 1045 1113 1109 Sancti
1136 1045 1309 1130 baptizare,
1325 1044 1451 1130 reponit

402 1149 505 1229 ὥσπερ
523 1151 555 1211 δὲ
575 1149 654 1210 ἄλλο
675 1148 740 1210 ἐστὶ
760 1148 867 1226 κτίσμα
886 1150 967 1227 παρὰ
988 1149 1041 1211 τὸν
1060 1147 1134 1221 υἱὸν,
1151 1150 1241 1214 οὕτως
1259 1149 1338 1210 ἄλλο
1352 1146 1391 1210 ἂν
1407 1151 1451 1227 εἴη

400 1257 452 1330 τῆς
467 1253 608 1331 ἀληθείας
623 1250 656 1314 τὸ
671 1248 738 1330 παρ’
755 1250 852 1312 αὐτῶν
868 1251 1060 1328 νομιζόμενον
1075 1252 1219 1322 δίδοσθαι,
1237 1249 1291 1312 κᾶν
1306 1250 1341 1312 πδ
1357 1252 1451 1329 ὄνομα

401 1359 454 1416 τοῦ
473 1352 594 1434 πατρὸς,
610 1353 658 1416 καὶ
672 1356 724 1414 τοῦ
738 1353 812 1427 υίοΰ,
828 1353 877 1415 διδ
895 1352 930 1413 τὸ
949 1350 1165 1432 γεγραμμένον,
1182 1351 1339 1430 ὀνομάζειν
1358 1377 1450 1433 προσ-

401 1461 553 1519 comma.
606 1454 666 1518 Ait
689 1474 795 1538 porro,
820 1454 935 1516 πολλοὶ
958 1460 1032 1535 γοῦν
1058 1456 1106 1517 καὶ
1131 1455 1223 1517 ἄλλοι
1247 1454 1376 1531 αἱρέσεις
1399 1454 1450 1517 λί-

402 1582 491 1639 γουσι
511 1560 548 1620 rb
569 1559 701 1636 ὀνόματα
721 1558 822 1634 μόνον,
843 1556 882 1635 μὴ
904 1561 1070 1636 φρονοῦσαι
1092 1559 1124 1618 δὲ
1146 1558 1248 1635 ὀρθῶς,
1270 1557 1308 1621 ὡς
1327 1559 1448 1635 είρηται,

402 1660 475 1738 μηδὲ
498 1658 552 1736 τὴν
570 1660 656 1721 πίσιν
675 1660 870 1738 ὑγιαίνουσαν
888 1659 1025 1740 ἔχουσαι,
1043 1661 1219 1724 ἀλυσιτελὲς
1234 1660 1339 1740 ἔχουσι
1354 1659 1402 1721 καὶ
1416 1658 1450 1721 πδ

402 1764 469 1841 παρ’
486 1762 582 1823 αὐτῶν
601 1761 756 1839 διδόμενον
775 1763 851 1838 ὕδωρ
872 1762 1052 1838 λειπόμενον
1070 1762 1221 1844 εὐσεβείᾳ,
1238 1760 1379 1823 ὥστεκαὶ
1397 1761 1451 1822 τὸν

402 1864 611 1944 ραντιζόμενον
637 1859 703 1941 παρ’
728 1862 823 1924 αὐτῶν
849 1864 1045 1942 ῥυπαίνεσθαι
1068 1869 1187 1940 μᾶλλον
1215 1866 1249 1925 ἐν
1272 1861 1450 1946 desiisset

404 1969 593 2045 λυτροῦσθαι.
625 1964 671 2029 Et
686 1964 770 2027 inter
788 1984 843 2026 eos
865 1963 918 2046 qui
939 1963 1096 2047 integram
1116 1964 1319 2047 baptismatis
1333 1964 1451 2026 formu·

405 2066 469 2130 lam
494 2074 632 2140 servant,
655 2072 798 2128 recenset
821 2065 1031 2139 Manichaeos,
1058 2065 1208 2149 Phrygas,
1229 2087 1267 2128 cc
1292 2065 1451 2128 Pauliani-

404 2177 482 2232 stas.
527 2168 622 2231 Adeo
649 2168 787 2230 nondum
814 2165 949 2229 invaluit
974 2167 1096 2229 concilii
1123 2167 1323 2230 Arelatensis
1345 2166 1372 2229 Ι.
1397 2168 1451 2230 dc-

404 2279 536 2345 cretum,
563 2270 612 2333 cui
640 2270 841 2353 Augustinus
871 2292 904 2332 se
934 2269 1067 2332 addixit.
1113 2269 1151 2330 Si
1179 2269 1246 2351 qaia
1274 2265 1312 2331 cd
1342 2267 1452 2330 ioeresi

403 2373 526 2448 venete,
542 2373 722 2455 interrogent
743 2393 810 2434 ουυι
833 2370 1015 2453 Syrticam,
1031 2381 1057 2434 et
1078 2371 1105 2433 si
1121 2369 1312 2454 perviderint
1334 2391 1399 2431 eum
1417 2370 1451 2432 ιἰι

406 2475 543 2536 Petraei
563 2473 659 2548 Filio,
673 2483 699 2535 et
719 2475 776 2557 Sp.
793 2475 903 2535 δὀιιοίο
923 2495 979 2535 esse
998 2472 1317 2556 baptizantemque
1338 2472 1366 2533 si
1384 2482 1451 2534 tari·

404 2584 468 2637 tam
493 2576 674 2660 imponatur,
701 2583 757 2638 oze.
808 2574 982 2638 Concilium
1010 2574 1136 2658 quidem
1163 2573 1451 2658 Constantinopoli·

405 2686 516 2742 tanum
540 2699 659 2741 canone
677 2694 705 2760 7.
734 2677 878 2760 [Concilii
902 2676 999 2741 OPol.
1024 2677 1075 2739 hic
1097 2696 1199 2738 canon
1223 2697 1286 2737 uon
1310 2676 1451 2739 creditur

405 2780 488 2863 esee]
511 2779 571 2842 hac
593 2801 632 2841 ex
655 2787 747 2862 parte
770 2779 902 2842 Arianis
922 2779 1058 2863 gratiam
1081 2779 1164 2852 fecit,
1184 2799 1241 2840 nec
1261 2800 1324 2840 non
1343 2778 1450 2840 Mace

405 2881 560 2949 donianis,
598 2881 811 2958 sabbatianis,
849 2882 1050 2958 Novatiauis‚
1085 2880 1381 2958 Quartadecimanis
1417 2888 1450 2944 et

406 2983 662 3067 Apollinaristis;
691 2992 728 3046 ut
751 2984 921 3047 chrismate
945 2985 1045 3048 solum
1068 2985 1213 3048 adhibito
1231 2984 1262 3046 in
1285 2983 1450 3046 ecclesiam

385 3086 667 3166 admitterentur:
699 3086 754 3149 sed
785 3109 823 3148 cx
853 3088 996 3160 adverso,
1024 3089 1065 3151 ab
1094 3088 1133 3150 iis
1162 3088 1337 3160 decretum,
1365 3085 1450 3169 quod

406 3186 633 3262 Eunomianos,
647 3187 872 3263 Montanistas‚
886 3189 1092 3263 Sabellianos‚
1110 3189 1157 3252 καὶ
1172 3192 1224 3255 τὰς
1240 3191 1337 3254 ἄλλος
1350 3187 1450 3254 πάσας

407 3288 543 3367 αἱρέσεις,
570 3288 683 3353 πάντας
714 3291 779 3354 τοὺς
804 3288 851 3351 ὑπ’
877 3290 973 3352 αὐτῶν
999 3291 1145 3354 θέλοντας
1171 3292 1385 3367 προστίθεσθαι
1414 3292 1450 3374 τῇ

408 3389 571 3474 ὀρθοδοξίᾳ,
583 3392 622 3456 ὡς
631 3388 789 3468 Ἕλληνας
804 3393 961 3472 δεχόμεθα,
973 3393 1020 3453 καὶ
1035 3393 1088 3468 τὴν
1099 3393 1217 3471 πρώτην
1229 3389 1340 3469 ἡμέραν
1351 3395 1451 3452 ποιοῦ-

406 3517 462 3571 μεν
483 3493 588 3557 cerole
609 3492 814 3570 Χριστιανοὺς,
832 3493 886 3570 τὴν
908 3497 941 3555 δὲ
964 3494 1104 3573 δευτέραν
1127 3490 1372 3573 κατηχουμένους,
1390 3493 1451 3556 εἶτε

406 3598 440 3673 τῇ
462 3595 542 3679 τρίτῃ
563 3596 746 3673 ἐξορκίζομεν
765 3597 821 3672 μὲν
841 3595 956 3671 αὐτοὺς,
972 3599 1046 3674 μετὰ
1066 3600 1117 3657 τοῦ
1138 3596 1276 3675 ἓμφυσᾷν
1296 3595 1394 3673 τρίτον
1409 3597 1451 3661 είς

406 3696 440 3758 τὸ
462 3699 633 3776 πρόσωπον,
655 3697 703 3757 καὶ
726 3699 768 3762 εἰς
791 3701 827 3759 τὰ
851 3695 919 3759 ὦτα.
949 3700 997 3760 καὶ
1018 3701 1107 3763 οὕτως
1127 3702 1312 3779 κατηχοῦμεν
1334 3697 1450 3775 αὐτοὺς,

407 3799 454 3860 καὶ
473 3802 616 3875 ποιοῦμεν
635 3800 781 3878 χρονίζειν
804 3801 844 3864 εἰς
865 3799 919 3876 τὴν
942 3803 1115 3879 ἐκκλησίαν,
1136 3801 1184 3862 καὶ
1206 3801 1370 3878 ἀκροᾶσθαι
1391 3804 1450 3863 τῶν

405 3905 539 3980 γραφῶν,
566 3900 612 3960 καί
635 3901 701 3961 τότε
726 3900 831 3965 αὐτοὺς
851 3905 1042 3982 βαπτίζομεν.
1089 3901 1209 3965 Utrum
1235 3923 1275 3963 ex
1301 3901 1449 3984 paritatis

404 4000 538 4072 ratione,
555 3999 608 4082 qui
630 4022 693 4062 non
714 4002 841 4085 gravius
863 4011 1011 4066 errarunt
1032 4001 1175 4078 Arianis,
1198 4001 1450 4079 Macedonianis,

405 4101 595 4184 reliquisque
610 4103 802 4166 enumeratis
817 4104 985 4179 haereticis,
1001 4104 1130 4168 canonis
1150 4103 1244 4187 hujus
1260 4103 1377 4167 virtute
1392 4125 1450 4188 per

406 4203 543 4266 chrisma
572 4204 605 4266 in
634 4205 798 4268 ecclesiam
833 4208 897 4270 sint
926 4206 1126 4278 admittendi,
1157 4226 1221 4268 non
1249 4205 1451 4268 obstantibus

405 4306 510 4369 verbis
539 4307 600 4369 illis
628 4308 803 4391 generatim
833 4308 1120 4392 perstringentibus
1148 4311 1199 4373 τὰς
1224 4307 1322 4372 ἄλλος
1351 4305 1451 4373 πάσας

405 4408 543 4489 αἱρέσεις,
563 4408 691 4472 minime
714 4409 864 4473 dixerim:
895 4418 981 4473 certe
1005 4410 1175 4472 Balsamon
1196 4408 1229 4470 in
1250 4407 1365 4485 lecum,
1383 4430 1451 4471 cre-

405 4509 486 4574 didit
508 4513 554 4573 ὅτι
577 4510 685 4576 πάντες
712 4513 741 4573 οἱ
763 4515 975 4590 βαπτιζόμενοι
1000 4515 1043 4576 εἰς
1067 4513 1140 4588 μίαν
1164 4509 1334 4586 κατάδυσιν,
1359 4510 1452 4574 πάλιν

403 4612 605 4687 ῥαπίζονται.
652 4611 839 4696 Quanquam
857 4635 917 4676 non
934 4613 981 4676 ita
996 4612 1097 4675 multo
1112 4622 1198 4697 post,
1214 4613 1386 4697 Gregorius
1403 4613 1451 4677 M.
