3700 5667
647 1489 1091 1589 CONCILIA

681 1697 763 1754 sus
785 1698 1055 1757 summano

549 1867 1184 1951 CARTHAGINIENSIA.

756 2121 960 2151 -φ-

340 2307 749 2374 OARTHAGINIENSE
772 2307 1027 2374 OONGILIUM
1047 2312 1135 2376 SUB
1154 2313 1391 2379 OYPRIANO

310 2432 328 2488 5
732 2417 998 2497 SECUNDUM,

563 2599 648 2639 nuno
669 2599 739 2640 posu
760 2600 912 2640 cnnrsrmu
937 2594 999 2663 252
1023 2602 1174 2658 nnnrruu,

625 2719 678 2772 DE
696 2719 793 2773 PACE
812 2719 942 2774 LAPSIS
961 2720 1107 2775 DANDA.

341 2838 496 2921 Synodion
516 2838 580 2903 toeo
595 2840 735 2924 Dpcatoh
756 2840 801 2903 od
816 2841 987 2905 Cornelium
1008 2844 1179 2906 &manum
1199 2844 1393 2928 Epmccpmu,

385 2949 466 3012 iuter
487 2949 639 3033 Cypriaci
659 2949 813 3034 Epistola
834 2959 876 3013 ast
897 2973 957 3012 mu.
980 2951 1029 3014 cel
1050 2974 1121 3015 nvn.
1145 2962 1174 3015 et
1188 2975 1225 3037 p.
1243 2970 1296 3036 77.
1319 2953 1391 3017 edit.

294 3069 333 3108 10
387 3059 592 3124 Benedictinae
605 3069 695 3124 extat.

346 3189 645 3300 caninos,
670 3223 1044 3301 athamanicum,
1071 3225 1269 3301 nicomedes,
1294 3225 1393 3288 caeor.

340 3331 415 3408 lius,
429 3330 454 3393 J
455 3332 558 3409 unius,
574 3331 765 3407 Marrutius,
782 3332 886 3409 Felix,
907 3335 1087 3409 Successus,
1105 3333 1291 3407 Faustinus,
1307 3332 1391 3394 For·

341 3448 488 3516 tumtun,
505 3441 625 3514 Victor,
642 3440 843 3518 Saturninus,
858 3441 939 3506 alius
960 3442 1161 3518 Saturninus,
1180 3441 1392 3523 Rogatianus,

343 3548 514 3626 Tertullus,
534 3548 701 3627 Lucienus,
721 3549 839 3623 Satius,
856 3549 1064 3626 Secundinus,
1086 3549 1168 3613 alius
1191 3549 1392 3627 Saturninus,

299 3658 519 3742 ¹5Eutyches,
544 3659 694 3743 Amplus,
724 3659 805 3722 alius
835 3659 1038 3735 Saturninus,
1067 3659 1227 3737 Aurelius,
1254 3659 1393 3737 Priscus,

344 3766 575 3844 Herculaneus,
587 3768 775 3844 Victorinus,
787 3767 935 3849 Quintus,
950 3770 1149 3846 Honoratus,
1167 3770 1393 3848 Manthaneus,

344 3874 591 3953 Hortensianae,
621 3876 790 3954 Varianus,
818 3876 967 3953 Jambus,
998 3878 1156 3956 Donatus,
1188 3879 1393 3962 Pomponius,

344 3984 551 4069 Polycarpus,
566 3984 758 4062 Demetrius,
774 3985 855 4049 alius
873 3986 1031 4062 Donatus,
1046 3985 1259 4063 Privatianus,
1277 3986 1394 4050 Fortu-

342 4100 450 4170 natus,
479 4093 635 4178 Rogatus,
665 4101 698 4159 et
729 4095 905 4158 Munnulus
935 4094 1082 4160 Cornelio
1119 4094 1211 4158 fratri
1248 4094 1393 4158 salutem.

296 4225 334 4264 20
344 4205 566 4269 statueramus
581 4205 709 4290 quidem
726 4206 795 4290 jam
811 4204 946 4289 pridem,
960 4206 1063 4269 frater
1077 4204 1250 4280 carissime,
1267 4204 1395 4289 partici-

343 4321 420 4399 pato
445 4314 578 4379 invicem
601 4316 766 4380 nobiscum
795 4316 937 4394 consilio,
965 4324 1002 4380 ut
1030 4315 1084 4399 qui
1110 4316 1143 4378 in
1168 4316 1396 4399 persecutionis

342 4423 547 4488 infestatione
567 4423 765 4509 supplantati
783 4427 826 4490 ab
845 4426 1029 4491 adversario
1051 4433 1084 4490 et
1105 4425 1186 4511 lapsi
1204 4427 1346 4504 fuissent,
1362 4435 1395 4491 et

344 4535 505 4600 sacrificiis
522 4557 557 4600 se
573 4535 690 4599 illicitis
709 4537 934 4612 maculassent,
949 4543 1083 4621 agerent
1098 4536 1152 4599 diu
1174 4535 1396 4620 poenitentiam
