3700 5667
500 659 566 725 894
636 657 819 720 FRAGM.
843 657 994 720 EPIST.
1019 655 1236 718 DIONYSII
1263 654 1409 716 ALEX.

849 1012 866 1039 ι
991 938 1060 1001 ΙΙΙ.

830 1108 883 1172 Ea
895 1107 994 1172 νοτίαν
1009 1106 1086 1170 libro
1097 1104 1211 1190 ρνὶπιο.

545 1261 723 1340 Προείρηνοι
740 1260 797 1338 μὲν
811 1259 874 1330 οὖν,
891 1258 937 1320 ὅτι
956 1257 1036 1337 πηγὴ
1056 1262 1115 1319 τῶν
1133 1258 1252 1337 ἀγαθῶν
1274 1254 1414 1318 ἁπάντων
1429 1255 1545 1318 έστὶνὸ

503 1371 592 1435 Θεός.
625 1366 756 1446 ποταμὸς
781 1368 814 1429 δέ
838 1364 885 1429 ὑπ’
909 1364 980 1450 (for.
1004 1366 1069 1448 ἀπ’)
1091 1366 1180 1429 αὐτοῦ
1205 1367 1417 1448 προχεόμενος,
1441 1368 1457 1428 ὁ
1482 1366 1546 1433 υἱὸς

500 1474 733 1557 ἀναγέγραπται·
760 1476 904 1555 θπόῤῥοια
923 1478 981 1555 γὰρ
1002 1479 1056 1537 νοῦ
1075 1476 1176 1556 λόγος,
1193 1474 1241 1536 καὶ
1262 1475 1300 1540 ὡς
1320 1472 1364 1537 ἐπ’
1381 1475 1545 1554 ἀνθρώπων

502 1587 606 1661 εἰπεῖν,
630 1583 688 1646 ὰπὸ
715 1585 833 1663 καρδίας
858 1586 906 1647 διὰ
928 1586 1074 1662 στόματος
1096 1581 1311 1665 έξοχετεθεται,
1335 1583 1434 1663 ἕτερος
1459 1583 1546 1662 γενό-
1595 1667 1600 1671 -

501 1718 590 1772 μενος
609 1696 661 1755 τοῦ
681 1693 715 1756 έν
736 1693 838 1776 καρδίᾳ
859 1694 997 1774 λόγου,ὀ
1018 1694 1066 1754 διὰ
1085 1692 1227 1772 γλώσσης
1248 1696 1317 1756 νοῦς
1336 1694 1501 1771 προπηδῶν.
1527 1691 1544 1751 θ

499 1805 556 1883 μέν
577 1806 636 1885 γὰρ
659 1802 756 1881 ἔμεινε
781 1800 972 1885 προπέμψας,
998 1803 1046 1865 καὶ
1070 1802 1152 1865 ἔστιν
1174 1803 1237 1867 οἶος
1259 1801 1306 1879 ἦν·
1341 1802 1411 1864 tiit
1435 1799 1543 1879 ἐξέπτη

499 1913 714 1993 προπεμφθεὶς,
730 1911 778 1973 καὶ
797 1909 921 1991 φέρεται
939 1915 1104 1992 πανταχοῦ.
1132 1911 1180 1973 καὶ
1199 1911 1289 1975 οὕτως
1309 1909 1392 1972 tarto
1409 1909 1546 1990 ἑκάτερος

497 2023 535 2085 έν
556 2021 693 2105 ἑκατέρῳ,
710 2017 810 2100 ἔτερος
828 2018 871 2082 ὢν
890 2019 1024 2101 θατέρου·
1053 2022 1101 2082 καὶ
1119 2018 1154 2083 ἔν
1173 2022 1261 2095 εἰσιν,
1278 2021 1363 2086 ὄντες
1382 2019 1443 2082 δύο.
1470 2021 1545 2082 οὕτω

500 2132 558 2212 γὰρ
579 2130 627 2192 καὶ
648 2131 664 2192 θ
686 2128 782 2208 πατὴρ
805 2129 852 2191 καὶ
874 2131 891 2190 ὁ
913 2128 975 2211 υίὸς
998 2129 1042 2206 ἓν,
1068 2129 1116 2191 καὶ
1140 2131 1173 2191 ἐν
1197 2128 1343 2207 θλλήλοις
1370 2127 1542 2211 ἐλέχθησαν

498 2240 587 2304 εἶναι.
629 2245 730 2304 Allata
743 2247 804 2303 haec
817 2266 835 2302 a
849 2245 882 2303 S.
892 2245 1053 2304 Athanasio
1066 2246 1096 2302 iu
1112 2245 1207 2324 Epin.
1224 2246 1259 2304 de
1274 2246 1420 2304 Sententia
1433 2246 1545 2325 Diony-

502 2351 549 2421 eii,
565 2371 645 2409 uum.
662 2350 745 2407 xxiii.
759 2371 788 2428 p.
803 2351 874 2408 259.

544 2540 687 2619 Superius
707 2538 881 2598 dictumest
901 2539 998 2599 Deum
1050 2541 1128 2598 illam
1151 2540 1299 2617 praemisit,
1322 2550 1461 2608 remanet,
1485 2552 1543 2598 est-

501 2641 563 2681 esse
577 2622 688 2679 fontem
700 2620 841 2677 bonorum
855 2621 999 2680 omnium.
1049 2641 1106 2698 que
1117 2619 1202 2697 quale
1213 2631 1299 2679 autea
1313 2631 1391 2677 emt:
1414 2616 1464 2678 illa
1474 2639 1545 2678 vero

504 2700 598 2759 Filius
618 2720 688 2758 vero
710 2700 805 2758 dictus
827 2711 871 2758 est
893 2700 999 2758 fluvius
1049 2702 1195 2779 praemissa
1211 2701 1307 2758 avolat
1321 2710 1351 2757 et
1365 2701 1545 2777 circumqua-

503 2782 539 2839 ab
576 2781 640 2858 ipso
677 2799 835 2838 emanans:
878 2781 999 2837 verbum
1049 2800 1107 2856 que
1117 2781 1227 2838 fertur:
1249 2790 1280 2838 et
1294 2781 1335 2837 sie
1345 2791 1502 2856 utrumque
1513 2781 1545 2837 in

503 2860 612 2938 quippe
639 2869 683 2916 est
711 2860 816 2916 mentis
844 2860 998 2924 emanatio,
1050 2871 1174 2937 utroque
1195 2871 1249 2926 est,
1270 2861 1386 2917 tametsi
1407 2860 1486 2918 aliud
1508 2861 1546 2918 ab

503 2950 543 3007 et,
555 2951 589 2997 ut
603 2939 729 2995 humano
743 2957 822 2995 more
836 2938 947 3014 loquar,
963 2959 998 2996 ex
1049 2939 1141 2998 altero
1152 2963 1161 3009 ;
1193 2952 1224 2998 et
1251 2959 1341 2997 uuum
1370 2951 1447 3005 sunt,
1475 2940 1545 2998 licet

504 3018 590 3077 eorde
605 3038 656 3095 per
670 3037 702 3074 os
719 3016 873 3075 emittitur.
911 3019 1000 3077 Meus
1050 3019 1108 3076 duo
1128 3020 1197 3077 siut.
1239 3020 1289 3078 Sic
1310 3040 1435 3097 namque
1456 3020 1545 3078 Pater

503 3118 582 3163 vero,
595 3117 658 3174 qun
669 3117 721 3175 per
730 3095 859 3173 linguam
874 3098 998 3176 prosilit,
1049 3110 1079 3156 et
1092 3099 1186 3156 Filius
1198 3119 1288 3157 uuum
1299 3119 1361 3157 esse
1372 3101 1443 3159 etin
1457 3120 1488 3159 ae
1499 3100 1544 3158 iu-

502 3176 559 3235 alia
578 3189 622 3235 est
639 3198 657 3234 a
670 3176 758 3235 verbo
775 3176 853 3252 quod
866 3178 897 3235 in
912 3177 999 3236 corde
1049 3178 1142 3238 vicem
1157 3199 1219 3238 esse
1233 3180 1303 3238 dicti
1318 3191 1396 3238 sunt.

500 3257 625 3317 exsistit.
668 3256 735 3314 Ηοο
752 3257 829 3316 enim
844 3269 997 3338 postquam

928 3483 1096 3516 m*—

996 3666 1056 3729 IV.

833 3824 886 3888 Ea
899 3825 998 3888 eodem
1012 3824 1089 3889 libro
1096 3828 1209 3911 primo.

545 3976 693 4059 Ἀναρχία
713 3981 833 4071 μᾶλλον
851 3977 898 4039 καὶ
921 3976 1070 4056 ortatui]
1094 3978 1131 4057 έξ
1149 3982 1293 4061 ἰσοτιμίας
1315 3985 1545 4065 ἀντιπαρεξαγο-

499 4085 576 4166 μένη
590 4087 771 4169 πολυαρχία.
809 4093 900 4153 Extat
917 4094 949 4152 in
967 4095 1085 4153 Leontii
1103 4108 1134 4154 et
1150 4098 1294 4158 Johaunis
1311 4099 1421 4158 Rerum
1442 4102 1543 4161 Sacra·

502 4217 566 4255 rum
582 4197 648 4256 Lib.
663 4196 790 4256 secundo
803 4199 840 4256 ab
852 4197 969 4277 Angeia
980 4198 1063 4256 Maio
1076 4199 1157 4259 edito
1171 4202 1202 4260 in
1217 4202 1286 4262 Vol.
1301 4205 1351 4263 vii.
1368 4206 1545 4265 Cotteetsonis

508 4303 568 4361 Vet.
586 4302 774 4380 Scriptorum,
790 4323 818 4381 p.
833 4304 883 4360 96.

543 4504 686 4561 Anarchia
708 4505 799 4582 magis
826 4517 871 4563 est
894 4516 925 4563 et
953 4526 997 4564 se·
1048 4527 1085 4564 ex
1107 4508 1167 4585 pari
1189 4509 1255 4584 jure
1276 4530 1313 4566 ex
1334 4509 1454 4568 adverso
1476 4530 1544 4587 pro-

500 4583 583 4648 ditio,
598 4583 754 4642 multorum
768 4584 818 4642 ille
833 4583 998 4644 dominatus
1048 4586 1164 4646 ductus.
