3700 5667
395 680 460 744 322
743 674 1098 743 ANNOTATIONES

395 849 467 928 μίαν
481 847 576 927 φύσιν
592 847 640 910 καὶ
654 846 706 910 δύο
724 847 830 927 φύσεις
846 847 880 908 ἐν
894 847 1016 928 Χριστῷ
1033 844 1074 922 μὴ
1089 845 1163 906 κατὰ
1177 841 1230 905 τὸν
1244 841 1337 922 ὀρθὸν
1351 845 1456 925 λόγον

396 953 621 1030 ὁμολογεῖσθαι.
644 971 673 1032 p.
692 951 763 1011 261.
810 946 968 1012 Memoria
989 967 1115 1030 quoque
1134 944 1167 1007 id
1190 945 1364 1008 tenendum
1386 955 1454 1022 est,

397 1058 518 1135 quanta
538 1071 610 1113 curn
630 1051 767 1134 ἀκριβείᾳ
787 1049 842 1112 diu
863 1055 941 1113 ante
958 1061 1067 1132 patres
1087 1048 1146 1111 hos
1165 1046 1386 1111 Antiocheam
1409 1048 1453 1112 ds

397 1154 457 1219 hac
479 1174 514 1216 re
538 1150 715 1237 scripsisset
739 1151 964 1228 Tertullianus,
986 1158 1115 1237 etpost
1137 1148 1224 1214 illum
1247 1148 1453 1215 Novatianus

396 1255 523 1340 aliique.

440 1357 494 1420 Ad
513 1356 582 1419 haec
599 1355 730 1440 primus,
748 1355 831 1440 quod
852 1355 960 1430 sciam,
977 1354 1050 1418 huic
1069 1353 1222 1438 epistolae,
1238 1374 1310 1418 cum
1325 1353 1452 1437 pietate

396 1468 465 1528 tum
483 1458 686 1544 simplicitate
701 1479 759 1521 sua
780 1480 814 1521 se
836 1458 973 1522 maxime
988 1455 1232 1533 commendanti,
1248 1463 1346 1541 atque
1363 1457 1450 1522 anti-

396 1561 547 1646 quissima
573 1568 719 1646 tempora
745 1560 837 1624 nobis
863 1560 989 1645 egregie
1014 1557 1177 1633 referenti,
1203 1558 1345 1622 detraxit
1369 1557 1449 1642 quid

396 1663 490 1725 modo
505 1662 663 1728 adductus
678 1661 874 1747 Basnagius3
897 1660 923 1724 si
940 1660 1114 1744 Dupinium
1129 1659 1257 1744 excipis,
1271 1657 1336 1742 qui,
1346 1665 1385 1721 ut
1399 1659 1450 1723 ait

397 1763 585 1848 Basnagius,
612 1764 715 1827 nullas
737 1764 848 1848 judicii
878 1764 926 1826 sui
955 1762 1098 1826 rationes
1126 1760 1270 1845 protulit·
1323 1760 1450 1829 Contra

395 1872 471 1929 anto
492 1887 548 1929 eos
569 1866 686 1929 eruditi
708 1865 773 1941 alii,
792 1867 897 1943 credo,
918 1886 1037 1940 omnes,
1058 1864 1172 1949 ipsam,
1190 1870 1228 1931 ut
1249 1883 1449 1948 germanam,

396 1984 521 2049 semper
539 1964 676 2049 amplexi
700 1965 835 2043 lucrant,
852 1988 892 2028 ex
913 1987 977 2048 quo
1000 1971 1143 2048 tempore
1160 1971 1291 2047 reperta
1309 1971 1395 2025 esset
1413 1970 1448 2026 et

397 2067 578 2131 Latinitate
604 2068 725 2130 donata
750 2088 771 2130 a
795 2067 850 2131 Fr.
867 2066 1024 2130 Tuniano
1049 2065 1154 2128 medio
1180 2064 1295 2128 saeculo
1322 2062 1448 2130 decimo

396 2174 506 2239 sexto;
530 2168 664 2231 eandem
680 2168 819 2232 Baronio
836 2170 878 2232 ad
898 2191 972 2232 ann.
991 2171 1063 2234 266.
1080 2165 1251 2231 Annalibus
1268 2166 1333 2230 suis
1347 2166 1449 2229 inter·

396 2284 531 2334 serente.
565 2271 684 2335 Postea
704 2280 771 2334 tam
788 2272 901 2334 Graece
922 2292 1018 2354 qnam
1037 2269 1151 2332 Latine
1166 2269 1278 2330 Romae
1293 2267 1381 2335 edita
1395 2277 1447 2335 est

396 2393 479 2438 anno
492 2373 585 2447 1608,
602 2380 639 2436 ut
654 2372 750 2436 refert
767 2373 934 2438 Fabricius
948 2373 980 2434 in
996 2370 1183 2435 Bibliotheca
1196 2372 1251 2434 Gr.
1267 2369 1325 2434 vol.
1336 2371 1398 2433 xiv.
1414 2391 1446 2455 p.

396 2474 472 2557 361,
488 2474 536 2539 ed.
553 2495 623 2537 nov.
641 2496 714 2537 mox
733 2475 833 2558 ipsam
853 2475 1001 2537 Auctoris
1020 2495 1078 2537 suo
1098 2471 1291 2535 Bibliothecae
1309 2472 1447 2534 Palmam

398 2577 562 2640 Frontone
574 2577 694 2642 Ducaeo
709 2577 895 2661 adjiciente;
916 2576 1001 2660 quod
1014 2583 1047 2639 et
1064 2575 1222 2640 Labbaeus
1236 2579 1309 2657 post
1324 2572 1401 2636 iecit
1412 2573 1446 2640 in

398 2678 571 2742 caumana
588 2680 811 2752 &cimiliorum
840 2685 992 2762 sequente
1014 2687 1047 2741 et
1072 2677 1198 2740 Mansio
1220 2677 1252 2738 in
1274 2674 1447 2742 novissima

396 2778 567 2842 eorundem
579 2780 736 2857 editione3
754 2782 810 2844 scd
819 2780 937 2843 omissa
945 2779 1082 2864 epistola
1092 2779 1198 2847 fuerat
1209 2777 1251 2840 ab
1267 2775 1445 2850 llarduino,

397 2882 481 2964 quod
499 2882 648 2945 censebat
667 2904 737 2945 eam
753 2882 870 2945 rectius
891 2881 1079 2945 collocatam
1098 2902 1167 2945 esse
1188 2879 1222 2942 in
1238 2878 1447 2943 Bibliothecis

398 2983 544 3056 Panum,
561 3004 656 3065 quarn
672 2982 704 3045 in
719 2982 876 3047 Consiliis.

440 3081 478 3143 P.
496 3084 568 3165 289.
585 3082 606 3145 l.
623 3105 653 3166 9.
669 3082 899 3148 ιΎΜΕΝΑΙΟΣ
916 3085 985 3168 dra]
1005 3085 1101 3147 Hunc
1119 3105 1190 3148 cum
1210 3082 1394 3147 Theotecno
1412 3089 1448 3147 et

398 3183 544 3251 Maximo
569 3184 766 3252 nominatum
796 3187 837 3249 ab
865 3186 1003 3250 Eusebio
1028 3188 1061 3249 in
1087 3185 1301 3270 superioribus
1326 3183 1447 3247 vidisti.

396 3284 479 3370 Quin
502 3286 599 3350 ctiam
621 3286 674 3350 isti
697 3295 730 3352 et
752 3294 818 3352 tres
840 3287 932 3351 alteri
955 3288 1093 3373 episcopi
1116 3287 1148 3350 in
1173 3285 1320 3375 Epistola
1341 3284 1444 3370 Syno-

395 3387 467 3450 dica
482 3396 679 3472 comparent.

440 3491 478 3551 P.
497 3508 568 3571 290.
590 3489 610 3555 l.
629 3508 657 3552 2.
679 3491 737 3554 ὑπὸ
757 3498 815 3554 τῶν
835 3493 986 3572 μακαρίων
1006 3489 1197 3576 ἀποστόλων]
1212 3487 1289 3550 Ἀπὸ
1310 3509 1369 3571 pro
1388 3487 1449 3550 ὑπὸ

396 3590 503 3658 malim
524 3591 669 3664 scribere,
689 3592 841 3656 distincta
861 3593 1006 3656 oratione
1026 3602 1098 3676 post
1116 3611 1225 3653 vocem
1248 3589 1391 3672 ἐκκλησία
1413 3596 1449 3652 et

395 3698 469 3776 post
484 3693 688 3775 participium
704 3694 1000 3774 καταγγελλομένην.

440 3793 477 3859 P.
496 3811 567 3873 291.
585 3793 605 3861 l.
620 3816 652 3872 4.
674 3796 825 3859 πιστεύειν
847 3798 896 3859 καὶ
914 3794 1091 3880 ὁμολογεῖν]
1114 3796 1188 3858 Sine
1208 3792 1257 3856 his
1278 3793 1357 3854 bene
1373 3813 1449 3879 pro-

396 3894 523 3959 cederet
546 3895 660 3970 oratio‚
677 3917 746 3978 quae
769 3906 876 3960 tamen
900 3899 974 3961 ferri
997 3898 1131 3982 possint,
1147 3896 1174 3958 si
1196 3917 1267 3960 cum
1286 3893 1449 3979 prioribus

396 3994 640 4077 conjungantur,
656 4003 689 4058 et
704 3996 840 4060 sortasse
861 4003 923 4061 δεῖν
939 3999 986 4064 vel
1002 4007 1078 4063 anto
1093 3996 1141 4061 vol
1157 4005 1229 4082 post
1245 3996 1374 4059 excidit.
1414 3997 1448 4060 A

396 4118 492 4181 scopo
507 4097 637 4161 aberrat
653 4098 792 4163 Latinus
808 4099 972 4184 interpres.
1020 4100 1120 4163 Paulo
1136 4120 1233 4185 supra
1248 4098 1449 4181 ὀντιμάχηται

396 4222 454 4288 pro
468 4199 662 4282 ὰντιμόχεται
676 4200 920 4284 imprimendum
936 4203 1054 4265 curavi.

441 4303 477 4365 P.
496 4319 568 4384 292.
592 4302 611 4365 l.
627 4322 657 4386 3.
682 4306 699 4365 ὁ
723 4302 765 4369 ὢν
792 4305 840 4366 ἐπὶ
862 4303 982 4367 πάντων
1006 4304 1098 4387 Θεὸς]
1123 4302 1195 4365 Hoc
1217 4298 1354 4385 apostoli
1376 4297 1449 4362 loco

396 4401 557 4469 Christum
585 4426 679 4488 super
704 4404 811 4468 omnia
835 4404 939 4471 Deum
965 4404 1125 4489 appellari,
1151 4412 1227 4466 ante
1252 4404 1311 4465 hos
1337 4406 1449 4488 patres

395 4502 570 4567 docuerant
592 4504 818 4582 Tertullianus,
842 4506 1047 4590 Hippolytus,
1071 4506 1351 4588 Novatianusque;
1376 4501 1448 4585 qui·

395 4604 455 4671 bus
481 4605 554 4667 addi
580 4615 741 4671 merentur
768 4609 824 4670 SS.
849 4608 989 4672 Irenaeus
1017 4617 1049 4672 ot
1076 4607 1264 4691 Cyprianus.
1311 4602 1448 4668 Celebre
