<?xml version="1.0" encoding="UTF-8"?>
<!DOCTYPE html PUBLIC "-//W3C//DTD XHTML 1.0 Transitional//EN"
    "http://www.w3.org/TR/xhtml1/DTD/xhtml1-transitional.dtd">
<html xmlns="http://www.w3.org/1999/xhtml" xml:lang="en" lang="en">
 <head>
  <title>
</title>
<meta http-equiv="Content-Type" content="text/html;charset=utf-8" />
  <meta name='ocr-system' content='tesseract 3.04.00' />
  <meta name='ocr-capabilities' content='ocr_page ocr_carea ocr_par ocr_line ocrx_word'/>
</head>
<body>
  <div class='ocr_page' id='page_1' title='image "./reliquiaesacrae08routgoog_0043.png"; bbox 0 0 3700 5667; ppageno 0'>
   <div class='ocr_carea' id='block_1_1' title="bbox 592 652 1451 718">
    <p class='ocr_par' dir='ltr' id='par_1_1' title="bbox 592 652 1451 718">
     <span class='ocr_line' id='line_1_1' title="bbox 592 652 1451 718; baseline -0.001 -2"><span class='ocrx_word' id='word_1_1' title='bbox 592 654 641 716; x_wconf 80' lang='lat' dir='ltr'>IN</span> <span class='ocrx_word' id='word_1_2' title='bbox 665 654 698 718; x_wconf 94' lang='lat' dir='ltr'>S.</span> <span class='ocrx_word' id='word_1_3' title='bbox 721 653 936 718; x_wconf 82' lang='lat' dir='ltr'>CORNELII</span> <span class='ocrx_word' id='word_1_4' title='bbox 963 652 1262 717; x_wconf 81' lang='lat' dir='ltr'><strong>FRAGMENTA.</strong></span> <span class='ocrx_word' id='word_1_5' title='bbox 1407 653 1451 715; x_wconf 74' lang='lat'>35</span> 
     </span>
    </p>
   </div>
   <div class='ocr_carea' id='block_1_2' title="bbox 388 822 1451 4751">
    <p class='ocr_par' dir='ltr' id='par_1_2' title="bbox 397 822 1451 1622">
     <span class='ocr_line' id='line_1_2' title="bbox 398 822 1451 909; baseline 0.001 -24"><span class='ocrx_word' id='word_1_6' title='bbox 398 822 527 906; x_wconf 90' lang='lat' dir='ltr'>quidem</span> <span class='ocrx_word' id='word_1_7' title='bbox 554 826 674 890; x_wconf 81' lang='lat' dir='ltr'>Oenone</span> <span class='ocrx_word' id='word_1_8' title='bbox 697 827 748 890; x_wconf 82' lang='lat'>82.</span> <span class='ocrx_word' id='word_1_9' title='bbox 770 824 823 908; x_wconf 92' lang='lat' dir='ltr'>qui</span> <span class='ocrx_word' id='word_1_10' title='bbox 846 824 963 889; x_wconf 89' lang='lat' dir='ltr'>dicitur</span> <span class='ocrx_word' id='word_1_11' title='bbox 981 824 1197 909; x_wconf 74' lang='lat' dir='ltr'>Apostohrmm,</span> <span class='ocrx_word' id='word_1_12' title='bbox 1214 822 1310 886; x_wconf 89' lang='lat' dir='ltr'>etiam</span> <span class='ocrx_word' id='word_1_13' title='bbox 1334 822 1451 886; x_wconf 87' lang='lat' dir='ltr'>manci·</span> 
     </span>
     <span class='ocr_line' id='line_1_3' title="bbox 397 924 1450 1008; baseline 0 -22"><span class='ocrx_word' id='word_1_14' title='bbox 397 924 456 1008; x_wconf 90' lang='lat' dir='ltr'>piis</span> <span class='ocrx_word' id='word_1_15' title='bbox 478 947 554 989; x_wconf 89' lang='lat' dir='ltr'>cum</span> <span class='ocrx_word' id='word_1_16' title='bbox 577 927 777 991; x_wconf 89' lang='lat' dir='ltr'>dominorum</span> <span class='ocrx_word' id='word_1_17' title='bbox 802 948 957 990; x_wconf 88' lang='lat' dir='ltr'>consensu</span> <span class='ocrx_word' id='word_1_18' title='bbox 980 925 1027 989; x_wconf 90' lang='lat' dir='ltr'>vel</span> <span class='ocrx_word' id='word_1_19' title='bbox 1054 927 1096 989; x_wconf 90' lang='lat' dir='ltr'>ad</span> <span class='ocrx_word' id='word_1_20' title='bbox 1121 924 1298 1008; x_wconf 87' lang='lat' dir='ltr'>superiores</span> <span class='ocrx_word' id='word_1_21' title='bbox 1323 924 1450 987; x_wconf 79' lang='lat' dir='ltr'>ordines</span> 
     </span>
     <span class='ocr_line' id='line_1_4' title="bbox 397 1025 1450 1113; baseline -0.003 -22"><span class='ocrx_word' id='word_1_22' title='bbox 397 1026 630 1093; x_wconf 83' lang='lat' dir='ltr'>ecclesiasticos</span> <span class='ocrx_word' id='word_1_23' title='bbox 654 1029 807 1104; x_wconf 86' lang='lat' dir='ltr'>adscisei;</span> <span class='ocrx_word' id='word_1_24' title='bbox 841 1037 883 1105; x_wconf 89' lang='lat' dir='ltr'>et,</span> <span class='ocrx_word' id='word_1_25' title='bbox 907 1036 944 1093; x_wconf 90' lang='lat' dir='ltr'>ut</span> <span class='ocrx_word' id='word_1_26' title='bbox 970 1027 1159 1113; x_wconf 86' lang='lat' dir='ltr'>significavit</span> <span class='ocrx_word' id='word_1_27' title='bbox 1182 1027 1399 1103; x_wconf 77' lang='lat' dir='ltr'><strong>Constantius,</strong></span> <span class='ocrx_word' id='word_1_28' title='bbox 1415 1025 1450 1088; x_wconf 89' lang='lat' dir='ltr'>li·</span> 
     </span>
     <span class='ocr_line' id='line_1_5' title="bbox 398 1128 1449 1212; baseline -0.001 -20"><span class='ocrx_word' id='word_1_29' title='bbox 398 1128 521 1207; x_wconf 82' lang='lat' dir='ltr'>bertus,</span> <span class='ocrx_word' id='word_1_30' title='bbox 548 1154 612 1195; x_wconf 91' lang='lat' dir='ltr'>non</span> <span class='ocrx_word' id='word_1_31' title='bbox 638 1154 747 1196; x_wconf 75' lang='lat' dir='ltr'>sersus</span> <span class='ocrx_word' id='word_1_32' title='bbox 774 1131 870 1195; x_wconf 75' lang='lat' dir='ltr'>fuisse</span> <span class='ocrx_word' id='word_1_33' title='bbox 896 1131 1100 1194; x_wconf 81' lang='lat' dir='ltr'>Nicostratus</span> <span class='ocrx_word' id='word_1_34' title='bbox 1125 1129 1261 1204; x_wconf 86' lang='lat' dir='ltr'>videtur,</span> <span class='ocrx_word' id='word_1_35' title='bbox 1284 1135 1382 1212; x_wconf 88' lang='lat' dir='ltr'>atque</span> <span class='ocrx_word' id='word_1_36' title='bbox 1410 1152 1449 1192; x_wconf 94' lang='lat' dir='ltr'>eo</span> 
     </span>
     <span class='ocr_line' id='line_1_6' title="bbox 397 1229 1448 1298; baseline 0 -5"><span class='ocrx_word' id='word_1_37' title='bbox 397 1229 504 1295; x_wconf 86' lang='lat' dir='ltr'>minus</span> <span class='ocrx_word' id='word_1_38' title='bbox 518 1232 562 1296; x_wconf 88' lang='lat' dir='ltr'>ab</span> <span class='ocrx_word' id='word_1_39' title='bbox 577 1233 791 1298; x_wconf 89' lang='lat' dir='ltr'>ecclesiastico</span> <span class='ocrx_word' id='word_1_40' title='bbox 809 1233 919 1297; x_wconf 87' lang='lat' dir='ltr'>ordine</span> <span class='ocrx_word' id='word_1_41' title='bbox 940 1232 1106 1295; x_wconf 89' lang='lat' dir='ltr'>arcendus.</span> <span class='ocrx_word' id='word_1_42' title='bbox 1151 1231 1214 1295; x_wconf 88' lang='lat' dir='ltr'>Sed</span> <span class='ocrx_word' id='word_1_43' title='bbox 1235 1239 1343 1294; x_wconf 90' lang='lat' dir='ltr'>tamen</span> <span class='ocrx_word' id='word_1_44' title='bbox 1364 1230 1448 1293; x_wconf 92' lang='lat' dir='ltr'>haud</span> 
     </span>
     <span class='ocr_line' id='line_1_7' title="bbox 398 1330 1449 1419; baseline 0 -25"><span class='ocrx_word' id='word_1_45' title='bbox 398 1332 501 1397; x_wconf 85' lang='lat' dir='ltr'>multo</span> <span class='ocrx_word' id='word_1_46' title='bbox 515 1344 590 1419; x_wconf 92' lang='lat' dir='ltr'>post</span> <span class='ocrx_word' id='word_1_47' title='bbox 606 1335 744 1399; x_wconf 84' lang='lat' dir='ltr'>Cornelii</span> <span class='ocrx_word' id='word_1_48' title='bbox 760 1343 906 1419; x_wconf 85' lang='lat' dir='ltr'>tempora</span> <span class='ocrx_word' id='word_1_49' title='bbox 920 1334 1007 1419; x_wconf 92' lang='lat' dir='ltr'>apud</span> <span class='ocrx_word' id='word_1_50' title='bbox 1023 1332 1186 1417; x_wconf 85' lang='lat' dir='ltr'>Hispanos</span> <span class='ocrx_word' id='word_1_51' title='bbox 1201 1330 1352 1416; x_wconf 82' lang='lat' dir='ltr'>prohibiti</span> <span class='ocrx_word' id='word_1_52' title='bbox 1373 1339 1449 1394; x_wconf 92' lang='lat' dir='ltr'>sunt</span> 
     </span>
     <span class='ocr_line' id='line_1_8' title="bbox 397 1432 1448 1521; baseline 0.001 -25"><span class='ocrx_word' id='word_1_53' title='bbox 397 1432 518 1512; x_wconf 89' lang='lat' dir='ltr'>liberti,</span> <span class='ocrx_word' id='word_1_54' title='bbox 533 1436 610 1500; x_wconf 86' lang='lat' dir='ltr'>vivis</span> <span class='ocrx_word' id='word_1_55' title='bbox 625 1437 752 1521; x_wconf 87' lang='lat' dir='ltr'>quidem</span> <span class='ocrx_word' id='word_1_56' title='bbox 767 1436 912 1521; x_wconf 87' lang='lat' dir='ltr'>patronis</span> <span class='ocrx_word' id='word_1_57' title='bbox 925 1437 967 1499; x_wconf 90' lang='lat' dir='ltr'>ad</span> <span class='ocrx_word' id='word_1_58' title='bbox 989 1435 1107 1499; x_wconf 90' lang='lat' dir='ltr'>clerum</span> <span class='ocrx_word' id='word_1_59' title='bbox 1127 1433 1313 1520; x_wconf 82' lang='lat' dir='ltr'>promoveri,</span> <span class='ocrx_word' id='word_1_60' title='bbox 1329 1433 1362 1496; x_wconf 91' lang='lat' dir='ltr'>id</span> <span class='ocrx_word' id='word_1_61' title='bbox 1383 1441 1448 1497; x_wconf 90' lang='lat' dir='ltr'>sta·</span> 
     </span>
     <span class='ocr_line' id='line_1_9' title="bbox 398 1537 1034 1622; baseline 0.003 -24"><span class='ocrx_word' id='word_1_62' title='bbox 398 1541 512 1601; x_wconf 87' lang='lat' dir='ltr'>tuente</span> <span class='ocrx_word' id='word_1_63' title='bbox 526 1559 648 1601; x_wconf 86' lang='lat' dir='ltr'>canone</span> <span class='ocrx_word' id='word_1_64' title='bbox 662 1538 836 1622; x_wconf 90' lang='lat' dir='ltr'>penultimo</span> <span class='ocrx_word' id='word_1_65' title='bbox 852 1537 1034 1601; x_wconf 85' lang='lat' dir='ltr'>Eliberano.</span> 
     </span>
    </p>

    <p class='ocr_par' dir='ltr' id='par_1_3' title="bbox 388 1636 1448 2132">
     <span class='ocr_line' id='line_1_10' title="bbox 441 1636 1448 1724; baseline 0.001 -25"><span class='ocrx_word' id='word_1_66' title='bbox 441 1636 482 1701; x_wconf 90' lang='lat' dir='ltr'>P.</span> <span class='ocrx_word' id='word_1_67' title='bbox 497 1639 548 1700; x_wconf 90' lang='lat'>16.</span> <span class='ocrx_word' id='word_1_68' title='bbox 558 1638 579 1703; x_wconf 92' lang='lat' dir='ltr'>l.</span> <span class='ocrx_word' id='word_1_69' title='bbox 595 1654 643 1721; x_wconf 87' lang='lat'>17.</span> <span class='ocrx_word' id='word_1_70' title='bbox 658 1639 701 1702; x_wconf 88' lang='lat' dir='ltr'>ad</span> <span class='ocrx_word' id='word_1_71' title='bbox 715 1647 903 1723; x_wconf 88' lang='lat' dir='ltr'>perpetuam</span> <span class='ocrx_word' id='word_1_72' title='bbox 919 1660 1046 1724; x_wconf 83' lang='lat' dir='ltr'>poenam</span> <span class='ocrx_word' id='word_1_73' title='bbox 1061 1637 1273 1724; x_wconf 89' lang='lat' dir='ltr'>reservatum]</span> <span class='ocrx_word' id='word_1_74' title='bbox 1290 1636 1448 1722; x_wconf 81' lang='lat' dir='ltr'>Rigaltius</span> 
     </span>
     <span class='ocr_line' id='line_1_11' title="bbox 399 1739 1448 1825; baseline 0.001 -24"><span class='ocrx_word' id='word_1_75' title='bbox 399 1739 611 1823; x_wconf 67' lang='lat' dir='ltr'>(Oppeiammn</span> <span class='ocrx_word' id='word_1_76' title='bbox 626 1741 679 1825; x_wconf 94' lang='lat' dir='ltr'>qui</span> <span class='ocrx_word' id='word_1_77' title='bbox 694 1741 850 1821; x_wconf 80' lang='lat' dir='ltr'>ediderat)</span> <span class='ocrx_word' id='word_1_78' title='bbox 865 1741 923 1814; x_wconf 87' lang='lat' dir='ltr'>ait,</span> <span class='ocrx_word' id='word_1_79' title='bbox 936 1741 998 1803; x_wconf 86' lang='lat' dir='ltr'>Dei</span> <span class='ocrx_word' id='word_1_80' title='bbox 1004 1740 1125 1823; x_wconf 81' lang='lat' dir='ltr'>judicio</span> <span class='ocrx_word' id='word_1_81' title='bbox 1140 1749 1331 1803; x_wconf 75' lang='lat' dir='ltr'>reserantem.</span> <span class='ocrx_word' id='word_1_82' title='bbox 1361 1741 1448 1802; x_wconf 86' lang='lat' dir='ltr'>Nem</span> 
     </span>
     <span class='ocr_line' id='line_1_12' title="bbox 397 1840 1448 1927; baseline -0.001 -22"><span class='ocrx_word' id='word_1_83' title='bbox 397 1840 539 1905; x_wconf 66' lang='lat' dir='ltr'>Ecclesia</span> <span class='ocrx_word' id='word_1_84' title='bbox 547 1842 735 1927; x_wconf 69' lang='lat' dir='ltr'>piemitmtim</span> <span class='ocrx_word' id='word_1_85' title='bbox 749 1852 866 1926; x_wconf 82' lang='lat' dir='ltr'>tempus</span> <span class='ocrx_word' id='word_1_86' title='bbox 885 1864 945 1905; x_wconf 82' lang='lat' dir='ltr'>mem</span> <span class='ocrx_word' id='word_1_87' title='bbox 964 1841 1058 1905; x_wconf 76' lang='lat' dir='ltr'>dudit.</span> <span class='ocrx_word' id='word_1_88' title='bbox 1103 1842 1170 1904; x_wconf 90' lang='lat' dir='ltr'>Nee</span> <span class='ocrx_word' id='word_1_89' title='bbox 1189 1851 1252 1904; x_wconf 85' lang='lat' dir='ltr'>tam</span> <span class='ocrx_word' id='word_1_90' title='bbox 1269 1863 1362 1925; x_wconf 73' lang='lat' dir='ltr'>preve</span> <span class='ocrx_word' id='word_1_91' title='bbox 1378 1863 1448 1925; x_wconf 87' lang='lat' dir='ltr'>pee-</span> 
     </span>
     <span class='ocr_line' id='line_1_13' title="bbox 398 1943 1448 2027; baseline 0 -20"><span class='ocrx_word' id='word_1_92' title='bbox 398 1953 500 2007; x_wconf 78' lang='lat' dir='ltr'>catum</span> <span class='ocrx_word' id='word_1_93' title='bbox 521 1945 614 2008; x_wconf 82' lang='lat' dir='ltr'>etiam</span> <span class='ocrx_word' id='word_1_94' title='bbox 632 1943 667 2006; x_wconf 82' lang='lat' dir='ltr'>im</span> <span class='ocrx_word' id='word_1_95' title='bbox 688 1955 780 2007; x_wconf 70' lang='lat' dir='ltr'>morte</span> <span class='ocrx_word' id='word_1_96' title='bbox 801 1944 941 2022; x_wconf 75' lang='lat' dir='ltr'>remittet,</span> <span class='ocrx_word' id='word_1_97' title='bbox 962 1945 1025 2008; x_wconf 83' lang='lat' dir='ltr'>miei</span> <span class='ocrx_word' id='word_1_98' title='bbox 1049 1943 1235 2008; x_wconf 73' lang='lat' dir='ltr'>restitutione</span> <span class='ocrx_word' id='word_1_99' title='bbox 1257 1943 1448 2027; x_wconf 80' lang='lat' dir='ltr'>satisfactam</span> 
     </span>
     <span class='ocr_line' id='line_1_14' title="bbox 388 2047 661 2132; baseline 0.007 -25"><span class='ocrx_word' id='word_1_100' title='bbox 388 2047 505 2132; x_wconf 66' lang='lat' dir='ltr'>J‘umit.</span> <span class='ocrx_word' id='word_1_101' title='bbox 530 2047 661 2110; x_wconf 80' lang='lat' dir='ltr'>Faunus.</span> 
     </span>
    </p>

    <p class='ocr_par' dir='ltr' id='par_1_4' title="bbox 396 2147 1449 3129">
     <span class='ocr_line' id='line_1_15' title="bbox 442 2147 1448 2234; baseline -0.001 -23"><span class='ocrx_word' id='word_1_102' title='bbox 442 2149 482 2211; x_wconf 85' lang='lat' dir='ltr'>P.</span> <span class='ocrx_word' id='word_1_103' title='bbox 501 2164 550 2231; x_wconf 87' lang='lat'>17.</span> <span class='ocrx_word' id='word_1_104' title='bbox 566 2148 587 2212; x_wconf 87' lang='lat' dir='ltr'>l.</span> <span class='ocrx_word' id='word_1_105' title='bbox 606 2168 634 2212; x_wconf 90' lang='lat'>1.</span> <span class='ocrx_word' id='word_1_106' title='bbox 655 2147 793 2213; x_wconf 88' lang='lat' dir='ltr'>eeclesiae</span> <span class='ocrx_word' id='word_1_107' title='bbox 820 2147 983 2234; x_wconf 89' lang='lat' dir='ltr'>deposita]</span> <span class='ocrx_word' id='word_1_108' title='bbox 1011 2149 1074 2212; x_wconf 90' lang='lat' dir='ltr'>Seu</span> <span class='ocrx_word' id='word_1_109' title='bbox 1101 2147 1330 2212; x_wconf 87' lang='lat' dir='ltr'>ecclesiasticas</span> <span class='ocrx_word' id='word_1_110' title='bbox 1355 2170 1448 2232; x_wconf 91' lang='lat' dir='ltr'>pecu·</span> 
     </span>
     <span class='ocr_line' id='line_1_16' title="bbox 397 2249 1449 2336; baseline -0.001 -23"><span class='ocrx_word' id='word_1_111' title='bbox 397 2249 479 2327; x_wconf 88' lang='lat' dir='ltr'>nias,</span> <span class='ocrx_word' id='word_1_112' title='bbox 506 2272 577 2334; x_wconf 85' lang='lat' dir='ltr'>quae</span> <span class='ocrx_word' id='word_1_113' title='bbox 608 2250 774 2314; x_wconf 78' lang='lat' dir='ltr'>viduorum</span> <span class='ocrx_word' id='word_1_114' title='bbox 801 2261 829 2315; x_wconf 87' lang='lat' dir='ltr'>et</span> <span class='ocrx_word' id='word_1_115' title='bbox 847 2251 1039 2336; x_wconf 78' lang='lat' dir='ltr'>pupillorum</span> <span class='ocrx_word' id='word_1_116' title='bbox 1065 2251 1200 2336; x_wconf 72' lang='lat' dir='ltr'>deposito</span> <span class='ocrx_word' id='word_1_117' title='bbox 1225 2250 1449 2327; x_wconf 74' lang='lat' dir='ltr'>censebantur,</span> 
     </span>
     <span class='ocr_line' id='line_1_17' title="bbox 397 2351 1448 2438; baseline 0.001 -23"><span class='ocrx_word' id='word_1_118' title='bbox 397 2352 474 2438; x_wconf 88' lang='lat' dir='ltr'>quia</span> <span class='ocrx_word' id='word_1_119' title='bbox 488 2373 597 2416; x_wconf 90' lang='lat' dir='ltr'>eorum</span> <span class='ocrx_word' id='word_1_120' title='bbox 613 2351 878 2416; x_wconf 88' lang='lat' dir='ltr'>sublevandorum</span> <span class='ocrx_word' id='word_1_121' title='bbox 893 2354 1000 2438; x_wconf 82' lang='lat' dir='ltr'>gratia</span> <span class='ocrx_word' id='word_1_122' title='bbox 1017 2354 1238 2428; x_wconf 79' lang='lat' dir='ltr'>servabantur,</span> <span class='ocrx_word' id='word_1_123' title='bbox 1255 2359 1293 2417; x_wconf 93' lang='lat' dir='ltr'>ut</span> <span class='ocrx_word' id='word_1_124' title='bbox 1312 2374 1352 2415; x_wconf 86' lang='lat' dir='ltr'>ex</span> <span class='ocrx_word' id='word_1_125' title='bbox 1374 2351 1448 2416; x_wconf 92' lang='lat' dir='ltr'>sub·</span> 
     </span>
     <span class='ocr_line' id='line_1_18' title="bbox 397 2451 1447 2541; baseline 0 -25"><span class='ocrx_word' id='word_1_126' title='bbox 397 2453 542 2538; x_wconf 83' lang='lat' dir='ltr'>sequenti</span> <span class='ocrx_word' id='word_1_127' title='bbox 558 2451 707 2538; x_wconf 86' lang='lat' dir='ltr'>Epistola</span> <span class='ocrx_word' id='word_1_128' title='bbox 721 2455 772 2519; x_wconf 88' lang='lat' dir='ltr'>vii.</span> <span class='ocrx_word' id='word_1_129' title='bbox 788 2479 819 2518; x_wconf 90' lang='lat' dir='ltr'>u.</span> <span class='ocrx_word' id='word_1_130' title='bbox 840 2477 867 2519; x_wconf 92' lang='lat'>1.</span> <span class='ocrx_word' id='word_1_131' title='bbox 883 2455 1030 2541; x_wconf 86' lang='lat' dir='ltr'>colligere</span> <span class='ocrx_word' id='word_1_132' title='bbox 1046 2463 1106 2530; x_wconf 88' lang='lat' dir='ltr'>est,</span> <span class='ocrx_word' id='word_1_133' title='bbox 1123 2458 1192 2535; x_wconf 83' lang='lat'><strong>(49.</strong></span> <span class='ocrx_word' id='word_1_134' title='bbox 1209 2451 1303 2517; x_wconf 89' lang='lat' dir='ltr'>aliter</span> <span class='ocrx_word' id='word_1_135' title='bbox 1315 2471 1368 2538; x_wconf 80' lang='lat'>52.</span> <span class='ocrx_word' id='word_1_136' title='bbox 1382 2454 1447 2538; x_wconf 84' lang='lat' dir='ltr'>Ep.</span> 
     </span>
     <span class='ocr_line' id='line_1_19' title="bbox 400 2554 1448 2639; baseline 0.001 -22"><span class='ocrx_word' id='word_1_137' title='bbox 400 2554 510 2639; x_wconf 70' lang='lat' dir='ltr'>Oppr.)</span> <span class='ocrx_word' id='word_1_138' title='bbox 526 2556 780 2622; x_wconf 84' lang='lat' dir='ltr'>-Niooatratmm</span> <span class='ocrx_word' id='word_1_139' title='bbox 796 2580 864 2622; x_wconf 80' lang='lat' dir='ltr'>cero</span> <span class='ocrx_word' id='word_1_140' title='bbox 883 2558 1021 2621; x_wconf 81' lang='lat' dir='ltr'>dioemio</span> <span class='ocrx_word' id='word_1_141' title='bbox 1040 2566 1153 2621; x_wconf 78' lang='lat' dir='ltr'>mmetoe</span> <span class='ocrx_word' id='word_1_142' title='bbox 1172 2555 1448 2619; x_wconf 71' lang='lat' dir='ltr'>adrnimmtimtimtia</span> 
     </span>
     <span class='ocr_line' id='line_1_20' title="bbox 396 2655 1448 2744; baseline 0 -24"><span class='ocrx_word' id='word_1_143' title='bbox 396 2657 507 2720; x_wconf 65' lang='lat' dir='ltr'>amasso</span> <span class='ocrx_word' id='word_1_144' title='bbox 535 2658 738 2722; x_wconf 79' lang='lat' dir='ltr'>ecelesiasticis</span> <span class='ocrx_word' id='word_1_145' title='bbox 755 2660 898 2744; x_wconf 76' lang='lat' dir='ltr'>pecuniis</span> <span class='ocrx_word' id='word_1_146' title='bbox 921 2659 1069 2744; x_wconf 65' lang='lat' dir='ltr'>sacrilegia</span> <span class='ocrx_word' id='word_1_147' title='bbox 1085 2657 1207 2741; x_wconf 77' lang='lat' dir='ltr'>fraude</span> <span class='ocrx_word' id='word_1_148' title='bbox 1234 2655 1403 2731; x_wconf 75' lang='lat' dir='ltr'>subtractis,</span> <span class='ocrx_word' id='word_1_149' title='bbox 1420 2666 1448 2720; x_wconf 88' lang='lat' dir='ltr'>et</span> 
     </span>
     <span class='ocr_line' id='line_1_21' title="bbox 396 2760 1447 2847; baseline -0.003 -23"><span class='ocrx_word' id='word_1_150' title='bbox 396 2760 615 2824; x_wconf 79' lang='lat' dir='ltr'>eiduarmmae</span> <span class='ocrx_word' id='word_1_151' title='bbox 626 2761 823 2845; x_wconf 76' lang='lat' dir='ltr'>pupilhzrum</span> <span class='ocrx_word' id='word_1_152' title='bbox 845 2763 985 2847; x_wconf 65' lang='lat' dir='ltr'>depositis</span> <span class='ocrx_word' id='word_1_153' title='bbox 1000 2773 1104 2847; x_wconf 82' lang='lat' dir='ltr'>postea</span> <span class='ocrx_word' id='word_1_154' title='bbox 1126 2760 1287 2845; x_wconf 70' lang='lat' dir='ltr'>dmmpatm,</span> <span class='ocrx_word' id='word_1_155' title='bbox 1303 2780 1362 2822; x_wconf 82' lang='lat' dir='ltr'>mon</span> <span class='ocrx_word' id='word_1_156' title='bbox 1384 2769 1447 2822; x_wconf 79' lang='lat' dir='ltr'>tum</span> 
     </span>
     <span class='ocr_line' id='line_1_22' title="bbox 396 2860 1446 2945; baseline -0.001 -21"><span class='ocrx_word' id='word_1_157' title='bbox 396 2863 432 2925; x_wconf 82' lang='lat' dir='ltr'>im</span> <span class='ocrx_word' id='word_1_158' title='bbox 447 2862 592 2945; x_wconf 70' lang='lat' dir='ltr'>Africam</span> <span class='ocrx_word' id='word_1_159' title='bbox 607 2863 664 2926; x_wconf 76' lang='lat' dir='ltr'>bec.</span> <span class='ocrx_word' id='word_1_160' title='bbox 707 2865 775 2927; x_wconf 92' lang='lat' dir='ltr'>Nec</span> <span class='ocrx_word' id='word_1_161' title='bbox 791 2863 916 2927; x_wconf 87' lang='lat' dir='ltr'>difficile</span> <span class='ocrx_word' id='word_1_162' title='bbox 932 2871 1002 2928; x_wconf 89' lang='lat' dir='ltr'>erat</span> <span class='ocrx_word' id='word_1_163' title='bbox 1018 2864 1162 2935; x_wconf 90' lang='lat' dir='ltr'>diacono,</span> <span class='ocrx_word' id='word_1_164' title='bbox 1175 2860 1224 2925; x_wconf 94' lang='lat' dir='ltr'>cui</span> <span class='ocrx_word' id='word_1_165' title='bbox 1241 2860 1446 2945; x_wconf 77' lang='lat' dir='ltr'>pecuniarum</span> 
     </span>
     <span class='ocr_line' id='line_1_23' title="bbox 396 2962 1444 3050; baseline -0.001 -24"><span class='ocrx_word' id='word_1_166' title='bbox 396 2963 523 3027; x_wconf 88' lang='lat' dir='ltr'>illarum</span> <span class='ocrx_word' id='word_1_167' title='bbox 549 2964 744 3048; x_wconf 85' lang='lat' dir='ltr'>dispensatio</span> <span class='ocrx_word' id='word_1_168' title='bbox 766 2966 967 3042; x_wconf 87' lang='lat' dir='ltr'>credebatur,</span> <span class='ocrx_word' id='word_1_169' title='bbox 985 2965 1166 3050; x_wconf 88' lang='lat' dir='ltr'>hujusmodi</span> <span class='ocrx_word' id='word_1_170' title='bbox 1189 2963 1336 3048; x_wconf 88' lang='lat' dir='ltr'>deposita</span> <span class='ocrx_word' id='word_1_171' title='bbox 1357 2962 1444 3026; x_wconf 75' lang='lat' dir='ltr'>irau-</span> 
     </span>
     <span class='ocr_line' id='line_1_24' title="bbox 397 3063 684 3129; baseline 0.01 -3"><span class='ocrx_word' id='word_1_172' title='bbox 397 3064 485 3127; x_wconf 89' lang='lat' dir='ltr'>dare.</span> <span class='ocrx_word' id='word_1_173' title='bbox 509 3063 684 3129; x_wconf 74' lang='lat' dir='ltr'>Gousrssr.</span> 
     </span>
    </p>

    <p class='ocr_par' dir='ltr' id='par_1_5' title="bbox 396 3166 1448 4669">
     <span class='ocr_line' id='line_1_25' title="bbox 443 3166 1446 3254; baseline -0.001 -25"><span class='ocrx_word' id='word_1_174' title='bbox 443 3166 527 3229; x_wconf 89' lang='lat' dir='ltr'>Ibid.</span> <span class='ocrx_word' id='word_1_175' title='bbox 543 3167 564 3230; x_wconf 90' lang='lat' dir='ltr'>l.</span> <span class='ocrx_word' id='word_1_176' title='bbox 581 3185 610 3231; x_wconf 83' lang='lat'>2.</span> <span class='ocrx_word' id='word_1_177' title='bbox 627 3175 790 3231; x_wconf 82' lang='lat' dir='ltr'>auctorem</span> <span class='ocrx_word' id='word_1_178' title='bbox 813 3168 1009 3254; x_wconf 89' lang='lat' dir='ltr'>schismatis]</span> <span class='ocrx_word' id='word_1_179' title='bbox 1033 3169 1123 3233; x_wconf 81' lang='lat' dir='ltr'>Oolb.</span> <span class='ocrx_word' id='word_1_180' title='bbox 1147 3169 1218 3232; x_wconf 88' lang='lat' dir='ltr'>MS.</span> <span class='ocrx_word' id='word_1_181' title='bbox 1237 3189 1305 3231; x_wconf 83' lang='lat' dir='ltr'>cmm</span> <span class='ocrx_word' id='word_1_182' title='bbox 1326 3175 1446 3230; x_wconf 76' lang='lat' dir='ltr'>memore</span> 
     </span>
     <span class='ocr_line' id='line_1_26' title="bbox 396 3267 1446 3352; baseline -0.002 -20"><span class='ocrx_word' id='word_1_183' title='bbox 396 3268 573 3332; x_wconf 72' lang='lat' dir='ltr'>schismatis.</span> <span class='ocrx_word' id='word_1_184' title='bbox 619 3267 786 3333; x_wconf 85' lang='lat' dir='ltr'>Evaristus</span> <span class='ocrx_word' id='word_1_185' title='bbox 807 3278 920 3334; x_wconf 86' lang='lat' dir='ltr'>auctor</span> <span class='ocrx_word' id='word_1_186' title='bbox 942 3270 1121 3335; x_wconf 86' lang='lat' dir='ltr'>schismatis</span> <span class='ocrx_word' id='word_1_187' title='bbox 1142 3271 1268 3345; x_wconf 90' lang='lat' dir='ltr'>dieitur,</span> <span class='ocrx_word' id='word_1_188' title='bbox 1288 3276 1446 3352; x_wconf 88' lang='lat' dir='ltr'>quatenus</span> 
     </span>
     <span class='ocr_line' id='line_1_27' title="bbox 396 3368 1444 3457; baseline -0.004 -24"><span class='ocrx_word' id='word_1_189' title='bbox 396 3370 469 3433; x_wconf 88' lang='lat' dir='ltr'>aliis</span> <span class='ocrx_word' id='word_1_190' title='bbox 482 3376 596 3433; x_wconf 88' lang='lat' dir='ltr'>auctor</span> <span class='ocrx_word' id='word_1_191' title='bbox 611 3368 671 3433; x_wconf 83' lang='lat' dir='ltr'>tuit</span> <span class='ocrx_word' id='word_1_192' title='bbox 685 3377 723 3433; x_wconf 91' lang='lat' dir='ltr'>ut</span> <span class='ocrx_word' id='word_1_193' title='bbox 734 3370 810 3433; x_wconf 92' lang='lat' dir='ltr'>illud</span> <span class='ocrx_word' id='word_1_194' title='bbox 821 3381 1040 3457; x_wconf 84' lang='lat' dir='ltr'>sequerentur.</span> <span class='ocrx_word' id='word_1_195' title='bbox 1078 3372 1188 3455; x_wconf 92' lang='lat' dir='ltr'>Neque</span> <span class='ocrx_word' id='word_1_196' title='bbox 1199 3371 1260 3433; x_wconf 91' lang='lat' dir='ltr'>hac</span> <span class='ocrx_word' id='word_1_197' title='bbox 1272 3368 1444 3443; x_wconf 83' lang='lat' dir='ltr'>molitione,</span> 
     </span>
     <span class='ocr_line' id='line_1_28' title="bbox 397 3468 1446 3559; baseline -0.006 -23"><span class='ocrx_word' id='word_1_198' title='bbox 397 3472 496 3536; x_wconf 86' lang='lat' dir='ltr'>etiarn</span> <span class='ocrx_word' id='word_1_199' title='bbox 512 3480 683 3556; x_wconf 89' lang='lat' dir='ltr'>postquam</span> <span class='ocrx_word' id='word_1_200' title='bbox 697 3472 737 3535; x_wconf 94' lang='lat' dir='ltr'>de</span> <span class='ocrx_word' id='word_1_201' title='bbox 752 3472 938 3559; x_wconf 88' lang='lat' dir='ltr'>episcopatu</span> <span class='ocrx_word' id='word_1_202' title='bbox 953 3474 1096 3558; x_wconf 86' lang='lat' dir='ltr'>dejectus</span> <span class='ocrx_word' id='word_1_203' title='bbox 1110 3481 1170 3546; x_wconf 89' lang='lat' dir='ltr'>est,</span> <span class='ocrx_word' id='word_1_204' title='bbox 1182 3469 1320 3535; x_wconf 87' lang='lat' dir='ltr'>abstitit.</span> <span class='ocrx_word' id='word_1_205' title='bbox 1359 3468 1446 3538; x_wconf 87' lang='lat' dir='ltr'>Quo-</span> 
     </span>
     <span class='ocr_line' id='line_1_29' title="bbox 398 3568 1447 3658; baseline -0.005 -21"><span class='ocrx_word' id='word_1_206' title='bbox 398 3574 483 3638; x_wconf 88' lang='lat' dir='ltr'>circa</span> <span class='ocrx_word' id='word_1_207' title='bbox 499 3572 676 3657; x_wconf 82' lang='lat' dir='ltr'>Cyprianus</span> <span class='ocrx_word' id='word_1_208' title='bbox 691 3572 773 3635; x_wconf 81' lang='lat' dir='ltr'>infra</span> <span class='ocrx_word' id='word_1_209' title='bbox 785 3573 889 3658; x_wconf 90' lang='lat' dir='ltr'>Epist.</span> <span class='ocrx_word' id='word_1_210' title='bbox 902 3573 953 3637; x_wconf 88' lang='lat' dir='ltr'>vii.</span> <span class='ocrx_word' id='word_1_211' title='bbox 966 3574 1049 3658; x_wconf 77' lang='lat'><strong>(49.)</strong></span> <span class='ocrx_word' id='word_1_212' title='bbox 1063 3571 1210 3635; x_wconf 87' lang='lat' dir='ltr'>rescribit</span> <span class='ocrx_word' id='word_1_213' title='bbox 1225 3591 1297 3632; x_wconf 88' lang='lat' dir='ltr'>eum</span> <span class='ocrx_word' id='word_1_214' title='bbox 1308 3568 1447 3632; x_wconf 80' lang='lat' dir='ltr'>veritatis</span> 
     </span>
     <span class='ocr_line' id='line_1_30' title="bbox 397 3669 1446 3760; baseline -0.003 -22"><span class='ocrx_word' id='word_1_215' title='bbox 397 3674 523 3760; x_wconf 79' lang='lat' dir='ltr'>aefidei</span> <span class='ocrx_word' id='word_1_216' title='bbox 541 3675 729 3758; x_wconf 70' lang='lat' dir='ltr'>mafroqam</span> <span class='ocrx_word' id='word_1_217' title='bbox 741 3675 866 3757; x_wconf 80' lang='lat' dir='ltr'>sactum</span> <span class='ocrx_word' id='word_1_218' title='bbox 885 3675 968 3738; x_wconf 83' lang='lat' dir='ltr'>eirea</span> <span class='ocrx_word' id='word_1_219' title='bbox 986 3674 1130 3759; x_wconf 79' lang='lat' dir='ltr'>quosdam</span> <span class='ocrx_word' id='word_1_220' title='bbox 1148 3671 1198 3735; x_wconf 80' lang='lat' dir='ltr'>aei</span> <span class='ocrx_word' id='word_1_221' title='bbox 1216 3669 1329 3734; x_wconf 79' lang='lat' dir='ltr'>similes</span> <span class='ocrx_word' id='word_1_222' title='bbox 1346 3670 1446 3754; x_wconf 82' lang='lat' dir='ltr'>pario</span> 
     </span>
     <span class='ocr_line' id='line_1_31' title="bbox 399 3771 1446 3860; baseline -0.004 -20"><span class='ocrx_word' id='word_1_223' title='bbox 399 3775 571 3860; x_wconf 70' lang='lat' dir='ltr'>mauseupia</span> <span class='ocrx_word' id='word_1_224' title='bbox 585 3797 760 3839; x_wconf 73' lang='lat' dir='ltr'>oosmrsnn.</span> <span class='ocrx_word' id='word_1_225' title='bbox 805 3775 970 3839; x_wconf 86' lang='lat' dir='ltr'>Praeterea</span> <span class='ocrx_word' id='word_1_226' title='bbox 984 3777 1011 3838; x_wconf 92' lang='lat' dir='ltr'>si</span> <span class='ocrx_word' id='word_1_227' title='bbox 1027 3774 1194 3839; x_wconf 87' lang='lat' dir='ltr'>Evaristus</span> <span class='ocrx_word' id='word_1_228' title='bbox 1210 3772 1282 3847; x_wconf 89' lang='lat' dir='ltr'>iste,</span> <span class='ocrx_word' id='word_1_229' title='bbox 1297 3780 1334 3835; x_wconf 93' lang='lat' dir='ltr'>ut</span> <span class='ocrx_word' id='word_1_230' title='bbox 1354 3771 1446 3836; x_wconf 89' lang='lat' dir='ltr'>valde</span> 
     </span>
     <span class='ocr_line' id='line_1_32' title="bbox 399 3875 1445 3962; baseline -0.006 -21"><span class='ocrx_word' id='word_1_231' title='bbox 399 3876 561 3962; x_wconf 88' lang='lat' dir='ltr'>probabile</span> <span class='ocrx_word' id='word_1_232' title='bbox 575 3885 635 3954; x_wconf 89' lang='lat' dir='ltr'>est,</span> <span class='ocrx_word' id='word_1_233' title='bbox 651 3876 820 3942; x_wconf 88' lang='lat' dir='ltr'>Novatiani</span> <span class='ocrx_word' id='word_1_234' title='bbox 842 3877 1009 3942; x_wconf 89' lang='lat' dir='ltr'>ordinator</span> <span class='ocrx_word' id='word_1_235' title='bbox 1028 3877 1100 3953; x_wconf 81' lang='lat' dir='ltr'>suit,</span> <span class='ocrx_word' id='word_1_236' title='bbox 1115 3875 1237 3939; x_wconf 71' lang='lat' dir='ltr'>heresis</span> <span class='ocrx_word' id='word_1_237' title='bbox 1256 3885 1361 3939; x_wconf 81' lang='lat' dir='ltr'>emtor</span> <span class='ocrx_word' id='word_1_238' title='bbox 1381 3896 1445 3938; x_wconf 91' lang='lat' dir='ltr'>non</span> 
     </span>
     <span class='ocr_line' id='line_1_33' title="bbox 400 3976 1445 4063; baseline -0.005 -20"><span class='ocrx_word' id='word_1_239' title='bbox 400 3978 557 4043; x_wconf 81' lang='lat' dir='ltr'>immerite</span> <span class='ocrx_word' id='word_1_240' title='bbox 573 3978 762 4063; x_wconf 84' lang='lat' dir='ltr'>appellatur,</span> <span class='ocrx_word' id='word_1_241' title='bbox 779 3980 832 4063; x_wconf 93' lang='lat' dir='ltr'>qui</span> <span class='ocrx_word' id='word_1_242' title='bbox 853 3979 913 4042; x_wconf 91' lang='lat' dir='ltr'>hac</span> <span class='ocrx_word' id='word_1_243' title='bbox 933 3978 1133 4042; x_wconf 90' lang='lat' dir='ltr'>ordinatione</span> <span class='ocrx_word' id='word_1_244' title='bbox 1153 3977 1256 4041; x_wconf 89' lang='lat' dir='ltr'>locum</span> <span class='ocrx_word' id='word_1_245' title='bbox 1275 3976 1388 4040; x_wconf 84' lang='lat' dir='ltr'>haeresi</span> <span class='ocrx_word' id='word_1_246' title='bbox 1411 3984 1445 4039; x_wconf 90' lang='lat' dir='ltr'>et</span> 
     </span>
     <span class='ocr_line' id='line_1_34' title="bbox 400 4076 1445 4162; baseline -0.006 -17"><span class='ocrx_word' id='word_1_247' title='bbox 400 4079 624 4145; x_wconf 86' lang='lat' dir='ltr'>auctoritatem</span> <span class='ocrx_word' id='word_1_248' title='bbox 639 4079 784 4162; x_wconf 86' lang='lat' dir='ltr'>praebuit.</span> <span class='ocrx_word' id='word_1_249' title='bbox 808 4079 983 4143; x_wconf 72' lang='lat' dir='ltr'>Oousrssr.</span> <span class='ocrx_word' id='word_1_250' title='bbox 1029 4078 1187 4140; x_wconf 87' lang='lat' dir='ltr'>Paciauus</span> <span class='ocrx_word' id='word_1_251' title='bbox 1202 4077 1234 4139; x_wconf 94' lang='lat' dir='ltr'>in</span> <span class='ocrx_word' id='word_1_252' title='bbox 1252 4076 1388 4160; x_wconf 91' lang='lat' dir='ltr'>epistola</span> <span class='ocrx_word' id='word_1_253' title='bbox 1402 4076 1445 4140; x_wconf 90' lang='lat' dir='ltr'>ad</span> 
     </span>
     <span class='ocr_line' id='line_1_35' title="bbox 402 4177 1446 4267; baseline -0.008 -21"><span class='ocrx_word' id='word_1_254' title='bbox 402 4181 672 4267; x_wconf 80' lang='lat' dir='ltr'>symphonianum</span> <span class='ocrx_word' id='word_1_255' title='bbox 692 4197 806 4244; x_wconf 84' lang='lat' dir='ltr'>contra</span> <span class='ocrx_word' id='word_1_256' title='bbox 825 4187 986 4244; x_wconf 87' lang='lat' dir='ltr'>tractatus</span> <span class='ocrx_word' id='word_1_257' title='bbox 1009 4179 1278 4242; x_wconf 87' lang='lat' dir='ltr'>Novatiauorum:</span> <span class='ocrx_word' id='word_1_258' title='bbox 1310 4177 1376 4260; x_wconf 76' lang='lat' dir='ltr'>Epo</span> <span class='ocrx_word' id='word_1_259' title='bbox 1395 4198 1446 4238; x_wconf 84' lang='lat' dir='ltr'>me-</span> 
     </span>
     <span class='ocr_line' id='line_1_36' title="bbox 400 4278 1448 4368; baseline -0.007 -21"><span class='ocrx_word' id='word_1_260' title='bbox 400 4285 458 4348; x_wconf 82' lang='lat' dir='ltr'>seio</span> <span class='ocrx_word' id='word_1_261' title='bbox 482 4281 561 4368; x_wconf 82' lang='lat' dir='ltr'>quid</span> <span class='ocrx_word' id='word_1_262' title='bbox 579 4282 776 4344; x_wconf 74' lang='lat' dir='ltr'>Novae-taem</span> <span class='ocrx_word' id='word_1_263' title='bbox 800 4283 902 4365; x_wconf 67' lang='lat' dir='ltr'>merit,</span> <span class='ocrx_word' id='word_1_264' title='bbox 927 4281 1004 4366; x_wconf 83' lang='lat' dir='ltr'>qaid</span> <span class='ocrx_word' id='word_1_265' title='bbox 1025 4283 1166 4344; x_wconf 78' lang='lat' dir='ltr'>Necatus</span> <span class='ocrx_word' id='word_1_266' title='bbox 1186 4278 1355 4355; x_wconf 73' lang='lat' dir='ltr'>admiserit,</span> <span class='ocrx_word' id='word_1_267' title='bbox 1371 4278 1448 4363; x_wconf 79' lang='lat' dir='ltr'>quid</span> 
     </span>
     <span class='ocr_line' id='line_1_37' title="bbox 401 4379 1446 4467; baseline -0.006 -18"><span class='ocrx_word' id='word_1_268' title='bbox 401 4386 566 4449; x_wconf 78' lang='lat' dir='ltr'>anrietue</span> <span class='ocrx_word' id='word_1_269' title='bbox 579 4383 733 4455; x_wconf 80' lang='lat' dir='ltr'>tmmmerit,</span> <span class='ocrx_word' id='word_1_270' title='bbox 746 4383 823 4467; x_wconf 81' lang='lat' dir='ltr'>quid</span> <span class='ocrx_word' id='word_1_271' title='bbox 837 4384 877 4445; x_wconf 89' lang='lat' dir='ltr'><em>N</em></span> <span class='ocrx_word' id='word_1_272' title='bbox 875 4383 1032 4445; x_wconf 78' lang='lat' dir='ltr'>ieostratus</span> <span class='ocrx_word' id='word_1_273' title='bbox 1045 4381 1207 4443; x_wconf 75' lang='lat' dir='ltr'>remetiarit.</span> <span class='ocrx_word' id='word_1_274' title='bbox 1246 4379 1291 4442; x_wconf 91' lang='lat' dir='ltr'>Et</span> <span class='ocrx_word' id='word_1_275' title='bbox 1305 4379 1387 4442; x_wconf 78' lang='lat' dir='ltr'>infra</span> <span class='ocrx_word' id='word_1_276' title='bbox 1399 4380 1446 4443; x_wconf 91' lang='lat' dir='ltr'>ait</span> 
     </span>
     <span class='ocr_line' id='line_1_38' title="bbox 400 4484 1447 4571; baseline -0.01 -20"><span class='ocrx_word' id='word_1_277' title='bbox 400 4487 468 4551; x_wconf 88' lang='lat' dir='ltr'>illos</span> <span class='ocrx_word' id='word_1_278' title='bbox 488 4486 544 4571; x_wconf 82' lang='lat' dir='ltr'>qui</span> <span class='ocrx_word' id='word_1_279' title='bbox 562 4484 752 4560; x_wconf 81' lang='lat' dir='ltr'>Eearistum,</span> <span class='ocrx_word' id='word_1_280' title='bbox 772 4485 826 4568; x_wconf 83' lang='lat' dir='ltr'>qui</span> <span class='ocrx_word' id='word_1_281' title='bbox 845 4484 1056 4546; x_wconf 81' lang='lat' dir='ltr'>Nicostratum</span> <span class='ocrx_word' id='word_1_282' title='bbox 1078 4490 1260 4565; x_wconf 77' lang='lat' dir='ltr'>receperent,</span> <span class='ocrx_word' id='word_1_283' title='bbox 1275 4489 1447 4564; x_wconf 73' lang='lat' dir='ltr'>ceterosque</span> 
     </span>
     <span class='ocr_line' id='line_1_39' title="bbox 401 4581 1446 4669; baseline -0.008 -19"><span class='ocrx_word' id='word_1_284' title='bbox 401 4587 437 4650; x_wconf 81' lang='lat' dir='ltr'>ad</span> <span class='ocrx_word' id='word_1_285' title='bbox 451 4586 572 4652; x_wconf 78' lang='lat' dir='ltr'>melesio</span> <span class='ocrx_word' id='word_1_286' title='bbox 582 4585 753 4661; x_wconf 79' lang='lat' dir='ltr'>recedentes,</span> <span class='ocrx_word' id='word_1_287' title='bbox 764 4585 880 4669; x_wconf 74' lang='lat' dir='ltr'>timpum,</span> <span class='ocrx_word' id='word_1_288' title='bbox 889 4607 993 4662; x_wconf 79' lang='lat' dir='ltr'>manu,</span> <span class='ocrx_word' id='word_1_289' title='bbox 1004 4583 1136 4647; x_wconf 67' lang='lat' dir='ltr'>omnibus</span> <span class='ocrx_word' id='word_1_290' title='bbox 1144 4584 1325 4667; x_wconf 75' lang='lat' dir='ltr'>inquinatos.</span> <span class='ocrx_word' id='word_1_291' title='bbox 1349 4581 1446 4649; x_wconf 83' lang='lat' dir='ltr'>Hunc</span> 
     </span>
    </p>

    <p class='ocr_par' dir='ltr' id='par_1_6' title="bbox 918 4707 970 4751">
     <span class='ocr_line' id='line_1_40' title="bbox 918 4707 970 4751; baseline 0.058 -3"><span class='ocrx_word' id='word_1_292' title='bbox 918 4708 937 4748; x_wconf 83' lang='lat' dir='ltr'>s</span> <span class='ocrx_word' id='word_1_293' title='bbox 954 4707 970 4751; x_wconf 84' lang='lat'><em>2</em></span> 
     </span>
    </p>
   </div>
   <div class='ocr_carea' id='block_1_3' title="bbox 0 0 1854 5667">
    <p class='ocr_par' dir='ltr' id='par_1_7' title="bbox 0 0 1854 5667">
     <span class='ocr_line' id='line_1_41' title="bbox 0 0 1854 5667; baseline 0 0"><span class='ocrx_word' id='word_1_294' title='bbox 0 0 1854 5667; x_wconf 95' lang='lat' dir='ltr'> </span> 
     </span>
    </p>
   </div>
  </div>
 </body>
</html>
