3700 5667
481 673 533 736 IN
559 673 590 736 S.
608 673 838 737 CORNELII
864 672 1185 736 FRAGMENTA.
1315 675 1356 737 51

304 846 400 902 vocat
416 837 555 903 Rufinus
577 837 689 918 libram
707 837 1003 926 mcpnificeatiasime
1021 839 1181 923 scriptam,
1200 859 1358 925 quamque

305 937 503 1022 imprudens,
520 948 558 1004 ut
580 940 672 1004 iuitio
693 941 814 1005 dictum
831 949 891 1018 est,
908 940 1124 1026 Hieronymus
1139 941 1285 1006 Cornelio
1302 941 1357 1005 tri·

305 1039 403 1104 buere
415 1041 553 1106 videtur.
584 1042 670 1106 Dum
681 1064 755 1107 vero
766 1043 908 1108 ostendit
918 1043 1078 1122 Valesius,
1089 1045 1203 1108 Graeco
1214 1065 1359 1107 sermone

306 1141 445 1227 scriptas
467 1143 567 1208 videri
597 1143 730 1229 primam
761 1144 888 1229 quidem
913 1166 952 1208 ac
978 1146 1109 1210 tertiam
1132 1145 1269 1209 Cornelii
1291 1145 1356 1230 epi·

307 1244 433 1321 stolam,
450 1246 537 1310 nulla
551 1269 648 1310 cause
667 1247 837 1325 extitisset,
854 1249 1061 1333 quamobrem
1081 1271 1280 1313 censeremus
1295 1248 1359 1332 cpi-

308 1346 425 1410 stolam
433 1347 569 1412 alteram
578 1350 618 1412 de
628 1347 747 1433 Synodi
759 1350 906 1425 decretis,
918 1353 1049 1435 perinde
1057 1376 1096 1416 ac
1103 1352 1253 1437 Cypriani
1263 1351 1358 1424 illam,

309 1447 427 1513 Latine
441 1451 653 1536 couscriptum
666 1451 773 1527 fuisse,
784 1451 810 1516 si
822 1453 916 1517 modo
932 1476 1041 1519 omues
1053 1456 1095 1519 ud
1109 1455 1246 1518 Fabium
1260 1452 1360 1516 homi-

308 1573 380 1614 nem
392 1553 505 1617 Graece
520 1554 700 1638 loquentem
715 1555 819 1618 missae
834 1564 950 1621 esseut.
996 1557 1059 1621 Sed
1075 1557 1151 1641 quia
1167 1556 1361 1640 synodorum

308 1654 442 1718 decreta
455 1662 523 1718 tem
538 1655 571 1719 iu
593 1656 696 1741 prima
710 1657 847 1741 epistola
861 1680 958 1741 quam
975 1658 1007 1721 in
1022 1659 1162 1722 secunda
1182 1659 1262 1722 istac
1277 1678 1361 1721 com·

309 1758 581 1835 memorabantur,
597 1758 668 1823 ideo
690 1760 732 1823 ad
752 1759 850 1824 alium
872 1782 965 1844 quem
986 1769 1104 1845 praeter
1123 1761 1260 1824 Fabium
1279 1760 1361 1823 hanc

309 1861 482 1924 secundam
497 1862 627 1925 missam
642 1861 739 1926 fuisso
751 1863 957 1926 statuendum
973 1870 1034 1927 est.
1078 1864 1128 1926 De
1145 1862 1237 1926 Fabii
1252 1870 1361 1926 autem

310 1961 420 2025 favore
442 1983 520 2046 erga
543 1969 652 2046 partes
670 1963 842 2027 Novatiaui
861 1964 932 2049 plus
953 1966 1074 2049 aliquid
1098 1965 1275 2029 notandum
1293 1986 1362 2027 esse

310 2070 425 2128 restat.
483 2063 655 2148 Dionysius
690 2065 941 2143 Alexandrinus,
977 2067 1025 2131 ait
1057 2066 1214 2131 Eusebius
1243 2065 1297 2129 lib.
1322 2065 1361 2128 vi.

310 2165 395 2229 Hm.
423 2187 449 2228 c.
466 2167 521 2243 46,
549 2169 705 2251 Κορνηλίῳ
735 2171 776 2251 τῷ
806 2171 880 2231 κατὰ
908 2167 1026 2248 Ῥώμην
1055 2169 1174 2251 γράφει,
1205 2166 1364 2245 δεξάμενοι

311 2268 403 2330 αὐτοῦ
430 2267 484 2344 τὴν
515 2271 589 2330 κατὰ
618 2274 670 2331 τοῦ
695 2269 850 2333 Νοουάτον
881 2271 1054 2350 ἐπιστολήν·
1092 2269 1115 2357 ᾧ
1147 2273 1195 2334 καὶ
1225 2271 1364 2348 σημαίνει

310 2374 412 2447 δηλῶν
434 2368 540 2432 ἑαυτὸν
559 2375 803 2450 παρακεκλῆσθαι
821 2373 881 2435 ὑπό
903 2398 936 2436 τε
960 2371 1091 2436 Ἑλένου
1115 2378 1168 2436 τοῦ
1194 2374 1227 2435 ἐν
1252 2370 1363 2455 Τάρσῳ

310 2574 420 2637 λιάι·ον
441 2599 473 2638 τε
496 2581 548 2637 τοῦ
567 2577 601 2639 ἓν
617 2580 824 2662 Καππαδοκία,
841 2578 890 2640 καὶ
904 2582 957 2639 τοῦ
973 2579 1046 2639 κατὰ
1062 2576 1270 2653 Παλαιστίνην
1286 2579 1364 2638 Θεο-

312 2677 442 2749 κτίστου,
455 2677 494 2743 ὥς
508 2676 547 2740 ἃν
562 2679 610 2740 ἐπὶ
625 2677 678 2756 τὴν
690 2679 818 2742 σύνοδον
830 2677 998 2755 ἀπανιύσοι
1012 2677 1065 2756 τὴν
1080 2680 1153 2741 κατὰ
1164 2676 1362 2758 Ἀντιόχειαν,

312 2778 388 2841 ἔνθα
412 2783 465 2841 τοῦ
494 2778 649 2842 Νοουάτον
678 2782 832 2860 κρατύνειν
861 2781 941 2846 τινες
970 2780 1144 2860 ἐπεχείρουν
1172 2779 1207 2841 rb
1237 2779 1363 2860 σχίσμα·

311 2881 388 2960 πρὸς
402 2883 515 2947 τούτοις
536 2880 709 2944 ἐπιστέλλει
728 2886 892 2962 μηννθῆναι
913 2883 1001 2967 αὐτῷ,
1018 2881 1138 2961 Φάβιον
1150 2882 1207 2960 μὲν
1230 2884 1364 2960 κεκοιμῆ·

312 2986 395 3045 σθαι·
420 2982 629 3063 Δημητριανδν
651 2986 684 3046 δὲ
708 2984 848 3066 διάδοχον
871 2985 987 3046 ἐκείνου
1008 2987 1059 3061 τῆς
1082 2986 1155 3046 κατὰ
1174 2980 1366 3064 Ἀντιόχειαν

312 3086 476 3162 ἐπισκοπῆς
494 3084 683 3148 καθεστάναι.
742 3085 792 3147 nd
813 3107 884 3169 quae
900 3086 998 3148 verba
1012 3085 1191 3169 respiciens,
1209 3082 1365 3166 Georgius

313 3184 477 3269 Syncellus
492 3207 565 3271 pag.
581 3204 621 3270 37
624 3203 655 3270 5.
673 3186 931 3271 Cdroaoprcptioe
941 3209 1007 3251 suae
1024 3187 1160 3251 Fabium
1177 3186 1280 3270 ipsum
1296 3185 1364 3247 Au-

313 3286 497 3351 tiocheuum
521 3288 703 3374 episcopum
723 3310 796 3353 cum
818 3288 867 3352 his
887 3289 1066 3353 fautoribus
1090 3289 1123 3352 N
1126 3287 1266 3353 ovatiaui
1293 3309 1365 3352 cou-

309 3388 428 3472 juuxit.
474 3390 623 3454 Socrates
639 3391 750 3455 itidem
773 3392 806 3455 iu
821 3391 905 3455 Hier.
921 3391 1006 3455 Εοσί.
1024 3414 1054 3475 ρ.
1073 3394 1123 3455 28.
1146 3390 1210 3453 alia
1223 3388 1304 3451 alios
1326 3388 1366 3451 de

313 3512 411 3555 causa
433 3489 615 3556 Novatiana
637 3493 772 3557 sensisse
794 3500 871 3557 tunc
893 3494 1046 3579 temporis
1066 3492 1232 3577 episcopos
1255 3490 1364 3557 refert.

316 3593 422 3655 Immo
444 3591 602 3657 Eusebius
631 3594 760 3659 ineunte
789 3617 858 3680 cap.
874 3617 929 3676 44.
967 3596 1007 3659 ds
1044 3594 1146 3665 Fabio
1170 3595 1365 3657 ὑποκατακλι-

315 3694 432 3781 νομένῳ
455 3721 514 3762 πως
533 3700 573 3781 τῷ
598 3699 744 3780 σχίσματι
766 3698 891 3762 locutus
914 3697 1037 3768 fuerat;
1069 3718 1140 3782 quse
1163 3695 1233 3779 ipsa
1257 3701 1367 3757 tamen

315 3798 413 3861 verba
426 3799 668 3883 propensionem
688 3800 719 3863 in
735 3800 949 3867 Novatiauum
969 3800 1062 3883 plane
1077 3798 1225 3881 exiguam
1240 3803 1365 3871 notant,

315 3921 380 3963 nou
403 3921 477 3964 acre
499 3901 680 3966 schismatis
701 3902 907 3970 confirmandi
928 3902 1079 3966 studium.
1124 3901 1219 3965 Corte
1240 3905 1367 3962 mortuo

312 4003 382 4086 jam
413 4002 516 4066 Fabio
545 4004 585 4067 de
615 4003 910 4072 Novatiauistarum
942 4004 992 4071 his
1018 4003 1157 4068 motibus
1186 4000 1367 4066 Gemelium

315 4105 486 4168 certiorem
501 4104 577 4168 iecit
591 4105 784 4190 Dionysius;
807 4127 909 4189 nequo
929 4115 1057 4170 constat
1071 4104 1236 4168 concilium
1255 4101 1368 4164 Antio-

315 4206 452 4272 cheuum
467 4205 621 4271 indictum
637 4207 733 4273 fuisse
745 4207 814 4273 vivo
827 4207 941 4283 Fabio,
954 4206 1026 4282 etsi,
1039 4206 1124 4289 quod
1140 4212 1249 4268 tamon
1264 4201 1368 4265 miuus

315 4309 481 4395 probabile
500 4316 560 4386 est,
583 4310 699 4378 asserit
715 4310 862 4378 Valesius
883 4311 925 4379 ad
948 4309 1002 4377 lib.
1017 4309 1068 4372 vii.
1092 4330 1119 4371 c.
1134 4327 1164 4391 5.
1184 4301 1368 4374 Emettaaae

315 4412 400 4476 Hm.
433 4411 569 4475 Fabium
603 4418 798 4496 congregato
827 4411 958 4476 concilio
989 4409 1202 4473 Novatianam
1243 4411 1368 4467 seuten-

315 4514 396 4578 tiam
418 4513 561 4579 stebilire
583 4522 734 4578 conatum
755 4515 870 4588 fuisses
902 4512 1068 4578 concilium
1091 4511 1174 4575 euim
1193 4505 1368 4571 Antioche·

315 4638 402 4691 uum,
428 4618 471 4683 ad
493 4618 578 4704 quod
600 4617 753 4682 invitatus
774 4625 846 4682 crat
868 4618 909 4681 ab
933 4614 1089 4700 episcopis
1109 4609 1292 4694 Dionysius,
1308 4605 1368 4669 fuit

816 4741 837 4782 Η
855 4739 873 4786 2
