3700 5667
511 675 577 737 344
700 673 701 676 ’
856 669 1210 736 ANNOTATIONES

510 843 621 908 lictum
642 831 727 904 idter
746 839 834 926 pecie
854 839 938 903 illiue
957 839 1059 926 lougae
1079 841 1175 918 mala,
1190 863 1323 927 quorum
1337 842 1459 908 mentio
1475 843 1567 908 facta

511 952 561 1010 eet
575 944 661 1030 apud
678 943 883 1027 Cyprianum.
931 944 979 1006 At
1000 943 1055 1006 diu
1071 952 1148 1007 aute
1164 945 1414 1028 exprobraverat
1434 945 1566 1011 Tertul-

510 1048 613 1111 lianus
632 1047 716 1108 hunc
736 1045 849 1128 ipsum,
866 1044 899 1107 ni
917 1043 1019 1126 fallor,
1035 1066 1156 1109 morem
1171 1046 1343 1111 Catholicis
1362 1048 1395 1110 iu
1410 1048 1474 1111 fine
1489 1048 1564 1111 libri

511 1149 559 1213 eui
574 1149 610 1212 de
623 1146 914 1230 chaaiier-apud
932 1155 959 1208 te
976 1168 1073 1231 opopa
1093 1147 1129 1210 ia
1147 1147 1283 1212 σσοοοδίο
1296 1152 1408 1233 servet,
1421 1151 1506 1232 fider
1527 1151 1565 1213 ia

511 1251 621 1315 olicis
635 1249 720 1323 calet,
735 1270 800 1332 ηοοο
813 1249 848 1310 ic
858 1248 991 1331 sarcula
1006 1248 1096 1331 jacet.
1141 1251 1206 1314 Sed
1222 1252 1438 1334 mayorhiecet
1451 1274 1563 1336 opopa,

510 1353 586 1436 qaia
593 1373 655 1437 per
664 1350 742 1414 leae
756 1350 951 1414 adolescentes
961 1351 1009 1414 tui
1022 1373 1090 1415 cum
1103 1353 1255 1417 οονονίδεω
1265 1353 1429 1418 dominat.
1458 1355 1564 1418 Porro

510 1478 551 1519 ex
572 1454 695 1516 lrenaeo
715 1452 825 1536 liquet,
846 1452 1029 1536 inquinatos
1050 1453 1150 1517 luisse
1169 1457 1264 1534 τόλμῃ
1285 1456 1366 1520 istac
1381 1456 1564 1520 Valentini·

510 1577 589 1619 anos
603 1554 771 1618 haereticos
791 1554 902 1617 eodem
922 1554 1038 1617 eaeculo
1058 1556 1206 1619 secundo.
1228 1561 1319 1620 ἄλλοι
1334 1559 1377 1630 δὲ,
1393 1556 1508 1641 inquit,
1524 1559 1564 1621 οὔ

511 1657 603 1721 πάλιν
628 1661 743 1735 σεμνῶς
766 1657 829 1719 κατ’
852 1658 956 1738 ἀρχὰς,
982 1658 1022 1723 ὥς
1044 1661 1120 1736 μετὰ
1143 1660 1285 1739 ἀδελφῶν
1308 1662 1564 1739 προσποιούμενοι

512 1764 672 1830 συνοικεῖν,
698 1760 853 1837 προϊόντος
878 1762 932 1820 τοῦ
955 1760 1067 1841 χρόνον
1091 1758 1297 1842 ἠλέγχθησαν,
1324 1762 1486 1842 ἐγκύμονος
1511 1765 1565 1839 τῆς

511 1862 644 1940 ἀδελφῆς
665 1858 723 1921 ὑπὸ
748 1865 799 1921 τοῦ
823 1861 959 1940 ἀδελφοῦ
982 1860 1166 1940 γενηθείσης.
1192 1860 1247 1924 lib.
1265 1862 1293 1924 I.
1316 1882 1343 1925 ο.
1359 1862 1400 1925 vi.
1422 1868 1445 1943 ς.
1462 1883 1494 1945 3.
1518 1863 1563 1928 ul.

512 1986 538 2027 c.
551 1963 570 2026 i.
587 1968 611 2042 ᾖ.
630 1981 676 2024 12.
709 1963 790 2024 Haec
806 1971 913 2025 autem
928 1961 1039 2024 Irenaei
1055 1971 1154 2046 atque
1165 1963 1352 2028 Tertulliani
1368 1965 1436 2028 loca
1451 1973 1564 2030 utrum

512 2066 592 2130 alius
616 2072 734 2148 praeter
757 2086 807 2126 me
831 2064 998 2147 quisquam
1025 2064 1057 2127 in
1083 2065 1144 2128 hac
1168 2087 1203 2128 re
1225 2067 1406 2143 adduxerit,
1430 2068 1561 2140 neecio;

512 2176 598 2232 certe
616 2166 781 2250 praeterita
801 2175 877 2230 eunt
896 2188 917 2229 a
935 2166 1038 2231 Beato
1053 2167 1220 2244 Rhenano,
1239 2167 1358 2252 Lange,
1375 2171 1564 2255 Reveregio,

515 2268 674 2353 Beanagio
696 2268 828 2330 Dissert.
846 2287 874 2348 7.
897 2268 940 2330 ad
962 2269 1079 2332 calcem
1101 2269 1178 2332 tomi
1198 2270 1229 2333 ii.
1246 2272 1363 2336 Αοοσί.
1381 2271 1563 2336 Lardnero-

513 2396 575 2456 que
605 2373 636 2435 in
667 2371 793 2433 Dosara
820 2371 856 2433 dc
881 2370 1030 2455 Epistola
1058 2370 1174 2434 dachas
1201 2373 1346 2437 Chnwati
1370 2376 1512 2439 Romano
1541 2400 1564 2441 ο

521 2474 677 2538 Wctetcaio
698 2472 871 2558 σοίοσνίμεὶς.
897 2474 983 2537 Sect.
1004 2474 1047 2537 iii.
1065 2494 1096 2558 3.
1119 2496 1192 2559 pag.
1208 2478 1261 2554 48.
1293 2477 1430 2562 Anglica
1450 2478 1564 2562 lingua

513 2577 702 2660 conscripta.
735 2577 799 2639 Pro
815 2577 904 2639 αὐτοῦ
919 2577 1039 2640 habeut
1054 2578 1131 2662 αὐτῷ
1146 2579 1220 2642 Mu.
1238 2579 1328 2642 Bodl.
1344 2588 1377 2643 et
1392 2582 1560 2663 syncellita.

513 2681 604 2743 Nunc
626 2679 717 2743 addit
739 2679 789 2741 his
810 2681 976 2743 Burtouus
995 2679 1081 2742 codd.
1100 2679 1184 2742 Med.
1205 2682 1292 2744 Μσο.
1309 2682 1416 2746 Fokot.
1433 2683 1563 2748 Florae·

512 2784 660 2866 tectosque.

558 2886 595 2945 P.
612 2903 686 2967 309.
709 2882 729 2943 l.
745 2901 776 2963 5.
795 2883 873 2943 ὥστε
889 2881 937 2943 καὶ
952 2884 979 2943 εί
993 2880 1069 2965 δοίη]
1092 2883 1169 2944 ὥστε
1194 2884 1242 2945 καὶ
1264 2886 1292 2946 εί
1313 2884 1376 2962 δοίη
1395 2885 1440 2947 ed.
1457 2887 1562 2970 soph.

514 2986 645 3049 Rectius
667 2986 698 3045 in
719 2983 826 3046 codice
848 2984 969 3046 Mazar.
991 2983 1072 3046 Fuk.
1089 2993 1122 3047 et
1141 2984 1229 3048 Med.
1245 2985 1361 3070 legitur
1375 2989 1415 3053 ὥς
1429 2987 1453 3051 τ’
1470 2992 1498 3053 εί
1512 2992 1562 3053 καὶ

514 3091 586 3166 δοίη.
615 3089 726 3170 Atque
736 3086 783 3149 ita
797 3087 825 3147 Ν
829 3085 995 3169 icephorue
1010 3095 1044 3150 et
1060 3086 1232 3169 Syneellue‚
1244 3087 1303 3150 niei
1317 3089 1403 3171 quod
1413 3099 1561 3174 apostro-

512 3191 595 3275 phen
620 3211 681 3251 nou
705 3187 832 3251 habent.
863 3187 1026 3249 Vacusrus.
1081 3187 1184 3251 Addit
1208 3189 1371 3253 Strothiue
1392 3191 1560 3277 Ulmetcpl.

513 3293 608 3355 Lecti.
625 3312 683 3375 ego
699 3290 798 3352 Mus,
814 3287 906 3351 Bodl.
929 3311 984 3351 eeu
1002 3289 1100 3352 Saoil.
1118 3302 1151 3353 et
1166 3290 1307 3374 Norsoh.
1323 3292 1379 3353 sed
1395 3294 1454 3370 δοίη
1468 3294 1562 3357 eadee

512 3393 651 3478 Norsok.
674 3394 781 3458 habet.
832 3391 977 3464 Praefert,
1002 3399 1035 3454 et
1057 3399 1155 3468 recte,
1176 3399 1213 3456 ut
1234 3392 1370 3469 videtur,
1391 3393 1561 3458 lectionem

511 3498 646 3561 alteram
681 3496 729 3558 καὶ
761 3497 788 3557 εί
820 3494 858 3558 cl.
889 3492 1078 3557 Heinicheu.
1114 3493 1203 3577 cujus
1235 3495 1303 3558 haec
1335 3496 1433 3560 verba
1468 3506 1556 3574 sunt,

513 3613 532 3633 “
550 3600 676 3662 Dicitur
690 3597 749 3659 hoc
764 3598 833 3659 loco
848 3596 935 3659 nullo
950 3596 1044 3658 modo
1062 3596 1133 3669 hoc,
1155 3618 1228 3659 vere
1248 3619 1428 3682 quenquam
1449 3621 1561 3664 conce-

513 3710 532 3738 “
549 3703 633 3770 dere,
650 3698 727 3759 nihil
745 3720 765 3759 a
784 3695 885 3760 Paulo
906 3698 1116 3760 Samosateno
1131 3705 1225 3781 turpe
1242 3699 1410 3776 committi,
1427 3702 1513 3785 quod
1533 3703 1560 3765 ei

511 3812 533 3840 “
549 3802 716 3875 diceretur,
732 3797 932 3861 scribendum
946 3808 1031 3863 esset
1047 3802 1073 3862 εί
1088 3801 1147 3875 καὶ,
1162 3799 1226 3862 imo
1241 3799 1317 3862 illud
1332 3802 1470 3877 concedi,
1483 3824 1560 3865 non-

511 3912 531 3941 “
549 3902 608 3965 nisi
625 3899 700 3985 poni
714 3921 752 3963 ao
774 3899 855 3962 sumi
875 3901 997 3983 patet.”
1025 3901 1072 3964 Et
1086 3901 1184 3966 refert
1200 3901 1363 3965 Burtonue
1377 3903 1463 3966 codd.
1479 3925 1558 3988 quo·

512 4028 572 4090 que
590 4006 666 4089 Rcff.
687 4009 721 4066 et
742 4005 836 4066 Vetat.
856 4003 904 4066 καὶ
923 4005 950 4065 εἰ
965 4009 1135 4087 praeetare:
1162 4001 1217 4067 κᾶν
1232 4004 1339 4080 habet,
1357 4003 1560 4068 Heinicheno

511 4116 606 4184 teste,
620 4105 683 4171 cod.
699 4105 891 4169 Drcedeceie.
926 4105 1028 4168 Paulo
1049 4112 1126 4168 ante
1148 4105 1278 4169 exhibet
1300 4104 1359 4168 οὐδ’
1383 4108 1480 4170 ἐκεῖνο
1503 4129 1561 4191 per

511 4229 672 4294 apocopen
687 4208 760 4270 MS.
776 4204 867 4268 Bodl.

518 4375 525 4389 ,
556 4312 639 4374 lbld.
665 4309 687 4372 l.
710 4313 739 4372 6.
766 4308 821 4386 τήν
850 4333 886 4388 γε
915 4308 1072 4392 ὑπόνοιαν]
1102 4309 1156 4387 τὴν
1182 4308 1344 4373 omittitur
1369 4309 1403 4372 in
1429 4309 1559 4394 Niocplt.

512 4416 647 4478 Sraoru.
680 4410 799 4473 ‘Abest
819 4434 854 4489 γε
873 4430 894 4471 a
914 4409 988 4472 MS.
1005 4410 1145 4492 Norsole'.
1177 4410 1281 4474 Addit
1297 4412 1459 4475 Burtonue
1473 4412 1559 4476 codd.

511 4515 585 4596 Rea.
601 4519 635 4574 et
649 4511 758 4574 Parae.
773 4519 942 4593 cenamque.
