3700 5667
564 669 616 732 IN
642 670 875 734 SYNODUM
899 670 1276 734 ANTIOCHENAM.
1380 673 1443 736 tal

395 847 545 903 notarum
559 839 756 925 transcripsi.
797 839 863 903 Ubi
885 839 1034 903 Valesius
1054 801 1114 903 hoc
1134 841 1321 915 adnotavitz
1345 850 1367 881 ‘¹
1380 840 1445 907 llic

396 949 418 979 “
435 941 607 1024 (Malchio)
637 964 677 1005 ex
709 941 927 1006 confutatione
962 940 1055 1004 Pauli
1088 941 1287 1007 samosateni
1319 952 1444 1008 tantam

395 1052 417 1081 ‘⁴
431 1044 564 1128 gloriam
580 1044 701 1115 retulit.
717 1052 754 1108 ut
776 1066 814 1107 ea
834 1045 874 1107 de
892 1066 989 1107 causa
1003 1044 1036 1107 in
1053 1044 1242 1130 Menologiis
1258 1045 1444 1111 Graecorum

396 1147 583 1210 “meruerit
602 1147 779 1210 consecrari
799 1146 850 1210 die
867 1148 919 1209 28.
937 1147 1118 1211 Octobris.''
1162 1149 1218 1212 Ad
1238 1149 1307 1212 haec
1329 1150 1446 1214 statuit

396 1247 429 1310 S.
448 1248 674 1333 Hieronymus,
696 1250 744 1311 Dc
771 1248 852 1310 Viris
874 1247 929 1311 Ill.
953 1269 1022 1332 oap.
1045 1266 1095 1330 71.
1119 1257 1290 1334 postquam
1313 1251 1446 1315 Eusebii

396 1350 493 1413 verba
507 1350 757 1434 repraesentavit,
773 1351 925 1434 scriptam
946 1372 966 1412 a
984 1351 1166 1414 Malchione
1187 1352 1354 1437 epistolam
1373 1374 1445 1437 syn·

396 1450 518 1515 odicam
544 1449 650 1527 luisse,
674 1472 745 1534 quoe
773 1472 812 1513 ex
839 1450 977 1514 Eusebio
1003 1452 1173 1537 desumpta
1199 1474 1273 1516 mox
1300 1452 1444 1526 sistitur;

397 1553 481 1636 quod
503 1559 612 1616 tamen
634 1561 701 1615 tam
724 1549 823 1615 Gavio
845 1573 941 1635 quam
966 1552 1114 1617 Fabricio
1132 1563 1264 1638 propter
1285 1554 1446 1618 silentium

398 1653 539 1730 Eusebii,
555 1654 608 1739 qui
628 1675 776 1738 magnam
799 1653 881 1717 illius
900 1662 1026 1739 partem
1047 1655 1193 1728 adduxit,
1210 1655 1340 1718 dubium
1362 1656 1447 1720 vide-

398 1755 502 1819 batur.
548 1755 700 1818 Ceterum
714 1754 774 1817 hoc
789 1755 1002 1839 fragmentum
1020 1778 1041 1819 a
1058 1777 1109 1819 me
1130 1756 1233 1840 primo
1249 1757 1364 1820 Graece
1382 1757 1448 1821 edi-

396 1865 476 1929 tum,
494 1855 607 1920 Latine
622 1856 787 1940 praestitit,
802 1857 884 1920 siout
905 1856 981 1920 illud
1005 1858 1089 1941 quod
1109 1856 1281 1929 antecedit,
1299 1857 1448 1922 Baluzius

397 1959 429 2022 in
447 1960 538 2023 Nova
560 1958 682 2022 Colleet.
703 1959 815 2022 Ommil.
837 1981 868 2044 p.
885 1978 935 2022 21.
957 1970 991 2023 et
1012 1966 1088 2044 post
1109 1980 1180 2022 eum
1202 1959 1392 2023 Gallandius
1414 1961 1447 2023 in

396 2070 485 2125 tomo
504 2060 548 2124 iii.
563 2058 757 2124 Bibliotheca
782 2083 848 2126 suae
872 2063 948 2125 PP.
972 2061 1026 2123 ubi
1050 2061 1082 2123 in
1110 2061 1258 2146 Prolegg.
1282 2084 1313 2146 p.
1338 2061 1447 2126 xxxix.

397 2162 588 2227 sententiam
611 2161 758 2246 deinceps
780 2170 920 2226 mutasse
945 2162 1129 2227 Fabricium
1150 2162 1208 2236 ait,
1231 2163 1445 2227 Malchionem

395 2263 538 2347 epistolae
553 2263 712 2348 synodicae
727 2274 890 2327 auctorem
905 2271 1130 2350 agnoscentem
1146 2265 1178 2327 in
1194 2262 1277 2328 Bibl.
1293 2267 1350 2328 Gr.
1366 2273 1444 2331 tom.

397 2365 440 2427 xi.
455 2387 527 2451 pag.
543 2369 619 2449 346.
664 2364 872 2450 Eandemque
893 2368 933 2430 dc
953 2366 1096 2451 epistolae
1116 2373 1247 2431 auctore
1266 2367 1446 2451 opinionem

396 2465 495 2531 habet
524 2467 561 2531 ol.
589 2467 713 2531 Keilius
741 2469 783 2532 ad
814 2469 891 2533 edit.
923 2477 1042 2533 recent.
1073 2476 1151 2532 tom.
1177 2467 1229 2532 vii.
1260 2467 1448 2533 Fabriciani

400 2570 509 2651 Operis
523 2590 555 2653 p.
570 2571 645 2654 308.

440 2671 476 2735 P.
491 2690 567 2755 302.
582 2671 604 2735 l.
623 2691 671 2735 11.
694 2678 736 2732 Ex
753 2679 919 2748 simplicibus
937 2682 967 2734 fit
982 2674 1048 2757 tre]
1074 2673 1191 2737 Petrus
1207 2672 1377 2752 Diaconus‚
1393 2672 1447 2759 qui

397 2771 511 2836 saeculo
533 2771 660 2855 scripsit
680 2780 781 2850 sexto,
800 2772 995 2837 Malchionis
1009 2774 1112 2837 locum
1127 2775 1173 2838 ita
1188 2774 1332 2839 induxit:
1354 2775 1446 2838 Hinc

396 2874 488 2937 etiam
502 2896 522 2935 a
539 2874 651 2937 scamis
665 2873 808 2959 patribus
827 2875 1014 2939 adamam
1033 2899 1069 2940 aa
1088 2877 1250 2940 dionaeo
1265 2886 1293 2940 et
1306 2876 1446 2945 tamasi-

396 2985 456 3039 tate
478 2976 614 3040 eurotas
633 2978 786 3062 Dominae
804 2987 902 3040 noster
920 2980 1096 3063 omnpositus
1107 2979 1313 3071 predicatur.
1361 2979 1449 3057 Quod

395 3078 495 3142 colcos
509 3078 632 3142 Paulus
650 3081 863 3142 samosatenus
882 3081 1027 3161 confiteri,
1042 3081 1205 3144 damnatas
1224 3090 1266 3144 est
1284 3078 1323 3144 ad
1338 3081 1446 3143 Amic-

396 3182 483 3246 oiooo
513 3181 660 3254 anamiim·
702 3180 874 3244 Machina
896 3180 1070 3266 presbytera
1098 3181 1226 3265 ejusdem
1255 3180 1448 3244 Antiocheae

396 3284 531 3359 ecclesie,
547 3283 614 3346 ciro
629 3304 690 3370 per
710 3284 813 3346 omnia
836 3283 1052 3355 eruditissimo,
1068 3292 1096 3345 et
1117 3280 1156 3345 ad
1177 3283 1330 3345 mziccrsis
1350 3305 1448 3345 sacer·

395 3380 522 3458 dotibus,
537 3383 591 3467 qai
610 3392 714 3445 contra
733 3383 858 3446 eandm
877 3382 1018 3445 Paulam
1037 3390 1242 3456 memorant,
1262 3390 1333 3443 tanc
1351 3380 1445 3454 clodo,

395 3486 451 3569 qui
477 3506 626 3548 summum
654 3483 880 3569 disputationis
909 3493 1059 3547 conamen
1087 3504 1108 3546 a
1137 3481 1261 3545 macilis
1286 3491 1446 3545 manorum

394 3587 566 3671 campsaim,
582 3586 628 3649 ita
649 3587 775 3650 eandem
796 3586 970 3650 tereticam
992 3585 1070 3648 inter
1091 3593 1188 3648 edera
1209 3583 1379 3668 redarguit,
1399 3583 1448 3646 di-

395 3711 479 3752 cnm:
504 3688 569 3751 EX
586 3688 779 3772 simplicibus
793 3688 832 3753 fit
846 3688 903 3753 dm.

441 3788 522 3851 lbid.
538 3787 559 3850 l.
579 3804 627 3869 17.
649 3804 676 3848 et
687 3794 747 3848 idac
760 3795 907 3863 composita
918 3811 1043 3848 essenon
1056 3785 1163 3870 possit]
1181 3784 1340 3849 censebat
1362 3785 1446 3848 Pau·

395 3889 453 3962 lus,
470 3887 625 3973 siquidem
643 3885 799 3970 sapientia
820 3891 953 3968 propter
970 3884 1155 3950 incrementi
1175 3896 1208 3950 et
1228 3886 1447 3950 diminutionis

395 3991 607 4075 receptionem
637 4010 708 4051 cum
741 3986 804 4050 alio
834 3995 972 4070 nequeat
1001 3988 1146 4070 componi
1177 3986 1445 4062 substantialiter,

395 4094 454 4156 hoc
470 4092 567 4177 sequi,
583 4091 746 4156 Christum
762 4109 825 4151 non
840 4110 932 4171 posse
953 4098 1101 4151 constare
1122 4112 1163 4152 ex
1186 4089 1352 4173 Sapientia
1373 4088 1447 4150 sub-

395 4195 546 4270 stantiva,
562 4216 618 4257 seu
639 4192 722 4255 Filio
737 4190 787 4254 vel
804 4190 913 4252 Verbo
930 4189 1001 4266 Dei,
1017 4197 1050 4253 et
1070 4190 1208 4252 homine.
1248 4188 1335 4252 Male
1353 4189 1447 4257 abest

396 4297 551 4382 particula
572 4318 631 4359 coa
652 4302 729 4359 ante
746 4293 842 4378 possit
863 4293 949 4377 apud
970 4292 1153 4364 Baluzium;
1178 4290 1289 4355 itidem
1312 4289 1344 4351 in
1366 4288 1445 4355 edit.

395 4400 535 4484 principe
550 4398 692 4483 opusculi
709 4395 802 4459 Petri
818 4394 965 4458 Diaconi.

441 4502 478 4565 P.
493 4521 567 4586 303.
584 4501 606 4563 l.
622 4523 652 4579 4.
667 4497 844 4574 Ἐπιστολή.
870 4498 1020 4580 Διονυσίῳ
1039 4495 1109 4579 dte]
1125 4495 1240 4580 Capite
1256 4513 1309 4578 30.
1328 4492 1382 4556 lib.
1394 4492 1447 4557 vii.

396 4604 481 4667 Hist.
498 4602 582 4667 Eccl.
598 4599 755 4664 Eusebius
771 4596 912 4682 epistolae
927 4596 1022 4680 hujus
1036 4595 1194 4681 synodicae
1210 4603 1334 4679 paitem
1351 4593 1447 4681 scrip-

876 4714 966 4760 uua
