3700 5667
479 675 523 743 98
781 668 1032 746 RELIQUIAE
1059 665 1223 731 SACRAE

480 958 887 1029 GARTHAGINIENSE
909 956 1166 1024 OONOILIUM
1188 953 1276 1020 SUB
1294 952 1531 1019 OYPRIANO

484 1096 490 1105 ·
889 1067 1115 1146 TERTIUM,

653 1214 738 1287 suno
752 1243 822 1285 sosr
836 1243 989 1284 crsmsruns
1003 1243 1113 1283 nuruis
1130 1240 1148 1285 2
1150 1238 1191 1305 53
1208 1239 1360 1293 usnmuns,

715 1373 768 1429 DF.
787 1372 1021 1429 INFANTIBUS
1040 1368 1304 1428 BAPI'IZANDIS.

480 1510 635 1596 Synodion
654 1510 717 1577 tec
730 1511 873 1598 spisse
891 1511 937 1576 ed
948 1510 1068 1576 Fidum
1081 1510 1267 1594 Episcopum
1284 1507 1364 1571 irate·
1380 1506 1558 1592 Cyprios&

521 1622 678 1708 Ept'stolas
698 1633 740 1689 ost
754 1645 819 1688 mx.
841 1622 891 1688 ool
903 1644 990 1687 uxrv.
1012 1631 1039 1686 et
1053 1642 1130 1707 pop.
1155 1637 1205 1706 97.
1228 1620 1300 1684 odit.
1323 1618 1533 1683 Bmcdicts'aoe

523 1744 614 1799 octat.

523 1868 703 1956 Cyprianus
726 1877 760 1935 et
784 1868 892 1935 caeteri
915 1868 1043 1954 collegae
1070 1866 1123 1952 qui
1150 1866 1183 1930 in
1213 1865 1345 1931 concilio
1373 1864 1533 1929 affuerunt

481 2000 614 2045 numero
629 2003 713 2045 cxvi.
748 1979 830 2044 Fido
845 1978 940 2045 fratri
954 1979 1100 2043 salutem.
1144 1976 1295 2063 Legimus
1310 1976 1434 2041 litteras
1447 1982 1532 2051 tuas,
1624 2014 1626 2019 -

480 2092 583 2159 frater
605 2092 777 2169 carissime,
801 2091 915 2177 quibus
940 2088 1126 2176 significasti
1151 2091 1191 2154 de
1217 2089 1345 2153 Victore
1371 2088 1580 2173 quondam10

482 2203 680 2290 presbytero,
696 2202 782 2288 quod
804 2200 844 2279 ei,
863 2208 1038 2285 antequam
1059 2199 1282 2285 poenitentiam
1304 2198 1430 2284 plenam
1452 2198 1532 2283 egis-

482 2321 542 2391 set,
572 2321 606 2379 et
636 2312 774 2378 Domino
803 2312 883 2390 Deo,
914 2312 948 2376 in
977 2333 1070 2397 quem
1099 2310 1286 2396 deliquerat,
1316 2309 1531 2384 satisfecisset,

483 2428 604 2489 temere
633 2423 811 2509 Therapius
840 2423 961 2510 collega
989 2429 1100 2487 noster
1130 2422 1301 2487 immaturo
1330 2429 1474 2506 tempore
1498 2427 1533 2484 et

481 2556 685 2621 praepropera
698 2534 901 2600 festinatione
915 2557 1026 2621 pacem
1041 2533 1175 2599 dederit.
1221 2536 1300 2612 Quae
1314 2555 1366 2598 res
1381 2555 1439 2597 nos
1453 2532 1532 2597 satis

483 2645 594 2723 movit,
608 2667 767 2711 recessum
788 2668 858 2711 esse
872 2668 893 2711 a
907 2645 1028 2711 decreti
1050 2644 1152 2710 nostri
1171 2643 1377 2722 auctoritate,
1397 2650 1434 2707 ut
1455 2651 1531 2707 ante
1547 2657 1579 2720 ις

484 2754 661 2842 legitimum
683 2763 717 2822 et
738 2756 866 2842 plenum
888 2764 1016 2842 tempus
1033 2754 1271 2833 satisfactionis,
1286 2762 1320 2819 et
1340 2753 1407 2818 sine
1430 2753 1533 2839 petitu

485 2871 519 2929 et
534 2866 727 2931 conscientia
750 2866 859 2951 plebis,
875 2866 963 2931 nulls
984 2866 1169 2930 infirmitate
1188 2871 1322 2951 urgente
1340 2886 1379 2928 ac
1401 2862 1534 2927 necessi·

486 2982 557 3041 tate
577 2984 722 3062 cogente,
737 2998 801 3061 pax
815 2976 844 3041 ei
859 2977 1094 3041 concederetur.
1139 2975 1203 3040 Sed
1228 2974 1345 3039 librato
1367 2975 1453 3058 opud
1476 2994 1535 3036 nos

484 3084 541 3149 diu
563 3085 706 3164 consilio,
720 3086 800 3151 satis
821 3085 883 3151 fuit
896 3087 1066 3173 objurgare
1082 3085 1276 3170 Therapium
1293 3084 1445 3170 collegam
1462 3104 1533 3146 nos-

483 3202 571 3260 trum
587 3197 673 3282 quod
694 3203 815 3262 temere
836 3197 897 3261 hoc
914 3197 1025 3262 iecerit
1045 3204 1078 3262 et
1101 3196 1288 3262 instruxisse
1310 3217 1350 3259 ne
1372 3195 1448 3279 quid
1468 3194 1534 3258 tale
1546 3214 1582 3253 20

483 3306 524 3370 de
539 3313 656 3371 caetero
670 3306 778 3372 saciat.
824 3307 943 3372 Pacem
962 3314 1072 3373 tamen
1092 3308 1374 3392 quomodocunque
1394 3327 1415 3369 a
1432 3327 1534 3370 sacer-

484 3417 561 3482 dote
577 3416 637 3482 Dei
658 3418 754 3483 semel
769 3418 878 3484 datam
899 3441 964 3484 non
985 3418 1166 3505 putavimus
1187 3418 1404 3493 auierendam,
1418 3438 1458 3481 ac
1477 3438 1535 3501 per

485 3532 570 3614 (sor.
585 3532 731 3614 propter)
756 3529 816 3594 hoc
835 3529 964 3595 Victori
987 3528 1304 3593 communicationem
1326 3527 1385 3591 sibi
1409 3548 1535 3591 conces-

483 3657 552 3700 sam
580 3658 734 3722 usurpare
763 3637 970 3723 permisimus.
1031 3638 1193 3720 Quantum
1221 3657 1297 3700 vero
1333 3636 1376 3700 ud
1405 3655 1534 3699 causam

482 3747 655 3812 infantium
669 3749 820 3832 pertinet,
833 3770 913 3833 quos
926 3746 1038 3812 dixisti
1053 3748 1139 3812 intra
1153 3747 1326 3812 secundum
1340 3746 1389 3810 vel
1403 3744 1535 3810 tertium
1545 3764 1582 3824 ²5

484 3856 569 3921 diem
584 3878 647 3940 quo
671 3857 738 3921 neti
759 3856 824 3922 sint
847 3857 1040 3923 constitutos
1062 3857 1217 3943 baptizari
1239 3879 1304 3921 non
1326 3863 1487 3941 oportere,
1502 3862 1536 3919 et

485 3965 748 4031 considerandam
777 3990 846 4032 esse
884 3967 1003 4054 flegem
1037 3967 1283 4033 circumcisionis
1320 3966 1471 4051 antiquoe,
1501 3977 1536 4029 ut

484 4075 572 4141 intra
595 4083 742 4142 octavum
766 4078 850 4142 diem
877 4101 950 4143 eum
976 4078 1030 4164 qui
1056 4086 1153 4144 natus
1178 4087 1228 4143 est
1252 4078 1480 4163 baptizandum
1503 4090 1537 4141 et

485 4187 747 4254 sanctificandum
769 4211 833 4253 non
855 4198 997 4275 putares,
1013 4190 1106 4275 longe
1125 4188 1212 4253 aliud
1233 4189 1266 4253 in
1281 4188 1412 4253 concilio
1427 4195 1537 4252 nostro

486 4299 632 4364 omnibus
655 4300 756 4365 visum
778 4309 836 4366 est.
885 4302 925 4365 In
947 4301 1008 4365 hoc
1031 4301 1115 4365 enim
1140 4302 1225 4385 quod
1248 4309 1285 4366 tu
1308 4300 1445 4386 putabas
1469 4317 1584 4373 esse30

485 4407 665 4474 faciendum
679 4431 772 4476 nemo
789 4411 961 4489 consensit,
975 4412 1032 4476 sed
1051 4411 1187 4476 universi
1202 4411 1308 4496 potius
1325 4410 1536 4496 judicavimus

912 4617 923 4656 f
934 4616 996 4666 Gen.
1008 4617 1067 4665 xvii.
1078 4631 1115 4664 rc.
