3700 5667
500 662 566 724 ers
723 626 727 633 ’
838 664 1215 728 auuornmouus

502 829 620 893 trinam
642 829 830 894 mersionem
853 853 893 894 ex
918 831 1077 914 Hispania
1099 832 1295 917 proscripsit,
1318 833 1426 896 dicens
1447 834 1502 898 lib.
1520 856 1547 897 1.

501 932 605 1018 Epist.
629 952 682 1012 41·
724 934 774 996 Ne
798 933 871 995 dum
896 935 977 1017 quod
991 932 1164 1015 faciebant,
1181 935 1333 1018 focium
1364 947 1498 1000 codrum
1521 960 1551 1002 so

498 1057 610 1099 moram
634 1035 739 1099 eiciam
761 1035 937 1121 ρῑονὶονιιιτ.
987 1036 1065 1117 Quae
1092 1037 1160 1119 ejus
1188 1038 1357 1112 sententia,
1383 1061 1404 1102 a
1434 1054 1551 1123 quarta

500 1139 656 1203 Toletano
680 1138 808 1222 Synodo
831 1137 1021 1202 confirmata
1047 1148 1126 1202 erat.
1172 1138 1238 1203 Ubi
1265 1140 1440 1218 decretum,
1464 1143 1548 1207 Sim-

492 1243 583 1327 piam
607 1252 757 1305 teneamus
783 1239 925 1326 baptismi
950 1243 1133 1305 macrum.
1177 1242 1328 1327 Agnosco
1356 1265 1485 1327 gravem
1514 1256 1548 1311 et

499 1344 681 1409 diuturnam
704 1344 744 1407 de
765 1344 986 1407 haeretioorum
1007 1344 1166 1428 baptismo
1186 1346 1443 1423 controversiam,
1460 1370 1547 1433 egre-

497 1448 558 1532 giis
581 1447 621 1510 D.
638 1446 811 1531 Augustini
836 1447 963 1530 script-is
985 1447 1118 1510 feliciter
1139 1448 1269 1511 tandem
1291 1449 1462 1532 aliquando
1484 1452 1547 1516 dis-

498 1571 632 1624 cussam,
653 1557 698 1624 et,
719 1556 756 1613 ut
777 1548 846 1632 ejus
868 1548 964 1611 verbo
986 1556 1071 1624 utar,
1095 1548 1281 1632 eliquatam
1310 1550 1399 1634 cujus
1421 1552 1546 1616 invictis

497 1650 674 1713 rationibus
700 1649 805 1721 cessit,
831 1670 893 1731 qua
919 1656 1010 1731 patet
1034 1648 1233 1712 Christianus
1259 1650 1363 1723 orbis;
1392 1665 1426 1715 et
1450 1673 1546 1716 unam

497 1752 592 1815 fidem
612 1752 725 1815 saltem
741 1752 781 1815 de
797 1750 955 1835 baptismo
971 1749 1093 1822 habuit,
1110 1750 1195 1833 quod
1214 1764 1248 1814 et
1269 1751 1396 1815 unicum
1415 1755 1546 1837 agnovit

497 1877 631 1938 semper,
648 1856 747 1919 donec
768 1856 828 1918 hoo
848 1862 958 1917 nostro
977 1854 1082 1917 seculo
1098 1854 1387 1938 Anabaptistarum
1401 1857 1542 1931 furorem

497 1980 560 2022 non
582 1959 784 2022 ecclesiarum
806 1957 911 2029 modo,
933 1955 988 2019 sed
1011 1956 1108 2019 etiam
1129 1956 1316 2040 gravissimo
1337 1961 1545 2044 rerumpubli-

496 2083 605 2125 carum
620 2062 737 2124 damno
752 2060 991 2122 recruduerunt.
1033 2058 1200 2121 Promtum
1215 2066 1265 2122 est
1280 2059 1396 2136 dicere,
1412 2061 1544 2127 Conone

497 2165 527 2226 8.
544 2164 676 2229 Consilii
692 2161 813 2225 Nicaeni
832 2162 1017 2233 decretum3
1042 2161 1109 2240 περὶ
1126 2166 1185 2223 τῶν
1199 2162 1405 2238 ὀνομαζόντων
1418 2166 1475 2240 μὲν
1490 2166 1543 2228 αὐ-

495 2268 561 2333 τοὺς
585 2267 728 2346 καθαρούς
749 2288 831 2336 ποτε,
852 2261 1103 2344 προσερχομένων
1126 2264 1157 2324 δὲ
1180 2266 1215 2345 τῇ
1240 2267 1380 2342 καθολικῇ
1402 2265 1449 2327 καὶ
1471 2266 1543 2329 ἀπο·

495 2372 621 2453 στολικῇ
642 2367 784 2449 ἐκκλησίᾳ
804 2366 882 2427 ὥστε
901 2362 1181 2445 χειροθετονμένους
1198 2363 1315 2439 αὐτοὺς,
1330 2364 1433 2443 μένειν
1452 2369 1543 2435 οὕτως

495 2471 530 2532 ἐν
559 2473 598 2553 τῷ
630 2468 735 2551 κλήρῳ.
786 2465 943 2529 Nimirum
973 2471 1010 2528 ut
1038 2463 1209 2527 Novatiani
1239 2485 1303 2526 non
1330 2472 1457 2530 tantum
1483 2491 1542 2553 pro

494 2570 693 2647 birristianis,
717 2570 773 2632 sed
795 2568 904 2644 etiam,
926 2567 953 2630 si
975 2566 1017 2630 ad
1040 2566 1157 2630 clerum
1179 2567 1317 2643 admissi,
1341 2590 1399 2652 pro
1421 2570 1542 2637 clericis

494 2673 683 2737 habeantur.
731 2671 915 2734 Novatianis
940 2668 1066 2754 quidem
1089 2690 1127 2731 eo
1150 2669 1306 2753 promtior
1329 2670 1431 2746 venia,
1455 2673 1541 2755 quia,

493 2783 530 2839 ut
553 2776 599 2839 ait
619 2775 799 2849 Balsamon,
815 2774 883 2853 περὶ
904 2772 958 2850 τὴν
979 2774 1081 2834 πίστιν
1101 2770 1142 2850 μὴ
1165 2772 1385 2851 σφαλλόμενοι,
1409 2773 1479 2836 ἀλλ’
1503 2777 1542 2843 ὡς

493 2880 677 2958 ἀσυμπαθεῖς
700 2876 951 2956 κατακρινόμενοι.
997 2875 1061 2939 Sed
1083 2875 1109 2937 si
1132 2875 1371 2958 perpendantur
1394 2897 1465 2958 quae
1490 2899 1542 2941 cu-

492 2981 626 3043 nonibus
650 2978 866 3063 sequentibus,
889 2977 953 3041 scil.
977 2999 1062 3040 nono
1084 2984 1117 3041 et
1139 2977 1261 3041 decimo
1282 2976 1452 3055 habentur,
1474 2979 1540 3043 scil.

492 3083 577 3166 quod
593 3081 773 3166 graviorum
789 3080 954 3143 criminum
969 3079 1027 3156 rei,
1042 3087 1099 3143 aut
1114 3080 1211 3144 etiam
1226 3079 1316 3163 lapsi,
1334 3082 1361 3143 si
1376 3082 1418 3144 sd
1433 3103 1540 3145 sacros

491 3184 618 3248 ordines
640 3183 817 3268 promoveri
838 3182 1014 3266 contingat,
1030 3184 1151 3248 τούτους
1169 3186 1186 3245 ὁ
1206 3184 1303 3245 κανὼν
1321 3183 1356 3245 οὐ
1374 3185 1538 3263 προσίεται,

491 3293 525 3350 ct
546 3286 732 3366 γνωσθέντες
754 3289 970 3364 καθαιροῦνται,
989 3283 1202 3367 suspicabitur
1224 3284 1282 3346 hos
1304 3290 1370 3348 tres
1392 3305 1539 3360 canones,

491 3411 553 3453 non
578 3390 618 3453 de
642 3387 833 3452 admissione
857 3385 889 3448 in
911 3385 1075 3449 ecclesiam
1097 3386 1269 3470 quidquam
1294 3396 1457 3460 statuere;
1482 3390 1539 3451 sed

490 3494 530 3556 de
551 3493 653 3577 gradu
676 3490 887 3556 ecclesiastico
909 3496 1068 3572 suscepto,
1090 3496 1149 3552 aut
1171 3489 1345 3565 retinendo,
1364 3496 1422 3553 ant
1444 3491 1538 3554 amit-

489 3597 587 3659 tendo
610 3595 831 3679 praesoribere;
858 3592 1007 3655 nimirum
1029 3600 1067 3655 ut
1088 3592 1226 3668 ordines,
1248 3593 1312 3656 sive
1334 3613 1390 3676 per
1412 3614 1537 3676 surrep-

489 3697 617 3770 tionem,
646 3697 710 3758 sive
739 3696 818 3758 alias
848 3694 955 3759 collati
981 3695 1160 3758 hominibus
1185 3694 1259 3757 olim
1286 3694 1538 3758 Novatianarum

489 3797 638 3883 partium,
666 3799 804 3875 καθαροῖς
831 3798 916 3870 ποτὲ,
942 3796 1005 3859 rati
1035 3797 1234 3859 habeantur:
1268 3796 1432 3860 criminum
1463 3820 1537 3861 voro

487 3899 679 3986 graviorum,
708 3904 766 3961 aut
794 3897 978 3981 Apostasiae
1007 3899 1178 3982 compertis
1208 3899 1370 3969 concessi;
1406 3920 1537 3981 prorsus

487 4001 569 4065 irriti
598 3999 804 4064 aestimentur.
855 4000 919 4063 Sed
949 4000 1025 4062 nihil
1056 4008 1175 4063 statuo.
1228 4000 1338 4063 Unum
1367 4000 1536 4065 observare

487 4103 589 4168 liceat.
635 4104 678 4166 D.
697 4101 913 4183 Augustinum
936 4101 990 4186 qui
1012 4101 1045 4164 in
1068 4102 1218 4185 baptismi
1240 4102 1369 4186 negotio
1385 4101 1535 4187 Cypriani

485 4207 679 4270 auctoritate
707 4203 876 4288 plurimum
907 4204 1121 4287 premebatur,
1152 4225 1256 4266 causae
1289 4225 1355 4266 suae
1384 4204 1536 4266 adversus

486 4316 552 4371 tem
573 4328 669 4392 grave
692 4305 918 4390 praejudicium,
935 4306 1062 4369 unicum
1084 4306 1149 4368 sere
1171 4305 1353 4389 praesidium
1376 4305 1535 4390 petivisse,

485 4412 569 4492 quod
585 4410 716 4484 diceret,
731 4407 807 4471 nihil
827 4408 869 4471 ab
890 4407 1022 4472 ecclesia
1041 4429 1079 4471 eo
1101 4429 1200 4491 usque
1220 4407 1397 4484 definitum,
1415 4415 1449 4470 et
1464 4428 1535 4490 pro-

485 4510 558 4574 inde
578 4510 725 4595 Cypriani
743 4531 882 4573 errorem
903 4510 956 4593 qui
978 4510 1177 4574 decessorum
1197 4509 1323 4594 placitis
1342 4516 1377 4573 et
1398 4508 1535 4574 decretis

484 4612 643 4676 mordiens
665 4612 842 4688 insistebat,
866 4620 959 4676 extre
981 4633 1097 4675 noxam
1120 4612 1234 4675 fuisse:
1257 4609 1533 4695 praesertim'cum
