3700 5667
557 660 606 730 IN
634 660 864 729 CONClLiA
888 664 1135 727 CARTHAG.
1299 659 1364 730 169

321 837 424 901 ditum
438 835 557 920 Asticoe
572 833 753 898 Otridmnae
769 843 932 897 auctorem
948 832 986 895 cl.
1003 831 1191 895 blorcellum
1210 840 1362 905 statuere,

318 962 340 1004 a
353 938 511 1024 Cypriane
530 936 697 1020 designata
717 959 787 1000 esse
805 936 934 1000 secundi
955 936 1061 1020 potius
1080 934 1186 999 seculi
1204 944 1362 1008 extrema,

324 1060 420 1125 quam
442 1039 534 1104 initia
554 1038 651 1114 tertii,
674 1038 733 1102 vol.
749 1038 769 1100 i.
788 1061 817 1123 p.
841 1057 888 1102 12.
933 1039 1082 1103 Ceterum
1105 1037 1136 1099 in
1158 1035 1299 1120 Epinotr
1320 1035 1366 1098 nd

320 1143 474 1222 Qointtm
498 1164 569 1226 quae
586 1159 636 1206 est
654 1142 695 1206 de
712 1141 869 1205 rraeretieis
888 1141 1099 1224 baptizandis,
1119 1137 1271 1222 Cypriani
1294 1137 1363 1209 haeo

320 1246 418 1311 habas
446 1246 488 1310 ad
519 1244 687 1330 Agrippini
719 1244 914 1327 aliorumque
948 1244 1111 1305 decretum
1145 1240 1361 1326 pertinentia;

323 1343 410 1423 Quod
426 1344 546 1429 quidem
564 1354 593 1407 et
611 1344 805 1428 Aprippinus
824 1342 907 1406 tonte
925 1343 1074 1405 mensorio
1093 1343 1143 1405 cir
1161 1362 1229 1404 cum
1249 1340 1365 1403 cotem

318 1447 493 1531 coepiscopis
514 1446 589 1522 sub,
610 1446 664 1531 qui
684 1446 737 1509 illo
761 1447 794 1508 in
818 1456 946 1530 tempore
970 1447 1001 1508 in
1019 1447 1183 1530 prosint-ia
1203 1446 1315 1530 Africo
1338 1455 1366 1508 et

320 1549 478 1614 Numidia
502 1548 655 1612 mosam
679 1550 808 1612 Domini
829 1547 1045 1634 gubernabunt,
1069 1551 1178 1613 statuit
1201 1559 1228 1612 et
1254 1547 1366 1611 librato

319 1647 436 1712 occilit
449 1646 613 1710 morenis
628 1648 922 1728 mumimfirmacit.
939 1670 969 1731 p.
991 1667 1059 1727 127.
1075 1648 1126 1711 ed.
1143 1647 1341 1710 Benedictio.

362 1750 400 1812 P.
422 1769 490 1833 109.
507 1749 528 1811 l.
547 1769 596 1812 10.
611 1748 786 1812 Vobiscum
808 1748 878 1832 pari
900 1746 1104 1810 consensione
1129 1746 1362 1831 conjungimus]

320 1851 399 1914 Cum
413 1851 480 1915 hrec
495 1852 583 1937 prius
602 1873 673 1915 cum
693 1849 954 1915 antecedentibus
973 1851 1142 1934 conjuncta
1158 1861 1277 1927 essent,
1292 1851 1365 1914 ideo

320 1952 393 2016 olim
415 1954 545 2039 conjeci,
561 1953 790 2037 collegendum
812 1975 881 2016 esse
902 1954 1051 2036 conjuncti
1071 1975 1129 2038 pro
1148 1952 1362 2038 conju-ripuaria,

320 2052 494 2121 claudicare
520 2057 603 2120 enim
628 2056 814 2129 orationem,
841 2056 889 2119 vel
916 2055 1022 2140 posita
1047 2056 1132 2118 finali
1159 2055 1363 2119 distinctione

321 2166 393 2239 post
407 2180 498 2222 voces
517 2159 597 2234 illas,
612 2168 640 2223 et
658 2181 679 2222 a
693 2156 776 2221 notis
794 2157 990 2234 obseruatum
1006 2158 1215 2244 conjungimur
1229 2180 1297 2222 esse
1313 2179 1361 2222 re·

321 2262 508 2344 ponendum.
553 2261 642 2324 Editi
664 2260 761 2344 aliqui
783 2283 820 2325 ac
842 2261 951 2346 scripti
972 2262 1149 2345 consessione
1169 2284 1227 2346 pro
1247 2283 1363 2325 ceruen-

320 2360 398 2425 cione
425 2364 588 2441 exhibent,
618 2362 675 2427 sed
704 2363 911 2448 interpretatio
944 2364 1054 2426 Groecc
1085 2364 1131 2427 καὶ
1163 2365 1364 2446 συζεύγνυμεν

319 2462 423 2531 habet.

364 2569 447 2633 Ibid.
469 2569 492 2631 l.
513 2588 561 2633 12.
577 2581 670 2633 extra
689 2568 865 2654 ecclesiam]
890 2570 990 2633 Vetus
1012 2569 1235 2655 interpretatio
1257 2571 1289 2635 in
1312 2595 1362 2638 re·

326 2671 462 2735 centiore
488 2671 594 2735 codice
619 2671 795 2749 Victorino,
822 2672 860 2735 id
881 2682 922 2735 aet
946 2682 1034 2736 entra
1053 2675 1192 2756 semrom
1220 2675 1363 2739 morie.

329 2774 445 2837 Tamen
462 2772 635 2859 baptizatur
653 2776 707 2860 qui
719 2797 740 2838 a
753 2775 868 2838 dodae
883 2774 932 2839 cel
948 2798 970 2838 c
986 2776 1095 2860 perstiti
1108 2776 1155 2840 oet
1172 2775 1210 2840 ab
1229 2777 1365 2840 terratico

325 2874 506 2961 baptizatur,
529 2878 557 2940 si
580 2878 740 2941 mucidum
754 2880 894 2961 fornum
916 2878 1044 2942 cocheio
1066 2877 1204 2965 baptizet.
1250 2881 1364 2965 Sump«

323 2985 389 3042 tum
406 2987 457 3043 est
470 2979 556 3042 istud
576 3001 615 3042 ex
633 2979 737 3064 capite
751 2984 782 3044 A
798 2980 927 3065 quodam
941 2983 1053 3046 choeo
1070 2986 1155 3069 apud
1172 2988 1364 3052 Gratianum

322 3080 392 3145 dist.
409 3083 441 3144 4.
463 3081 503 3144 de
525 3081 769 3159 consecratione,
785 3082 838 3146 ubi
855 3083 1004 3148 Nicotaus
1021 3084 1112 3171 Papa
1127 3087 1154 3150 Ι.
1170 3091 1365 3174 respondens

321 3184 360 3247 ad
393 3183 537 3248 consulta
569 3183 778 3268 Bulgarorum
814 3184 862 3248 ait
898 3186 1092 3271 baptismum
1128 3212 1198 3253 esse
1235 3195 1363 3268 bonum,

323 3285 463 3369 quamvis
494 3284 538 3348 sit
566 3284 699 3349 collatus
730 3286 772 3349 ab
804 3309 842 3350 oo
875 3311 968 3372 quem
1002 3313 1064 3355 non
1097 3294 1266 3358 constabat
1294 3316 1364 3357 esse

321 3387 545 3464 Christianum,
570 3386 596 3450 si
622 3388 755 3453 collatus
780 3390 822 3454 sit
845 3391 878 3453 iu
901 3393 1027 3456 nomine
1051 3402 1170 3457 sauctae
1195 3396 1364 3459 Trinitatis

321 3491 366 3555 vel
395 3498 522 3555 tautum
550 3490 582 3553 in
608 3490 727 3555 Ohn'sti
756 3493 890 3558 nornine.
942 3495 1065 3560 Contra
1091 3498 1266 3581 Gregorius
1293 3500 1364 3562 111.

323 3593 461 3658 scribens
488 3594 531 3657 ad
557 3593 754 3657 Bonisacium
781 3596 1051 3682 archiepiscopum
1080 3598 1226 3683 praecipit
1254 3609 1291 3666 ut
1320 3601 1364 3665 illi

322 3697 424 3759 denuo
438 3695 640 3781 baptizentur
660 3718 739 3779 quos
760 3719 781 3760 a
802 3699 936 3783 paganis
959 3700 1140 3785 baptizatos
1162 3725 1231 3766 csse
1250 3705 1366 3769 consti-

321 3798 406 3862 terit.
450 3798 600 3861 Refertur
618 3797 673 3861 illa
694 3799 881 3863 constitutio
901 3800 956 3864 lib.
971 3801 1022 3866 vii.
1043 3803 1275 3888 Capitularium
1295 3829 1364 3891 cap.

324 3920 392 3963 101.
413 3908 447 3964 et
465 3900 550 3984 apud
572 3900 765 3964 Gratianum
787 3923 856 3986 cap.
881 3904 959 3981 Quos
977 3926 997 3967 c
1017 3907 1150 3990 poponis
1171 3909 1281 3972 eadem
1303 3911 1365 3974 dis·

319 3999 481 4063 tinctione.
517 3999 595 4063 Vide
612 4000 710 4064 etiam
731 4002 849 4066 bullam
867 4004 1001 4089 Eugeuii
1018 4005 1075 4070 IV.
1092 4010 1176 4093 apud
1193 4009 1365 4074 Odoricum

321 4101 519 4186 Raynaldum
536 4124 588 4164 au.
608 4123 699 4188 1439.
717 4105 746 4184 ξ.
766 4122 815 4188 15.
854 4105 934 4170 Vide
950 4106 1128 4170 Gerochum
1147 4108 1367 4194 Reichersper·

319 4224 446 4288 gensem
469 4203 502 4265 iu
525 4211 667 4267 tractatu
692 4205 844 4268 adversus
868 4207 1057 4272 simoniacos
1083 4232 1152 4294 cap.
1177 4229 1228 4275 ιι.
1253 4222 1286 4276 et
1311 4214 1367 4276 Al-

318 4325 427 4390 gerum
451 4305 673 4370 scholasticum
697 4306 904 4372 Leodiensem
925 4332 993 4394 cap.
1009 4329 1062 4394 52.
1084 4313 1124 4374 de
1146 4311 1368 4379 Misericordia

319 4415 352 4472 et
366 4408 388 4470 J
392 4408 511 4472 ustitia.
536 4409 701 4472 Bnuuzrus.

363 4509 446 4574 Ibid.
474 4510 493 4574 Ι.
523 4529 570 4575 12.
594 4510 754 4594 baptisma
779 4513 890 4594 uuum]
921 4513 993 4576 Non
1020 4520 1147 4578 tautum
1173 4537 1211 4578 eo
1240 4519 1366 4583 nomine

320 4614 405 4697 quod
424 4613 525 4698 repeti
546 4634 610 4675 non
632 4613 749 4687 debet;
771 4614 827 4676 sed
848 4614 923 4696 quia
944 4616 986 4678 ab
1006 4616 1138 4681 ecclesia
1156 4617 1367 4703 proficiscitur

362 4738 428 4778 rot.
446 4739 490 4779 ιιι.
829 4737 846 4777 a
