<?xml version="1.0" encoding="UTF-8"?>
<!DOCTYPE html PUBLIC "-//W3C//DTD XHTML 1.0 Transitional//EN"
    "http://www.w3.org/TR/xhtml1/DTD/xhtml1-transitional.dtd">
<html xmlns="http://www.w3.org/1999/xhtml" xml:lang="en" lang="en">
 <head>
  <title>
</title>
<meta http-equiv="Content-Type" content="text/html;charset=utf-8" />
  <meta name='ocr-system' content='tesseract 3.04.00' />
  <meta name='ocr-capabilities' content='ocr_page ocr_carea ocr_par ocr_line ocrx_word'/>
</head>
<body>
  <div class='ocr_page' id='page_1' title='image "./reliquiaesacrae08routgoog_0072.png"; bbox 0 0 3700 5667; ppageno 0'>
   <div class='ocr_carea' id='block_1_1' title="bbox 405 636 1106 703">
    <p class='ocr_par' dir='ltr' id='par_1_1' title="bbox 405 636 1106 703">
     <span class='ocr_line' id='line_1_1' title="bbox 405 636 1106 703; baseline -0.001 0"><span class='ocrx_word' id='word_1_1' title='bbox 405 636 449 703; x_wconf 81' lang='lat'><strong>64</strong></span> <span class='ocrx_word' id='word_1_2' title='bbox 752 636 1106 702; x_wconf 82' lang='lat' dir='ltr'><strong>ANNOTATIONES</strong></span> 
     </span>
    </p>
   </div>
   <div class='ocr_carea' id='block_1_2' title="bbox 386 802 1456 4648">
    <p class='ocr_par' dir='ltr' id='par_1_2' title="bbox 397 802 1456 3410">
     <span class='ocr_line' id='line_1_2' title="bbox 405 802 1456 887; baseline 0 -19"><span class='ocrx_word' id='word_1_3' title='bbox 405 802 527 868; x_wconf 76' lang='lat' dir='ltr'><strong>ecclesia</strong></span> <span class='ocrx_word' id='word_1_4' title='bbox 542 803 672 887; x_wconf 83' lang='lat' dir='ltr'>perinde</span> <span class='ocrx_word' id='word_1_5' title='bbox 687 809 737 866; x_wconf 81' lang='lat' dir='ltr'><strong>est</strong></span> <span class='ocrx_word' id='word_1_6' title='bbox 750 809 848 887; x_wconf 87' lang='lat' dir='ltr'><strong>atque</strong></span> <span class='ocrx_word' id='word_1_7' title='bbox 862 803 895 866; x_wconf 88' lang='lat' dir='ltr'><strong>in</strong></span> <span class='ocrx_word' id='word_1_8' title='bbox 910 803 1049 866; x_wconf 73' lang='lat' dir='ltr'><strong>eeclesiae</strong></span> <span class='ocrx_word' id='word_1_9' title='bbox 1065 802 1250 866; x_wconf 86' lang='lat' dir='ltr'><strong>ministerio.</strong></span> <span class='ocrx_word' id='word_1_10' title='bbox 1288 802 1355 866; x_wconf 85' lang='lat' dir='ltr'><strong>Nec</strong></span> <span class='ocrx_word' id='word_1_11' title='bbox 1370 803 1456 868; x_wconf 90' lang='lat' dir='ltr'><strong>aliud</strong></span> 
     </span>
     <span class='ocr_line' id='line_1_3' title="bbox 405 902 1455 988; baseline 0 -20"><span class='ocrx_word' id='word_1_12' title='bbox 405 926 519 969; x_wconf 84' lang='lat' dir='ltr'><strong>sonare</strong></span> <span class='ocrx_word' id='word_1_13' title='bbox 539 904 615 967; x_wconf 92' lang='lat' dir='ltr'><strong>mihi</strong></span> <span class='ocrx_word' id='word_1_14' title='bbox 631 904 757 968; x_wconf 87' lang='lat' dir='ltr'><strong>videtur</strong></span> <span class='ocrx_word' id='word_1_15' title='bbox 770 902 808 968; x_wconf 84' lang='lat' dir='ltr'><strong>ab</strong></span> <span class='ocrx_word' id='word_1_16' title='bbox 823 905 922 981; x_wconf 80' lang='lat' dir='ltr'><strong>initio,</strong></span> <span class='ocrx_word' id='word_1_17' title='bbox 939 912 1037 988; x_wconf 88' lang='lat' dir='ltr'><strong>atque</strong></span> <span class='ocrx_word' id='word_1_18' title='bbox 1052 905 1094 967; x_wconf 86' lang='lat' dir='ltr'><strong>ab</strong></span> <span class='ocrx_word' id='word_1_19' title='bbox 1112 902 1240 968; x_wconf 88' lang='lat' dir='ltr'><strong>ineunte</strong></span> <span class='ocrx_word' id='word_1_20' title='bbox 1254 914 1350 968; x_wconf 81' lang='lat' dir='ltr'><strong>aetate</strong></span> <span class='ocrx_word' id='word_1_21' title='bbox 1365 913 1399 968; x_wconf 86' lang='lat' dir='ltr'><strong>et</strong></span> <span class='ocrx_word' id='word_1_22' title='bbox 1414 906 1455 968; x_wconf 87' lang='lat' dir='ltr'><strong>ab</strong></span> 
     </span>
     <span class='ocr_line' id='line_1_4' title="bbox 404 1005 1455 1090; baseline -0.001 -19"><span class='ocrx_word' id='word_1_23' title='bbox 404 1005 546 1071; x_wconf 81' lang='lat' dir='ltr'><strong>infantia.</strong></span> <span class='ocrx_word' id='word_1_24' title='bbox 593 1006 638 1070; x_wconf 91' lang='lat' dir='ltr'><strong>Et</strong></span> <span class='ocrx_word' id='word_1_25' title='bbox 663 1029 702 1070; x_wconf 87' lang='lat' dir='ltr'><strong>ea</strong></span> <span class='ocrx_word' id='word_1_26' title='bbox 727 1007 855 1090; x_wconf 90' lang='lat' dir='ltr'><strong>quidem</strong></span> <span class='ocrx_word' id='word_1_27' title='bbox 882 1014 951 1070; x_wconf 91' lang='lat' dir='ltr'><strong>tum</strong></span> <span class='ocrx_word' id='word_1_28' title='bbox 978 1008 1061 1070; x_wconf 89' lang='lat' dir='ltr'><strong>forte</strong></span> <span class='ocrx_word' id='word_1_29' title='bbox 1084 1006 1251 1070; x_wconf 78' lang='lat' dir='ltr'>obtinebat</span> <span class='ocrx_word' id='word_1_30' title='bbox 1277 1006 1455 1090; x_wconf 78' lang='lat' dir='ltr'><strong>disciplina,</strong></span> 
     </span>
     <span class='ocr_line' id='line_1_5' title="bbox 404 1107 1455 1192; baseline 0.001 -22"><span class='ocrx_word' id='word_1_31' title='bbox 404 1130 468 1192; x_wconf 90' lang='lat' dir='ltr'><strong>qua</strong></span> <span class='ocrx_word' id='word_1_32' title='bbox 482 1107 503 1170; x_wconf 94' lang='lat' dir='ltr'><strong>ii</strong></span> <span class='ocrx_word' id='word_1_33' title='bbox 520 1107 620 1192; x_wconf 93' lang='lat' dir='ltr'><strong>quiin</strong></span> <span class='ocrx_word' id='word_1_34' title='bbox 642 1108 759 1170; x_wconf 89' lang='lat' dir='ltr'><strong>clerum</strong></span> <span class='ocrx_word' id='word_1_35' title='bbox 781 1108 977 1172; x_wconf 86' lang='lat' dir='ltr'><strong>adsciscendi</strong></span> <span class='ocrx_word' id='word_1_36' title='bbox 997 1114 1100 1184; x_wconf 87' lang='lat' dir='ltr'><strong>erant,</strong></span> <span class='ocrx_word' id='word_1_37' title='bbox 1115 1128 1157 1182; x_wconf 80' lang='lat' dir='ltr'><strong>se,</strong></span> <span class='ocrx_word' id='word_1_38' title='bbox 1171 1115 1208 1171; x_wconf 89' lang='lat' dir='ltr'><strong>ut</strong></span> <span class='ocrx_word' id='word_1_39' title='bbox 1223 1107 1363 1191; x_wconf 91' lang='lat' dir='ltr'><strong>loquitur</strong></span> <span class='ocrx_word' id='word_1_40' title='bbox 1379 1107 1455 1171; x_wconf 90' lang='lat' dir='ltr'><strong>Siri-</strong></span> 
     </span>
     <span class='ocr_line' id='line_1_6' title="bbox 403 1208 1455 1294; baseline 0 -22"><span class='ocrx_word' id='word_1_41' title='bbox 403 1209 471 1273; x_wconf 91' lang='lat' dir='ltr'><strong>eius</strong></span> <span class='ocrx_word' id='word_1_42' title='bbox 493 1208 596 1293; x_wconf 90' lang='lat' dir='ltr'><strong>Epist.</strong></span> <span class='ocrx_word' id='word_1_43' title='bbox 613 1210 634 1271; x_wconf 93' lang='lat' dir='ltr'><strong>i.</strong></span> <span class='ocrx_word' id='word_1_44' title='bbox 651 1232 681 1272; x_wconf 92' lang='lat' dir='ltr'><strong>n.</strong></span> <span class='ocrx_word' id='word_1_45' title='bbox 700 1229 747 1293; x_wconf 82' lang='lat'><strong>13.</strong></span> <span class='ocrx_word' id='word_1_46' title='bbox 797 1210 943 1273; x_wconf 68' lang='lat' dir='ltr'><strong>Eechsioe</strong></span> <span class='ocrx_word' id='word_1_47' title='bbox 965 1231 1068 1272; x_wconf 80' lang='lat' dir='ltr'><strong>eccere</strong></span> <span class='ocrx_word' id='word_1_48' title='bbox 1088 1209 1230 1294; x_wconf 70' lang='lat' dir='ltr'><strong>obsequio</strong></span> <span class='ocrx_word' id='word_1_49' title='bbox 1251 1208 1289 1273; x_wconf 84' lang='lat' dir='ltr'><strong>ab</strong></span> <span class='ocrx_word' id='word_1_50' title='bbox 1316 1211 1455 1293; x_wconf 76' lang='lat' dir='ltr'><strong>infantie</strong></span> 
     </span>
     <span class='ocr_line' id='line_1_7' title="bbox 403 1310 1455 1395; baseline 0 -21"><span class='ocrx_word' id='word_1_51' title='bbox 403 1333 469 1384; x_wconf 80' lang='grc' dir='ltr'>ινα,</span> <span class='ocrx_word' id='word_1_52' title='bbox 493 1311 599 1374; x_wconf 91' lang='lat' dir='ltr'><strong>velut</strong></span> <span class='ocrx_word' id='word_1_53' title='bbox 622 1310 759 1395; x_wconf 91' lang='lat' dir='ltr'><strong>idipsum</strong></span> <span class='ocrx_word' id='word_1_54' title='bbox 780 1311 926 1374; x_wconf 83' lang='lat' dir='ltr'><strong>Zosimus</strong></span> <span class='ocrx_word' id='word_1_55' title='bbox 950 1311 1054 1395; x_wconf 85' lang='lat' dir='ltr'><strong>Epist.</strong></span> <span class='ocrx_word' id='word_1_56' title='bbox 1077 1311 1119 1374; x_wconf 84' lang='lat' dir='ltr'><strong>ix.</strong></span> <span class='ocrx_word' id='word_1_57' title='bbox 1136 1332 1166 1372; x_wconf 92' lang='lat' dir='ltr'><strong>n.</strong></span> <span class='ocrx_word' id='word_1_58' title='bbox 1182 1331 1213 1394; x_wconf 82' lang='lat'><strong>5.</strong></span> <span class='ocrx_word' id='word_1_59' title='bbox 1236 1313 1392 1386; x_wconf 81' lang='lat' dir='ltr'><strong>enuntiat,</strong></span> <span class='ocrx_word' id='word_1_60' title='bbox 1416 1310 1455 1374; x_wconf 80' lang='lat' dir='ltr'><strong>ab</strong></span> 
     </span>
     <span class='ocr_line' id='line_1_8' title="bbox 402 1412 1455 1498; baseline 0 -22"><span class='ocrx_word' id='word_1_61' title='bbox 402 1414 541 1496; x_wconf 78' lang='lat' dir='ltr'><strong>infantia</strong></span> <span class='ocrx_word' id='word_1_62' title='bbox 552 1412 754 1477; x_wconf 76' lang='lat' dir='ltr'><strong>ecclesiasticis</strong></span> <span class='ocrx_word' id='word_1_63' title='bbox 768 1412 945 1475; x_wconf 73' lang='grc' dir='ltr'>ιιιιῖιιὶιτινιῗὶι</span> <span class='ocrx_word' id='word_1_64' title='bbox 955 1432 1061 1475; x_wconf 71' lang='lat' dir='ltr'><strong>aetiten</strong></span> <span class='ocrx_word' id='word_1_65' title='bbox 1071 1412 1155 1486; x_wconf 80' lang='lat' dir='ltr'><strong>dere,</strong></span> <span class='ocrx_word' id='word_1_66' title='bbox 1167 1421 1201 1476; x_wconf 90' lang='lat' dir='ltr'><strong>et</strong></span> <span class='ocrx_word' id='word_1_67' title='bbox 1216 1413 1262 1476; x_wconf 88' lang='lat' dir='ltr'><strong>ita</strong></span> <span class='ocrx_word' id='word_1_68' title='bbox 1277 1435 1335 1498; x_wconf 92' lang='lat' dir='ltr'><strong>per</strong></span> <span class='ocrx_word' id='word_1_69' title='bbox 1345 1435 1455 1476; x_wconf 89' lang='lat' dir='ltr'><strong>omnes</strong></span> 
     </span>
     <span class='ocr_line' id='line_1_9' title="bbox 403 1514 1455 1600; baseline 0.001 -22"><span class='ocrx_word' id='word_1_70' title='bbox 403 1515 478 1579; x_wconf 86' lang='lat' dir='ltr'><strong>cleri</strong></span> <span class='ocrx_word' id='word_1_71' title='bbox 504 1515 622 1600; x_wconf 83' lang='lat' dir='ltr'><strong>gradus</strong></span> <span class='ocrx_word' id='word_1_72' title='bbox 645 1514 864 1598; x_wconf 88' lang='lat' dir='ltr'><strong>episcopatum</strong></span> <span class='ocrx_word' id='word_1_73' title='bbox 890 1514 1063 1597; x_wconf 86' lang='lat' dir='ltr'><strong>promereri</strong></span> <span class='ocrx_word' id='word_1_74' title='bbox 1089 1515 1244 1579; x_wconf 88' lang='lat' dir='ltr'><strong>solebant.</strong></span> <span class='ocrx_word' id='word_1_75' title='bbox 1298 1516 1455 1595; x_wconf 75' lang='lat' dir='ltr'><strong>Quocirca</strong></span> 
     </span>
     <span class='ocr_line' id='line_1_10' title="bbox 403 1614 1453 1701; baseline -0.003 -18"><span class='ocrx_word' id='word_1_76' title='bbox 403 1616 580 1701; x_wconf 77' lang='lat' dir='ltr'><strong>Cyprianus</strong></span> <span class='ocrx_word' id='word_1_77' title='bbox 605 1615 639 1678; x_wconf 94' lang='lat' dir='ltr'><strong>in</strong></span> <span class='ocrx_word' id='word_1_78' title='bbox 664 1615 800 1699; x_wconf 88' lang='lat' dir='ltr'><strong>epistola</strong></span> <span class='ocrx_word' id='word_1_79' title='bbox 826 1614 971 1698; x_wconf 77' lang='lat' dir='ltr'><strong>sequenti</strong></span> <span class='ocrx_word' id='word_1_80' title='bbox 998 1637 1030 1678; x_wconf 88' lang='lat' dir='ltr'><strong>n.</strong></span> <span class='ocrx_word' id='word_1_81' title='bbox 1056 1631 1087 1698; x_wconf 90' lang='lat'><strong>7.</strong></span> <span class='ocrx_word' id='word_1_82' title='bbox 1117 1615 1242 1680; x_wconf 88' lang='lat' dir='ltr'><strong>etiamsi</strong></span> <span class='ocrx_word' id='word_1_83' title='bbox 1269 1617 1453 1680; x_wconf 88' lang='lat' dir='ltr'><strong>Cornelium</strong></span> 
     </span>
     <span class='ocr_line' id='line_1_11' title="bbox 403 1716 1454 1784; baseline 0.001 -1"><span class='ocrx_word' id='word_1_84' title='bbox 403 1718 623 1783; x_wconf 76' lang='lat' dir='ltr'><strong>aeclesiasticis</strong></span> <span class='ocrx_word' id='word_1_85' title='bbox 648 1717 830 1782; x_wconf 83' lang='lat' dir='ltr'><strong>ministeriis</strong></span> <span class='ocrx_word' id='word_1_86' title='bbox 855 1716 893 1781; x_wconf 84' lang='lat' dir='ltr'><strong>ab</strong></span> <span class='ocrx_word' id='word_1_87' title='bbox 918 1718 1007 1781; x_wconf 82' lang='lat' dir='ltr'><strong>initio</strong></span> <span class='ocrx_word' id='word_1_88' title='bbox 1030 1740 1084 1782; x_wconf 91' lang='lat' dir='ltr'><strong>seu</strong></span> <span class='ocrx_word' id='word_1_89' title='bbox 1108 1718 1150 1782; x_wconf 92' lang='lat' dir='ltr'><strong>ab</strong></span> <span class='ocrx_word' id='word_1_90' title='bbox 1177 1718 1313 1783; x_wconf 86' lang='lat' dir='ltr'><strong>infantia</strong></span> <span class='ocrx_word' id='word_1_91' title='bbox 1337 1741 1454 1784; x_wconf 91' lang='lat' dir='ltr'><strong>nomen</strong></span> 
     </span>
     <span class='ocr_line' id='line_1_12' title="bbox 402 1819 1452 1904; baseline 0.002 -20"><span class='ocrx_word' id='word_1_92' title='bbox 402 1821 527 1886; x_wconf 79' lang='lat' dir='ltr'><strong>dedisse</strong></span> <span class='ocrx_word' id='word_1_93' title='bbox 547 1842 609 1884; x_wconf 90' lang='lat' dir='ltr'><strong>non</strong></span> <span class='ocrx_word' id='word_1_94' title='bbox 633 1829 745 1904; x_wconf 86' lang='lat' dir='ltr'><strong>aperte</strong></span> <span class='ocrx_word' id='word_1_95' title='bbox 771 1819 877 1891; x_wconf 86' lang='lat' dir='ltr'><strong>dieat;</strong></span> <span class='ocrx_word' id='word_1_96' title='bbox 913 1819 987 1881; x_wconf 88' lang='lat' dir='ltr'><strong>hino</strong></span> <span class='ocrx_word' id='word_1_97' title='bbox 1010 1828 1119 1884; x_wconf 75' lang='lat' dir='ltr'><strong>tanim</strong></span> <span class='ocrx_word' id='word_1_98' title='bbox 1143 1842 1216 1884; x_wconf 91' lang='lat' dir='ltr'><strong>eum</strong></span> <span class='ocrx_word' id='word_1_99' title='bbox 1242 1822 1452 1897; x_wconf 85' lang='lat' dir='ltr'><strong>commendat,</strong></span> 
     </span>
     <span class='ocr_line' id='line_1_13' title="bbox 402 1921 1453 2008; baseline 0.002 -22"><span class='ocrx_word' id='word_1_100' title='bbox 402 1924 488 2007; x_wconf 93' lang='lat' dir='ltr'><strong>quod</strong></span> <span class='ocrx_word' id='word_1_101' title='bbox 502 1944 562 1986; x_wconf 85' lang='grc' dir='ltr'>ιινιι</span> <span class='ocrx_word' id='word_1_102' title='bbox 574 1923 620 1987; x_wconf 79' lang='lat' dir='ltr'><strong>ed</strong></span> <span class='ocrx_word' id='word_1_103' title='bbox 631 1923 831 2007; x_wconf 66' lang='lat' dir='ltr'><strong>pomparum</strong></span> <span class='ocrx_word' id='word_1_104' title='bbox 845 1921 941 1986; x_wconf 80' lang='lat' dir='ltr'><strong>subito</strong></span> <span class='ocrx_word' id='word_1_105' title='bbox 953 1923 1096 2003; x_wconf 75' lang='lat' dir='ltr'><strong>pervenit,</strong></span> <span class='ocrx_word' id='word_1_106' title='bbox 1111 1923 1164 1986; x_wconf 83' lang='lat' dir='ltr'><strong>scd</strong></span> <span class='ocrx_word' id='word_1_107' title='bbox 1170 1945 1231 2008; x_wconf 82' lang='lat' dir='ltr'><strong>per</strong></span> <span class='ocrx_word' id='word_1_108' title='bbox 1244 1925 1347 1986; x_wconf 77' lang='lat' dir='ltr'><strong>mania</strong></span> <span class='ocrx_word' id='word_1_109' title='bbox 1366 1925 1453 1988; x_wconf 79' lang='lat' dir='ltr'><strong>eecle-</strong></span> 
     </span>
     <span class='ocr_line' id='line_1_14' title="bbox 400 2024 1454 2108; baseline 0 -19"><span class='ocrx_word' id='word_1_110' title='bbox 400 2026 527 2089; x_wconf 76' lang='lat' dir='ltr'><strong>siastico</strong></span> <span class='ocrx_word' id='word_1_111' title='bbox 555 2025 653 2107; x_wconf 66' lang='lat' dir='ltr'><strong>efficia</strong></span> <span class='ocrx_word' id='word_1_112' title='bbox 677 2034 838 2108; x_wconf 76' lang='lat' dir='ltr'><strong>promotus,</strong></span> <span class='ocrx_word' id='word_1_113' title='bbox 868 2034 897 2087; x_wconf 82' lang='lat' dir='ltr'><strong>et</strong></span> <span class='ocrx_word' id='word_1_114' title='bbox 925 2024 961 2086; x_wconf 82' lang='grc' dir='ltr'><strong>ιἰι</strong></span> <span class='ocrx_word' id='word_1_115' title='bbox 995 2024 1111 2087; x_wconf 77' lang='lat' dir='ltr'><strong>divinis</strong></span> <span class='ocrx_word' id='word_1_116' title='bbox 1139 2025 1454 2089; x_wconf 70' lang='lat' dir='ltr'><strong>administrationibus</strong></span> 
     </span>
     <span class='ocr_line' id='line_1_15' title="bbox 401 2124 1454 2212; baseline -0.002 -20"><span class='ocrx_word' id='word_1_117' title='bbox 401 2128 503 2192; x_wconf 77' lang='lat' dir='ltr'><strong>Deum</strong></span> <span class='ocrx_word' id='word_1_118' title='bbox 524 2127 720 2211; x_wconf 62' lang='lat' dir='ltr'><strong>promotu,</strong></span> <span class='ocrx_word' id='word_1_119' title='bbox 748 2127 793 2189; x_wconf 80' lang='lat' dir='ltr'><strong>ad</strong></span> <span class='ocrx_word' id='word_1_120' title='bbox 815 2125 977 2190; x_wconf 79' lang='lat' dir='ltr'><strong>sacerdotii</strong></span> <span class='ocrx_word' id='word_1_121' title='bbox 1002 2124 1126 2188; x_wconf 79' lang='lat' dir='ltr'><strong>sublime</strong></span> <span class='ocrx_word' id='word_1_122' title='bbox 1144 2128 1311 2212; x_wconf 74' lang='lat' dir='ltr'><strong>scsliplem</strong></span> <span class='ocrx_word' id='word_1_123' title='bbox 1340 2129 1454 2190; x_wconf 61' lang='lat' dir='ltr'><strong>culmea</strong></span> 
     </span>
     <span class='ocr_line' id='line_1_16' title="bbox 401 2227 1452 2314; baseline -0.003 -20"><span class='ocrx_word' id='word_1_124' title='bbox 401 2230 557 2314; x_wconf 70' lang='lat' dir='ltr'><strong>robipionis</strong></span> <span class='ocrx_word' id='word_1_125' title='bbox 582 2227 730 2312; x_wconf 75' lang='lat' dir='ltr'><strong>proditus</strong></span> <span class='ocrx_word' id='word_1_126' title='bbox 757 2228 920 2292; x_wconf 79' lang='lat' dir='ltr'><strong>adscendit.</strong></span> <span class='ocrx_word' id='word_1_127' title='bbox 990 2227 1053 2292; x_wconf 92' lang='lat' dir='ltr'><strong>Hic</strong></span> <span class='ocrx_word' id='word_1_128' title='bbox 1090 2229 1188 2312; x_wconf 83' lang='lat' dir='ltr'><strong>igitur</strong></span> <span class='ocrx_word' id='word_1_129' title='bbox 1217 2230 1381 2312; x_wconf 87' lang='lat' dir='ltr'><strong>quaeritur,</strong></span> <span class='ocrx_word' id='word_1_130' title='bbox 1410 2251 1452 2292; x_wconf 89' lang='lat' dir='ltr'><strong>an</strong></span> 
     </span>
     <span class='ocr_line' id='line_1_17' title="bbox 401 2328 1452 2400; baseline -0.001 -5"><span class='ocrx_word' id='word_1_131' title='bbox 401 2330 555 2395; x_wconf 90' lang='lat' dir='ltr'><strong>similibus</strong></span> <span class='ocrx_word' id='word_1_132' title='bbox 569 2329 690 2392; x_wconf 84' lang='lat' dir='ltr'><strong>meritis</strong></span> <span class='ocrx_word' id='word_1_133' title='bbox 705 2336 837 2392; x_wconf 82' lang='lat' dir='ltr'><strong>ornatus</strong></span> <span class='ocrx_word' id='word_1_134' title='bbox 852 2328 894 2393; x_wconf 92' lang='lat' dir='ltr'><strong>sit</strong></span> <span class='ocrx_word' id='word_1_135' title='bbox 910 2329 1131 2400; x_wconf 86' lang='lat' dir='ltr'><strong>Novatianus;</strong></span> <span class='ocrx_word' id='word_1_136' title='bbox 1154 2337 1187 2393; x_wconf 81' lang='lat' dir='ltr'><strong>et</strong></span> <span class='ocrx_word' id='word_1_137' title='bbox 1202 2351 1241 2392; x_wconf 89' lang='lat' dir='ltr'><strong>ea</strong></span> <span class='ocrx_word' id='word_1_138' title='bbox 1255 2329 1298 2393; x_wconf 93' lang='lat' dir='ltr'><strong>illi</strong></span> <span class='ocrx_word' id='word_1_139' title='bbox 1315 2330 1452 2394; x_wconf 84' lang='lat' dir='ltr'><strong>doluisse</strong></span> 
     </span>
     <span class='ocr_line' id='line_1_18' title="bbox 400 2431 1451 2514; baseline -0.004 -17"><span class='ocrx_word' id='word_1_140' title='bbox 400 2433 645 2497; x_wconf 80' lang='lat' dir='ltr'><strong>demonstratur.</strong></span> <span class='ocrx_word' id='word_1_141' title='bbox 669 2431 842 2495; x_wconf 77' lang='lat' dir='ltr'><strong>Oousrsnr.</strong></span> <span class='ocrx_word' id='word_1_142' title='bbox 890 2431 924 2494; x_wconf 92' lang='lat' dir='ltr'><strong>Si</strong></span> <span class='ocrx_word' id='word_1_143' title='bbox 940 2453 979 2494; x_wconf 87' lang='lat' dir='ltr'><strong>ex</strong></span> <span class='ocrx_word' id='word_1_144' title='bbox 995 2431 1129 2495; x_wconf 83' lang='lat' dir='ltr'><strong>ethnicis</strong></span> <span class='ocrx_word' id='word_1_145' title='bbox 1144 2431 1329 2514; x_wconf 82' lang='lat' dir='ltr'><strong>parentibus</strong></span> <span class='ocrx_word' id='word_1_146' title='bbox 1344 2439 1451 2495; x_wconf 88' lang='lat' dir='ltr'><strong>ortum</strong></span> 
     </span>
     <span class='ocr_line' id='line_1_19' title="bbox 399 2532 1451 2618; baseline -0.004 -18"><span class='ocrx_word' id='word_1_147' title='bbox 399 2533 548 2600; x_wconf 87' lang='lat' dir='ltr'><strong>habuerit</strong></span> <span class='ocrx_word' id='word_1_148' title='bbox 557 2532 587 2596; x_wconf 93' lang='lat' dir='ltr'><strong>N</strong></span> <span class='ocrx_word' id='word_1_149' title='bbox 588 2533 765 2610; x_wconf 75' lang='lat' dir='ltr'><strong>cratianus,</strong></span> <span class='ocrx_word' id='word_1_150' title='bbox 775 2533 859 2618; x_wconf 89' lang='lat' dir='ltr'><strong>quod</strong></span> <span class='ocrx_word' id='word_1_151' title='bbox 870 2533 997 2616; x_wconf 90' lang='lat' dir='ltr'><strong>quidem</strong></span> <span class='ocrx_word' id='word_1_152' title='bbox 1007 2555 1047 2596; x_wconf 87' lang='lat' dir='ltr'><strong>ex</strong></span> <span class='ocrx_word' id='word_1_153' title='bbox 1057 2532 1192 2596; x_wconf 76' lang='lat' dir='ltr'><strong>Cornelii</strong></span> <span class='ocrx_word' id='word_1_154' title='bbox 1204 2533 1318 2609; x_wconf 89' lang='lat' dir='ltr'><strong>verbis,</strong></span> <span class='ocrx_word' id='word_1_155' title='bbox 1331 2534 1451 2614; x_wconf 76' lang='grc' dir='ltr'>ἀφορμὴ</span> 
     </span>
     <span class='ocr_line' id='line_1_20' title="bbox 400 2633 1451 2720; baseline -0.001 -21"><span class='ocrx_word' id='word_1_156' title='bbox 400 2640 453 2699; x_wconf 83' lang='grc' dir='ltr'><strong>τοῦ</strong></span> <span class='ocrx_word' id='word_1_157' title='bbox 472 2639 633 2699; x_wconf 82' lang='grc' dir='ltr'>πιστεῦσαι</span> <span class='ocrx_word' id='word_1_158' title='bbox 656 2633 795 2716; x_wconf 76' lang='grc' dir='ltr'>γέγονεν,</span> <span class='ocrx_word' id='word_1_159' title='bbox 816 2636 917 2720; x_wconf 86' lang='lat' dir='ltr'><strong>magis</strong></span> <span class='ocrx_word' id='word_1_160' title='bbox 941 2634 1150 2719; x_wconf 88' lang='lat' dir='ltr'><strong>colligendum</strong></span> <span class='ocrx_word' id='word_1_161' title='bbox 1165 2635 1299 2709; x_wconf 84' lang='lat' dir='ltr'><strong>videtur,</strong></span> <span class='ocrx_word' id='word_1_162' title='bbox 1316 2633 1392 2697; x_wconf 91' lang='lat' dir='ltr'><strong>illud</strong></span> <span class='ocrx_word' id='word_1_163' title='bbox 1412 2633 1451 2698; x_wconf 78' lang='lat' dir='ltr'><strong>ab</strong></span> 
     </span>
     <span class='ocr_line' id='line_1_21' title="bbox 399 2736 1451 2819; baseline -0.001 -18"><span class='ocrx_word' id='word_1_164' title='bbox 399 2737 490 2801; x_wconf 73' lang='lat' dir='ltr'><strong>initio</strong></span> <span class='ocrx_word' id='word_1_165' title='bbox 511 2738 546 2800; x_wconf 80' lang='lat' dir='ltr'><strong>ia</strong></span> <span class='ocrx_word' id='word_1_166' title='bbox 569 2737 690 2801; x_wconf 74' lang='lat' dir='ltr'><strong>ecelesia</strong></span> <span class='ocrx_word' id='word_1_167' title='bbox 713 2739 841 2814; x_wconf 63' lang='lat' dir='ltr'><strong>versem,</strong></span> <span class='ocrx_word' id='word_1_168' title='bbox 864 2739 904 2801; x_wconf 89' lang='lat' dir='ltr'><strong>de</strong></span> <span class='ocrx_word' id='word_1_169' title='bbox 926 2737 1113 2801; x_wconf 81' lang='lat' dir='ltr'><strong>educatione</strong></span> <span class='ocrx_word' id='word_1_170' title='bbox 1135 2736 1273 2819; x_wconf 90' lang='lat' dir='ltr'><strong>cujusvis</strong></span> <span class='ocrx_word' id='word_1_171' title='bbox 1289 2758 1310 2798; x_wconf 86' lang='lat' dir='ltr'><strong>a</strong></span> <span class='ocrx_word' id='word_1_172' title='bbox 1332 2737 1451 2800; x_wconf 87' lang='lat' dir='ltr'><strong>teneris</strong></span> 
     </span>
     <span class='ocr_line' id='line_1_22' title="bbox 399 2837 1449 2923; baseline -0.001 -20"><span class='ocrx_word' id='word_1_173' title='bbox 399 2860 499 2923; x_wconf 88' lang='lat' dir='ltr'><strong>usque</strong></span> <span class='ocrx_word' id='word_1_174' title='bbox 524 2838 557 2901; x_wconf 89' lang='lat' dir='ltr'><strong>in</strong></span> <span class='ocrx_word' id='word_1_175' title='bbox 583 2838 721 2903; x_wconf 73' lang='lat' dir='ltr'><strong>ecelesiae</strong></span> <span class='ocrx_word' id='word_1_176' title='bbox 748 2839 967 2902; x_wconf 90' lang='lat' dir='ltr'><strong>communione</strong></span> <span class='ocrx_word' id='word_1_177' title='bbox 991 2837 1193 2921; x_wconf 85' lang='lat' dir='ltr'><strong>interpretari</strong></span> <span class='ocrx_word' id='word_1_178' title='bbox 1218 2838 1335 2900; x_wconf 91' lang='lat' dir='ltr'><strong>malim.</strong></span> <span class='ocrx_word' id='word_1_179' title='bbox 1391 2837 1449 2914; x_wconf 87' lang='lat' dir='ltr'><strong>Et,</strong></span> 
     </span>
     <span class='ocr_line' id='line_1_23' title="bbox 399 2938 1450 3024; baseline 0 -22"><span class='ocrx_word' id='word_1_180' title='bbox 399 2960 579 3024; x_wconf 87' lang='lat' dir='ltr'><strong>quanquam</strong></span> <span class='ocrx_word' id='word_1_181' title='bbox 598 2939 759 3002; x_wconf 88' lang='lat' dir='ltr'><strong>contraria</strong></span> <span class='ocrx_word' id='word_1_182' title='bbox 775 2940 930 3022; x_wconf 77' lang='lat' dir='ltr'><strong>quaedam,</strong></span> <span class='ocrx_word' id='word_1_183' title='bbox 947 2946 984 3002; x_wconf 89' lang='lat' dir='ltr'><strong>ut</strong></span> <span class='ocrx_word' id='word_1_184' title='bbox 998 2938 1128 3012; x_wconf 86' lang='lat' dir='ltr'><strong>videbis,</strong></span> <span class='ocrx_word' id='word_1_185' title='bbox 1145 2938 1184 3001; x_wconf 86' lang='lat' dir='ltr'><strong>de</strong></span> <span class='ocrx_word' id='word_1_186' title='bbox 1200 2960 1274 3002; x_wconf 87' lang='lat' dir='ltr'><strong>voce</strong></span> <span class='ocrx_word' id='word_1_187' title='bbox 1289 2944 1450 3002; x_wconf 79' lang='grc' dir='ltr'>πιστεῦσαι</span> 
     </span>
     <span class='ocr_line' id='line_1_24' title="bbox 398 3039 1450 3124; baseline -0.003 -19"><span class='ocrx_word' id='word_1_188' title='bbox 398 3039 565 3105; x_wconf 78' lang='lat' dir='ltr'><strong>adnotavit</strong></span> <span class='ocrx_word' id='word_1_189' title='bbox 589 3039 804 3115; x_wconf 74' lang='lat' dir='ltr'><strong>Constantius,</strong></span> <span class='ocrx_word' id='word_1_190' title='bbox 829 3042 897 3124; x_wconf 90' lang='lat' dir='ltr'><strong>ejus</strong></span> <span class='ocrx_word' id='word_1_191' title='bbox 928 3047 1035 3104; x_wconf 82' lang='lat' dir='ltr'><strong>tamen</strong></span> <span class='ocrx_word' id='word_1_192' title='bbox 1066 3039 1237 3123; x_wconf 84' lang='lat' dir='ltr'><strong>simplicior</strong></span> <span class='ocrx_word' id='word_1_193' title='bbox 1262 3050 1360 3123; x_wconf 86' lang='lat' dir='ltr'><strong>atque</strong></span> <span class='ocrx_word' id='word_1_194' title='bbox 1386 3040 1450 3103; x_wconf 90' lang='lat' dir='ltr'><strong>usi·</strong></span> 
     </span>
     <span class='ocr_line' id='line_1_25' title="bbox 398 3141 1448 3226; baseline -0.002 -19"><span class='ocrx_word' id='word_1_195' title='bbox 398 3142 499 3206; x_wconf 85' lang='lat' dir='ltr'><strong>tutior</strong></span> <span class='ocrx_word' id='word_1_196' title='bbox 512 3162 623 3204; x_wconf 89' lang='lat' dir='ltr'><strong>sensus</strong></span> <span class='ocrx_word' id='word_1_197' title='bbox 640 3141 718 3205; x_wconf 90' lang='lat' dir='ltr'><strong>mihi</strong></span> <span class='ocrx_word' id='word_1_198' title='bbox 733 3143 861 3226; x_wconf 89' lang='lat' dir='ltr'><strong>quidem</strong></span> <span class='ocrx_word' id='word_1_199' title='bbox 882 3142 1023 3219; x_wconf 79' lang='lat' dir='ltr'><strong>arridet3</strong></span> <span class='ocrx_word' id='word_1_200' title='bbox 1047 3150 1085 3206; x_wconf 83' lang='lat' dir='ltr'><strong>ut</strong></span> <span class='ocrx_word' id='word_1_201' title='bbox 1099 3164 1139 3205; x_wconf 86' lang='lat' dir='ltr'><strong>ex</strong></span> <span class='ocrx_word' id='word_1_202' title='bbox 1155 3141 1272 3205; x_wconf 84' lang='lat' dir='ltr'><strong>auxilio</strong></span> <span class='ocrx_word' id='word_1_203' title='bbox 1289 3142 1365 3206; x_wconf 84' lang='lat' dir='ltr'><strong>dato</strong></span> <span class='ocrx_word' id='word_1_204' title='bbox 1387 3143 1448 3205; x_wconf 93' lang='lat' dir='ltr'><strong>sibi</strong></span> 
     </span>
     <span class='ocr_line' id='line_1_26' title="bbox 397 3242 1448 3329; baseline -0.001 -20"><span class='ocrx_word' id='word_1_205' title='bbox 397 3244 439 3309; x_wconf 92' lang='lat' dir='ltr'><strong>ab</strong></span> <span class='ocrx_word' id='word_1_206' title='bbox 472 3243 637 3308; x_wconf 84' lang='lat' dir='ltr'><strong>exorcistis</strong></span> <span class='ocrx_word' id='word_1_207' title='bbox 674 3244 871 3309; x_wconf 78' lang='lat' dir='ltr'><strong>occasionem</strong></span> <span class='ocrx_word' id='word_1_208' title='bbox 905 3243 978 3306; x_wconf 86' lang='lat' dir='ltr'><strong>fidei</strong></span> <span class='ocrx_word' id='word_1_209' title='bbox 1013 3242 1241 3327; x_wconf 72' lang='lat' dir='ltr'><strong>amplectendae</strong></span> <span class='ocrx_word' id='word_1_210' title='bbox 1278 3245 1448 3329; x_wconf 90' lang='lat' dir='ltr'><strong>sumpsisse</strong></span> 
     </span>
     <span class='ocr_line' id='line_1_27' title="bbox 398 3345 785 3410; baseline -0.008 0"><span class='ocrx_word' id='word_1_211' title='bbox 398 3345 597 3410; x_wconf 89' lang='lat' dir='ltr'><strong>Novatianus</strong></span> <span class='ocrx_word' id='word_1_212' title='bbox 612 3351 785 3409; x_wconf 87' lang='lat' dir='ltr'><strong>statuatur.</strong></span> 
     </span>
    </p>

    <p class='ocr_par' dir='ltr' id='par_1_3' title="bbox 386 3445 1448 4120">
     <span class='ocr_line' id='line_1_28' title="bbox 440 3445 1448 3531; baseline -0.002 -21"><span class='ocrx_word' id='word_1_213' title='bbox 440 3447 478 3510; x_wconf 90' lang='lat' dir='ltr'><strong>P.</strong></span> <span class='ocrx_word' id='word_1_214' title='bbox 494 3466 543 3527; x_wconf 88' lang='lat'><strong>24.</strong></span> <span class='ocrx_word' id='word_1_215' title='bbox 558 3447 580 3511; x_wconf 86' lang='lat' dir='ltr'><strong>l.</strong></span> <span class='ocrx_word' id='word_1_216' title='bbox 598 3468 644 3531; x_wconf 81' lang='lat'><strong>13.</strong></span> <span class='ocrx_word' id='word_1_217' title='bbox 660 3450 734 3528; x_wconf 72' lang='grc' dir='ltr'>ὑπὲρ</span> <span class='ocrx_word' id='word_1_218' title='bbox 749 3447 838 3525; x_wconf 74' lang='grc' dir='ltr'>αὐτῆς</span> <span class='ocrx_word' id='word_1_219' title='bbox 852 3445 1072 3529; x_wconf 72' lang='grc' dir='ltr'>ἀγωνίσασθαι]</span> <span class='ocrx_word' id='word_1_220' title='bbox 1088 3446 1155 3525; x_wconf 82' lang='grc' dir='ltr'>περὶ</span> <span class='ocrx_word' id='word_1_221' title='bbox 1170 3445 1257 3522; x_wconf 72' lang='grc' dir='ltr'>αὐτῆς</span> <span class='ocrx_word' id='word_1_222' title='bbox 1272 3447 1345 3508; x_wconf 78' lang='lat' dir='ltr'><strong>MS.</strong></span> <span class='ocrx_word' id='word_1_223' title='bbox 1364 3447 1448 3508; x_wconf 66' lang='lat' dir='ltr'><strong>Iller-</strong></span> 
     </span>
     <span class='ocr_line' id='line_1_29' title="bbox 386 3546 1445 3633; baseline -0.004 -20"><span class='ocrx_word' id='word_1_224' title='bbox 386 3549 464 3633; x_wconf 87' lang='lat' dir='ltr'><strong>selc.</strong></span> <span class='ocrx_word' id='word_1_225' title='bbox 478 3551 642 3632; x_wconf 77' lang='grc' dir='ltr'>ἠγωνίσθαι</span> <span class='ocrx_word' id='word_1_226' title='bbox 656 3552 730 3614; x_wconf 80' lang='lat' dir='ltr'><strong>MS.</strong></span> <span class='ocrx_word' id='word_1_227' title='bbox 748 3549 838 3611; x_wconf 81' lang='lat' dir='ltr'><strong>Bcdl.</strong></span> <span class='ocrx_word' id='word_1_228' title='bbox 855 3558 888 3612; x_wconf 89' lang='lat' dir='ltr'><strong>et</strong></span> <span class='ocrx_word' id='word_1_229' title='bbox 902 3548 1048 3630; x_wconf 75' lang='grc' dir='ltr'>ἠγωνίσω</span> <span class='ocrx_word' id='word_1_230' title='bbox 1070 3546 1219 3609; x_wconf 88' lang='lat' dir='ltr'><strong>mendose</strong></span> <span class='ocrx_word' id='word_1_231' title='bbox 1241 3546 1370 3629; x_wconf 72' lang='lat' dir='ltr'><strong>Syncell.</strong></span> <span class='ocrx_word' id='word_1_232' title='bbox 1392 3548 1445 3630; x_wconf 91' lang='lat' dir='ltr'><strong>qui</strong></span> 
     </span>
     <span class='ocr_line' id='line_1_30' title="bbox 395 3647 1447 3735; baseline -0.003 -20"><span class='ocrx_word' id='word_1_233' title='bbox 395 3662 430 3716; x_wconf 83' lang='lat' dir='ltr'><strong>et</strong></span> <span class='ocrx_word' id='word_1_234' title='bbox 458 3651 553 3735; x_wconf 83' lang='lat' dir='ltr'><strong>paule</strong></span> <span class='ocrx_word' id='word_1_235' title='bbox 578 3660 654 3715; x_wconf 80' lang='lat' dir='ltr'><strong>ante</strong></span> <span class='ocrx_word' id='word_1_236' title='bbox 681 3653 905 3731; x_wconf 81' lang='grc' dir='ltr'>ἆνεστραφῆναι</span> <span class='ocrx_word' id='word_1_237' title='bbox 934 3672 992 3734; x_wconf 86' lang='lat' dir='ltr'><strong>pro</strong></span> <span class='ocrx_word' id='word_1_238' title='bbox 1018 3647 1225 3728; x_wconf 79' lang='grc' dir='ltr'>ἀνεστράφθαι</span> <span class='ocrx_word' id='word_1_239' title='bbox 1256 3648 1363 3721; x_wconf 82' lang='lat' dir='ltr'><strong>habet,</strong></span> <span class='ocrx_word' id='word_1_240' title='bbox 1394 3650 1447 3712; x_wconf 88' lang='lat' dir='ltr'><strong>ubi</strong></span> 
     </span>
     <span class='ocr_line' id='line_1_31' title="bbox 395 3750 1448 3834; baseline -0.003 -18"><span class='ocrx_word' id='word_1_241' title='bbox 395 3754 618 3833; x_wconf 77' lang='grc' dir='ltr'>ἀνατετράφθαι</span> <span class='ocrx_word' id='word_1_242' title='bbox 646 3752 692 3815; x_wconf 86' lang='lat' dir='ltr'><strong>ed.</strong></span> <span class='ocrx_word' id='word_1_243' title='bbox 716 3752 890 3815; x_wconf 75' lang='lat' dir='ltr'><strong>Gencecnsis</strong></span> <span class='ocrx_word' id='word_1_244' title='bbox 917 3755 1039 3834; x_wconf 66' lang='lat' dir='ltr'><strong>,llarpe</strong></span> <span class='ocrx_word' id='word_1_245' title='bbox 1085 3752 1159 3814; x_wconf 71' lang='lat' dir='ltr'><strong>MS.</strong></span> <span class='ocrx_word' id='word_1_246' title='bbox 1193 3750 1287 3812; x_wconf 63' lang='lat' dir='ltr'><strong>Peme</strong></span> <span class='ocrx_word' id='word_1_247' title='bbox 1310 3751 1448 3832; x_wconf 73' lang='lat' dir='ltr'><strong>priorem</strong></span> 
     </span>
     <span class='ocr_line' id='line_1_32' title="bbox 394 3851 1445 3936; baseline -0.001 -19"><span class='ocrx_word' id='word_1_248' title='bbox 394 3853 487 3917; x_wconf 77' lang='lat' dir='ltr'><strong>addit</strong></span> <span class='ocrx_word' id='word_1_249' title='bbox 511 3853 684 3929; x_wconf 71' lang='lat' dir='ltr'><strong>Burtonus,</strong></span> <span class='ocrx_word' id='word_1_250' title='bbox 710 3852 763 3936; x_wconf 92' lang='lat' dir='ltr'><strong>qui</strong></span> <span class='ocrx_word' id='word_1_251' title='bbox 785 3874 891 3916; x_wconf 78' lang='lat' dir='ltr'><strong>vocem</strong></span> <span class='ocrx_word' id='word_1_252' title='bbox 914 3855 1078 3935; x_wconf 80' lang='grc' dir='ltr'>ἠγώνισθαι</span> <span class='ocrx_word' id='word_1_253' title='bbox 1100 3853 1133 3915; x_wconf 88' lang='lat' dir='ltr'><strong>in</strong></span> <span class='ocrx_word' id='word_1_254' title='bbox 1155 3851 1241 3915; x_wconf 79' lang='lat' dir='ltr'><strong>codd.</strong></span> <span class='ocrx_word' id='word_1_255' title='bbox 1258 3852 1341 3914; x_wconf 80' lang='lat' dir='ltr'><strong>Med.</strong></span> <span class='ocrx_word' id='word_1_256' title='bbox 1358 3853 1445 3916; x_wconf 60' lang='grc' dir='ltr'><strong>Μαι.</strong></span> 
     </span>
     <span class='ocr_line' id='line_1_33' title="bbox 394 3953 1447 4039; baseline 0 -21"><span class='ocrx_word' id='word_1_257' title='bbox 394 3955 505 4018; x_wconf 69' lang='lat' dir='ltr'><strong>Feles.</strong></span> <span class='ocrx_word' id='word_1_258' title='bbox 522 3953 769 4039; x_wconf 73' lang='lat' dir='ltr'><strong>Floreat-inlaque</strong></span> <span class='ocrx_word' id='word_1_259' title='bbox 784 3954 913 4031; x_wconf 82' lang='lat' dir='ltr'><strong>invenit,</strong></span> <span class='ocrx_word' id='word_1_260' title='bbox 930 3954 1060 4038; x_wconf 85' lang='lat' dir='ltr'><strong>perinde</strong></span> <span class='ocrx_word' id='word_1_261' title='bbox 1068 3953 1207 4038; x_wconf 89' lang='lat' dir='ltr'><strong>atquein</strong></span> <span class='ocrx_word' id='word_1_262' title='bbox 1219 3953 1447 4018; x_wconf 60' lang='lat' dir='ltr'><strong>eormredum</strong></span> 
     </span>
     <span class='ocr_line' id='line_1_34' title="bbox 396 4054 622 4120; baseline -0.009 0"><span class='ocrx_word' id='word_1_263' title='bbox 396 4054 622 4120; x_wconf 88' lang='lat' dir='ltr'><strong>Heiniohenus.</strong></span> 
     </span>
    </p>

    <p class='ocr_par' dir='ltr' id='par_1_4' title="bbox 391 4155 1445 4648">
     <span class='ocr_line' id='line_1_35' title="bbox 438 4155 1445 4242; baseline -0.002 -21"><span class='ocrx_word' id='word_1_264' title='bbox 438 4158 523 4222; x_wconf 87' lang='lat' dir='ltr'><strong>Ibid.</strong></span> <span class='ocrx_word' id='word_1_265' title='bbox 539 4157 559 4221; x_wconf 94' lang='lat' dir='ltr'><strong>l.</strong></span> <span class='ocrx_word' id='word_1_266' title='bbox 576 4176 624 4242; x_wconf 86' lang='lat'><strong>15.</strong></span> <span class='ocrx_word' id='word_1_267' title='bbox 649 4156 769 4238; x_wconf 76' lang='grc' dir='ltr'>ἀφορμὴ</span> <span class='ocrx_word' id='word_1_268' title='bbox 783 4160 836 4218; x_wconf 83' lang='grc' dir='ltr'><strong>τοῦ</strong></span> <span class='ocrx_word' id='word_1_269' title='bbox 850 4158 1023 4240; x_wconf 80' lang='grc' dir='ltr'>πιστεῦσαι]</span> <span class='ocrx_word' id='word_1_270' title='bbox 1040 4157 1121 4238; x_wconf 79' lang='lat' dir='ltr'><strong>fidei</strong></span> <span class='ocrx_word' id='word_1_271' title='bbox 1133 4155 1342 4240; x_wconf 62' lang='lat' dir='ltr'><strong>erumpicndae.</strong></span> <span class='ocrx_word' id='word_1_272' title='bbox 1366 4156 1445 4240; x_wconf 88' lang='lat' dir='ltr'><strong>Ejus</strong></span> 
     </span>
     <span class='ocr_line' id='line_1_36' title="bbox 392 4257 1443 4345; baseline -0.005 -21"><span class='ocrx_word' id='word_1_273' title='bbox 392 4260 513 4325; x_wconf 87' lang='lat' dir='ltr'><strong>scilieet</strong></span> <span class='ocrx_word' id='word_1_274' title='bbox 527 4259 611 4337; x_wconf 88' lang='lat' dir='ltr'><strong>fidei,</strong></span> <span class='ocrx_word' id='word_1_275' title='bbox 627 4281 698 4345; x_wconf 74' lang='lat' dir='ltr'><strong>quse</strong></span> <span class='ocrx_word' id='word_1_276' title='bbox 714 4257 937 4343; x_wconf 82' lang='lat' dir='ltr'><strong>suscipientem</strong></span> <span class='ocrx_word' id='word_1_277' title='bbox 952 4259 1100 4342; x_wconf 90' lang='lat' dir='ltr'><strong>deinceps</strong></span> <span class='ocrx_word' id='word_1_278' title='bbox 1106 4257 1235 4343; x_wconf 79' lang='lat' dir='ltr'><strong>fidelem</strong></span> <span class='ocrx_word' id='word_1_279' title='bbox 1250 4258 1443 4321; x_wconf 75' lang='lat' dir='ltr'><strong>denominat.</strong></span> 
     </span>
     <span class='ocr_line' id='line_1_37' title="bbox 393 4359 1444 4446; baseline -0.003 -19"><span class='ocrx_word' id='word_1_280' title='bbox 393 4362 475 4427; x_wconf 87' lang='lat' dir='ltr'><strong>Haec</strong></span> <span class='ocrx_word' id='word_1_281' title='bbox 489 4369 598 4426; x_wconf 89' lang='lat' dir='ltr'><strong>autem</strong></span> <span class='ocrx_word' id='word_1_282' title='bbox 612 4360 799 4446; x_wconf 85' lang='lat' dir='ltr'><strong>appellatio,</strong></span> <span class='ocrx_word' id='word_1_283' title='bbox 809 4359 836 4422; x_wconf 91' lang='lat' dir='ltr'><strong>si</strong></span> <span class='ocrx_word' id='word_1_284' title='bbox 851 4359 874 4422; x_wconf 89' lang='lat' dir='ltr'>J</span> <span class='ocrx_word' id='word_1_285' title='bbox 876 4360 1129 4444; x_wconf 83' lang='lat' dir='ltr'><strong>erosolymitanae</strong></span> <span class='ocrx_word' id='word_1_286' title='bbox 1145 4359 1296 4436; x_wconf 78' lang='lat' dir='ltr'><strong>ecclesiae,</strong></span> <span class='ocrx_word' id='word_1_287' title='bbox 1307 4383 1345 4424; x_wconf 88' lang='lat' dir='ltr'><strong>ao</strong></span> <span class='ocrx_word' id='word_1_288' title='bbox 1360 4362 1444 4425; x_wconf 82' lang='lat' dir='ltr'><strong>sorte</strong></span> 
     </span>
     <span class='ocr_line' id='line_1_38' title="bbox 392 4461 1443 4550; baseline -0.004 -23"><span class='ocrx_word' id='word_1_289' title='bbox 392 4484 565 4550; x_wconf 86' lang='lat' dir='ltr'><strong>paucarum</strong></span> <span class='ocrx_word' id='word_1_290' title='bbox 593 4463 727 4527; x_wconf 80' lang='lat' dir='ltr'><strong>aliarum</strong></span> <span class='ocrx_word' id='word_1_291' title='bbox 757 4483 877 4525; x_wconf 88' lang='lat' dir='ltr'><strong>morem</strong></span> <span class='ocrx_word' id='word_1_292' title='bbox 903 4461 1052 4547; x_wconf 82' lang='lat' dir='ltr'><strong>excipias,</strong></span> <span class='ocrx_word' id='word_1_293' title='bbox 1080 4462 1154 4524; x_wconf 91' lang='lat' dir='ltr'><strong>olim</strong></span> <span class='ocrx_word' id='word_1_294' title='bbox 1181 4461 1256 4525; x_wconf 89' lang='lat' dir='ltr'><strong>solis</strong></span> <span class='ocrx_word' id='word_1_295' title='bbox 1282 4461 1443 4546; x_wconf 86' lang='lat' dir='ltr'><strong>baptismo</strong></span> 
     </span>
     <span class='ocr_line' id='line_1_39' title="bbox 391 4562 1441 4648; baseline -0.006 -17"><span class='ocrx_word' id='word_1_296' title='bbox 391 4563 526 4631; x_wconf 83' lang='lat' dir='ltr'><strong>initiatis</strong></span> <span class='ocrx_word' id='word_1_297' title='bbox 560 4562 811 4648; x_wconf 84' lang='lat' dir='ltr'><strong>impertiebatur.</strong></span> <span class='ocrx_word' id='word_1_298' title='bbox 868 4564 931 4645; x_wconf 79' lang='lat' dir='ltr'><strong>Qui</strong></span> <span class='ocrx_word' id='word_1_299' title='bbox 965 4565 1049 4628; x_wconf 89' lang='lat' dir='ltr'><strong>enim</strong></span> <span class='ocrx_word' id='word_1_300' title='bbox 1084 4574 1183 4629; x_wconf 86' lang='lat' dir='ltr'><strong>autea</strong></span> <span class='ocrx_word' id='word_1_301' title='bbox 1211 4564 1441 4637; x_wconf 81' lang='lat' dir='ltr'><strong>catechumeni,</strong></span> 
     </span>
    </p>
   </div>
   <div class='ocr_carea' id='block_1_3' title="bbox 0 0 1854 5667">
    <p class='ocr_par' dir='ltr' id='par_1_5' title="bbox 0 0 1854 5667">
     <span class='ocr_line' id='line_1_40' title="bbox 0 0 1854 5667; baseline 0 4"><span class='ocrx_word' id='word_1_302' title='bbox 0 0 1854 5667; x_wconf 95' lang='lat' dir='ltr'><strong> </strong></span> 
     </span>
    </p>
   </div>
  </div>
 </body>
</html>
