3700 5667
495 662 561 725 152
843 658 1196 724 ANNOTATIONES

495 831 628 896 stitutos
657 851 720 894 non
749 851 842 915 posse
871 829 1026 894 conficere
1055 829 1291 894 eucharistiam.
1338 830 1377 893 ln
1405 831 1548 896 articulis

495 929 636 996 Wicleffi
661 931 823 996 damnatis
852 931 885 994 in
915 930 1047 995 concilio
1073 931 1310 996 constantiensi
1337 931 1471 1016 legitur:
1507 934 1548 996 Si

495 1035 647 1120 episcopas
669 1033 717 1097 cel
738 1033 875 1097 saccrda
898 1042 940 1097 est
964 1033 999 1096 ia
1024 1041 1145 1117 peaate
1169 1033 1301 1110 mortali,
1327 1054 1386 1097 aaa
1410 1034 1547 1109 ordinat,

495 1158 555 1200 aaa
574 1137 700 1220 conficit,
716 1157 775 1200 aaa
795 1145 1028 1212 matematicos
1045 1133 1187 1220 baptizat.
1232 1136 1256 1197 J
1258 1134 1353 1198 oanni
1368 1134 1409 1198 de
1425 1136 1545 1198 Varen-

496 1238 545 1302 nis
567 1238 690 1324 pastori
712 1236 815 1302 saneti
839 1236 922 1301 Laeti
945 1238 977 1299 in
1000 1236 1117 1301 diocesi
1140 1236 1288 1301 Remensi
1310 1236 1471 1320 objectum
1495 1245 1545 1300 cst

496 1339 606 1404 eadem
627 1346 820 1423 tempestate
839 1339 924 1424 quod
940 1338 1062 1423 palliae
1076 1340 1266 1424 predicavit
1285 1340 1366 1425 qaod
1378 1337 1547 1424 presbyteri

496 1440 705 1506 conaaiinarii
728 1462 787 1504 aaa
811 1439 1006 1524 carificicbaat
1027 1462 1134 1526 comas
1157 1441 1285 1518 Chresti,
1308 1449 1345 1507 ut
1367 1442 1473 1506 videre
1496 1448 1546 1505 est

496 1544 528 1607 in
554 1550 642 1608 tomo
667 1543 770 1628 primo
795 1564 926 1627 operum
953 1542 1101 1607 Gereonii
1127 1566 1158 1629 p.
1182 1564 1257 1629 915·
1284 1551 1455 1630 postremae
1481 1544 1546 1608 edi·

495 1645 602 1710 tionis.
642 1646 739 1731 Apud
755 1645 926 1710 Odoricum
942 1645 1142 1730 Raynaldum
1157 1668 1209 1711 an.
1229 1666 1322 1727 1420.
1340 1648 1369 1728 ξ.
1390 1663 1437 1728 17.
1453 1652 1545 1709 extat

496 1749 583 1813 bulla
614 1748 748 1813 Martini
777 1749 876 1833 Papae
900 1749 938 1812 V.
966 1749 1117 1813 adversus
1147 1748 1316 1814 Nicolaum
1346 1749 1545 1813 Serurarium

495 1851 722 1937 praedicantem
744 1851 830 1935 quod
850 1850 1012 1915 orationes
1033 1859 1067 1916 et
1086 1873 1197 1934 preces
1218 1852 1361 1916 missales
1382 1852 1545 1937 presbyte·

496 1975 605 2017 rorum
630 1953 754 2037 publice
783 1952 1077 2017 concubinariorum
1108 1962 1201 2018 erant
1228 1955 1344 2018 nullius
1368 1954 1484 2018 valoris
1512 1960 1546 2018 et

496 2056 699 2140 presbyteros
715 2055 839 2140 publice
854 2053 1093 2118 concubinarios
1108 2077 1177 2119 esse
1192 2055 1315 2139 pejores
1328 2057 1352 2118 J
1354 2056 1427 2118 uda.
1462 2054 1547 2118 Vide

497 2157 691 2243 Gregorium
707 2157 784 2220 VII.
798 2157 854 2221 lib.
870 2158 910 2221 iv.
929 2157 1033 2242 Epist.
1056 2177 1101 2221 ιο.
1123 2178 1172 2221 11.
1189 2176 1238 2222 20.
1255 2163 1288 2223 et
1306 2165 1400 2222 notas
1420 2166 1547 2223 nostras

496 2261 539 2323 ad
564 2260 774 2345 Agebardum
800 2283 831 2344 p.
856 2262 908 2323 66.
939 2261 1062 2323 Contra
1088 2259 1173 2343 apud
1200 2258 1391 2323 Gratianum
1417 2279 1444 2321 1.
1468 2281 1499 2343 q.
1518 2279 1545 2321 1.

497 2383 566 2447 cap.
589 2362 683 2425 Intra
703 2360 879 2424 catholicam
899 2360 1037 2425 refertur
1056 2361 1144 2424 locus
1163 2383 1203 2424 ex
1222 2359 1415 2445 Augustino,
1431 2361 1463 2422 in
1483 2382 1546 2444 quo

497 2461 650 2546 scriptum
672 2470 722 2525 est
742 2461 829 2526 intra
850 2461 1040 2525 catholicam
1063 2461 1226 2526 ecclesiam
1248 2461 1281 2524 in
1304 2461 1457 2546 mysterio
1478 2482 1547 2525 cor·

496 2563 584 2649 poris
610 2570 644 2627 et
673 2563 834 2646 sanguinis
860 2563 988 2626 Domini
1020 2564 1097 2627 nihil
1126 2586 1147 2627 a
1175 2565 1260 2627 bono
1285 2563 1397 2646 magis,
1425 2564 1502 2626 nihil
1526 2585 1547 2627 a

497 2665 581 2729 malo
606 2665 710 2728 minus
735 2663 844 2750 perfici
871 2665 1045 2728 sacerdote.
1094 2665 1178 2729 Vide
1202 2664 1372 2750 Hugonem
1394 2665 1548 2748 archiepi·

497 2788 626 2851 scopum
640 2767 930 2852 Rothomagensern
948 2767 1002 2830 lib.
1014 2790 1043 2831 v.
1056 2766 1263 2851 Dialogorum
1278 2788 1348 2852 cap.
1363 2787 1410 2830 11.
1425 2774 1459 2831 st
1471 2765 1548 2851 Epi·

497 2869 613 2934 stolam
646 2869 716 2953 ejus
745 2869 989 2953 Apologcticam
1021 2869 1062 2932 ad
1093 2868 1289 2933 Matthaeum
1320 2869 1545 2939 Albanensem,

498 2968 584 3033 Vide
603 2970 701 3034 etiam
719 2969 766 3033 M.
783 2970 961 3033 Antonium
977 2969 1156 3034 Marcilium
1178 2969 1211 3033 in
1232 2977 1375 3034 tractatu
1395 2970 1436 3033 de
1450 2971 1548 3053 Aqua

497 3071 665 3135 benedicta
688 3094 720 3155 p.
747 3073 816 3134 266.
850 3073 1017 3136 Bacumus.
1071 3072 1121 3136 De
1147 3072 1222 3135 solis
1248 3071 1466 3136 sacerdotibus
1488 3071 1547 3156 Gy·

497 3173 627 3258 prianus
649 3196 719 3238 curn
743 3173 870 3258 collegis
893 3174 958 3238 suis
981 3173 1066 3257 loqui
1088 3173 1223 3250 videtur,
1243 3173 1297 3257 qui
1320 3171 1458 3256 peccatis
1481 3172 1543 3236 illis

498 3275 765 3352 contaminentur,
789 3283 921 3361 propter
946 3296 1017 3362 quae
1042 3275 1111 3361 lege
1136 3275 1351 3339 ecclesiastica
1376 3272 1545 3338 sacerdotii

497 3379 586 3464 fungi
601 3378 711 3442 officiis
726 3378 917 3442 desinerent.
963 3377 1067 3453 Adde,
1085 3376 1169 3460 quod
1182 3375 1250 3460 jam
1265 3376 1417 3461 depositas
1432 3375 1470 3439 de
1483 3396 1547 3437 ma·

497 3503 566 3545 aere
572 3481 647 3564 jare
653 3482 764 3564 sacrat
779 3480 943 3544 Basilides.

542 3582 578 3644 P.
600 3601 669 3665 103.
685 3581 705 3643 l.
723 3583 752 3645 6.
768 3585 966 3666 materen]
986 3581 1118 3645 (lodices
1137 3580 1260 3663 aliquot
1276 3585 1433 3642 memorat
1450 3577 1548 3641 editio

499 3680 615 3755 Oxou,
626 3679 658 3742 in
672 3678 786 3762 quibus
801 3679 955 3764 scriptum
971 3685 1030 3751 est,
1043 3686 1080 3742 ut
1095 3677 1127 3740 in
1139 3699 1202 3740 uno
1214 3679 1254 3740 de
1269 3677 1356 3753 meis,
1366 3685 1546 3760 peccatores,

499 3779 764 3864 quemadmodum
779 3779 894 3862 legitur
910 3779 943 3842 in
952 3778 1129 3863 Emaaclio,
1145 3778 1201 3841 sed
1217 3777 1315 3841 etiam
1331 3776 1363 3839 in
1378 3776 1438 3840 hoc
1454 3775 1546 3855 daia

498 3887 596 3942 τωλον
610 3880 733 3943 codices
748 3881 890 3944 nonnulli
905 3889 1071 3965 praestant.

542 3979 736 4062 Ibid.l.19.
776 3981 844 4046 Nec
873 3984 934 4047 sibi
963 3982 1052 4067 plebs
1082 3979 1280 4066 blandiatur]
1320 3980 1416 4044 Hunc
1445 3980 1549 4042 locum

498 4082 612 4146 alicubi
636 4090 793 4147 mutatum
817 4092 850 4148 et
872 4084 1100 4168 interpolatum
1123 4083 1235 4147 retulit
1249 4083 1389 4167 Algerus
1411 4080 1548 4144 scholas-

498 4184 582 4247 ticus
593 4184 776 4249 Leodionsis
791 4186 823 4248 in
838 4186 919 4248 libro
934 4186 974 4249 de
988 4186 1209 4250 Misericordia
1224 4192 1257 4248 et
1269 4184 1290 4247 J
1292 4183 1405 4248 ustitia
1416 4204 1485 4266 cap.
1497 4184 1548 4245 81.

498 4293 531 4349 et
551 4296 624 4369 post
642 4286 794 4372 sacrificio
815 4289 1013 4351 contaminati
1035 4288 1186 4351 nonnulla
1206 4286 1331 4350 addidit
1354 4307 1424 4369 quae
1447 4304 1549 4367 neque

498 4386 530 4448 in
554 4387 690 4471 vulgatis
713 4388 905 4451 editionibus
928 4398 1042 4453 extant
1062 4400 1167 4473 ‘neque
1191 4388 1223 4452 in
1248 4387 1409 4452 codicibus
1436 4405 1548 4447 manu·

498 4487 633 4571 scriptis.
690 4489 737 4550 Ea
764 4488 809 4551 sic
835 4488 965 4553 habent.
1011 4491 1121 4553 Nonne
1150 4490 1230 4553 enisa
1256 4489 1330 4573 qaia
1355 4488 1456 4550 Joeeac
1483 4506 1551 4548 caea

497 4583 698 4648 inobedientia
720 4597 790 4649 casa
811 4587 846 4649 in
868 4589 953 4664 aeci,
976 4590 1065 4652 anais
1079 4588 1318 4673 periclitabatur
1339 4587 1462 4662 caueri,
1476 4587 1552 4670 qaia

498 4685 605 4749 Aadaa
627 4707 695 4749 cam
716 4687 904 4753 anathemate
927 4689 1052 4754 lamina
1072 4711 1174 4754 aurea
1195 4699 1262 4754 erat
1283 4691 1317 4753 ia
1339 4687 1451 4763 Israel,
1473 4707 1550 4750 encr-
