3700 5667
461 659 527 722 804
763 653 1012 732 RELIQUIAE
1039 651 1218 715 SACRAE.

517 826 812 924 Ἐπεστελλομεν
831 824 870 905 δὲ
888 823 964 924 ἅμα
982 828 1041 903 καὶ
1063 830 1335 926 παρεκαλοῦμεν
1351 818 1517 904 πολλοὺς

463 964 521 1042 καὶ
548 969 621 1042 τῶν
648 958 789 1063 μακρὰν
816 958 1033 1055 ἐπισκόπων,
1062 959 1120 1037 ἐπὶ
1147 956 1213 1055 τήν
1236 956 1425 1058 θεραπείοιν
1449 958 1517 1054 τῆς

463 1093 716 1200 θανατηφόρου
739 1093 984 1176 διδασκαλίας·
1013 1087 1139 1193 ὥσπερ
1160 1091 1218 1168 καὶ
1237 1089 1431 1170 Διονόσιον
1449 1087 1517 1169 τὸν

462 1230 520 1308 ἐπὶ
540 1233 604 1326 τῆς
621 1226 910 1333 Ἀλεξανδρείας·
942 1228 1000 1305 καὶ
1024 1222 1261 1327 Φιρμιλιανόν
1278 1221 1343 1303 τόν
1359 1223 1431 1303 ἀπὸ
1449 1227 1516 1323 τῆς

465 1362 736 1456 Καππαδοκίας,
751 1357 833 1443 τους
851 1361 1059 1463 μακαρίτας·
1090 1356 1141 1439 ὧν
1159 1361 1179 1438 ό
1195 1357 1261 1456 μὲν
1278 1360 1338 1438 καὶ
1355 1358 1545 1438 ἐπέστω-5

464 1503 529 1574 λεν
561 1501 609 1578 είς
639 1494 707 1593 τὴν
734 1493 968 1599 Ἀντιόχειαν,
996 1493 1060 1574 τόν
1091 1492 1249 1595 ἡγεμόνα
1279 1497 1342 1591 τῆς
1371 1491 1516 1592 πλάνης

464 1626 545 1707 οὐδὲ
581 1625 821 1729 προσρήσεως
858 1626 1031 1733 ἀξιώσας·
1075 1624 1155 1705 οὐδὲ
1186 1624 1277 1728 πρὸς
1313 1625 1517 1727 πρόσωπον

466 1760 613 1867 γράψας
641 1763 748 1869 αὐτῷ,
772 1759 873 1839 ἀλλὰ
899 1766 945 1864 τῇ
973 1759 1141 1865 παροικίᾳ
1167 1757 1282 1865 πείσῃ·
1315 1759 1357 1859 ἧς
1384 1759 1516 1839 καὶτὸ

463 1897 686 2004 ἀντίγραφον
715 1893 950 2001 ὑπετάξαμεν·
988 1897 1008 1972 ό
1038 1893 1076 1974 δὲ
1110 1892 1344 1997 Φιρμιλιανὸς
1374 1897 1432 1974 καὶ
1460 1898 1516 1979 δὶς

462 2032 688 2139 ἀφικόμενος,
715 2031 875 2133 κατέγνω
905 2029 971 2129 μὲν
998 2037 1071 2109 τῶν
1100 2032 1160 2111 ὑπ’
1188 2031 1320 2111 ἐκείνου
1349 2063 1511 2109 καινοτο·
1530 2057 1566 2096 ¹0

462 2166 658 2265 μουμένων,
684 2169 731 2248 ὡς
754 2165 862 2262 ’ίσμεν
888 2168 948 2244 καὶ
975 2173 1222 2266 μαρτυροῦμεν
1247 2169 1281 2243 οἱ
1307 2165 1511 2266 παραγενό-

462 2334 571 2401 μενοι,
598 2305 657 2380 καὶ
681 2301 791 2379 ἄλλοι
812 2304 947 2380 πολλοὶ
970 2299 1178 2379 συνίσασιν·
1207 2299 1516 2400 ἐπαγγειλαμένου

464 2433 502 2514 δὲ
523 2433 802 2533 μεταθήσεσθαι,
821 2432 1023 2516 πιστεύσας
1047 2435 1106 2511 καὶ
1130 2434 1284 2517 ἐλπίσας
1310 2433 1394 2512 ἄνευ
1417 2431 1516 2519 τινδς

462 2573 543 2671 περὶ
569 2567 769 2671 τὸνλόγον
793 2567 972 2670 λοιδορίας
997 2564 1039 2645 τό
1061 2573 1211 2669 πρᾶγμα
1236 2572 1284 2649 είς
1308 2563 1387 2647 δίον
1404 2601 1516 2647 κατα-

464 2702 682 2802 στήσεσθαι,
702 2700 898 2798 ἀνεβοίλετο
916 2704 1202 2804 παρακρουσθεὶς
1220 2704 1276 2782 r‘nr’
1297 2704 1406 2782 αὐτοῦ
1424 2704 1515 2783 *τοῦ
1529 2723 1566 2784 ¹⁵

466 2837 605 2917 καὶτὸν
628 2835 723 2916 Θεὸν
745 2835 809 2915 τὸν
827 2837 953 2914 ἑαυτοῦ
972 2837 1030 2913 καὶ
1058 2834 1192 2938 Κύρων
1209 2836 1436 2940 ἀρνουμένου,
1454 2840 1516 2916 καὶ

506 3186 681 3266 Scripsimus
707 3188 795 3246 etism
823 3188 860 3247 od
885 3208 963 3247 oom·
1014 3189 1096 3326 plum
1113 3189 1160 3246 hic
1176 3188 1362 3265 subjecimus.
1406 3188 1516 3247 Firmi.

465 3267 565 3347 plures
580 3269 729 3346 episcopos
747 3267 862 3346 longius
880 3269 963 3326 dissi-
1037 3288 1110 3327 snus
1127 3288 1196 3327 vero
1214 3287 1281 3326 cum
1298 3269 1343 3325 bis
1357 3268 1514 3326 Antiochi·

466 3359 532 3406 tos:
562 3367 669 3425 eosque
686 3348 793 3406 hortati
811 3369 912 3407 sumus
931 3359 965 3407 ut
1015 3368 1060 3406 sm
1079 3349 1214 3411 venisset.
1230 3347 1378 3405 damnavit
1395 3347 1513 3424 quidem

465 3428 502 3486 od
523 3427 650 3486 exitialis
671 3429 810 3487 doctrino
831 3430 964 3488 morbum
1015 3429 1159 3506 dogmatis
1178 3429 1215 3486 ab
1233 3427 1285 3485 illo
1303 3428 1409 3485 invecti
1429 3430 1514 3486 novi.
1526 3449 1568 3488 ro

466 3508 626 3566 curandum
638 3507 818 3568 accederent.
844 3509 923 3567 Nem
934 3519 965 3567 et
1015 3520 1116 3575 tatem,
1131 3520 1165 3566 ut
1178 3519 1318 3567 testamur
1332 3527 1385 3566 nos
1398 3509 1448 3584 qui
1461 3507 1514 3567 sd·

466 3587 502 3645 ad
526 3588 700 3666 Dionysium
719 3588 963 3653 Alexandrinum,
1015 3588 1136 3654 fuimus,
1153 3599 1183 3645 et
1204 3588 1252 3645 alii
1274 3586 1372 3665 plures
1393 3586 1515 3665 perinde

465 3678 496 3724 et
510 3665 546 3723 ad
559 3666 760 3724 Firmilianum
775 3667 966 3745 Cappadociae
1016 3689 1049 3726 ao
1076 3688 1129 3726 nos
1156 3667 1266 3745 optime
1291 3677 1410 3727 norunt.
1453 3666 1515 3726 Sed

466 3746 637 3809 antistitem.
654 3747 744 3802 bestee
758 3747 965 3805 recordationis
1016 3767 1081 3805 cum
1093 3746 1143 3805 ille
1157 3758 1337 3805 mutaturum
1352 3768 1383 3805 se
1397 3757 1515 3805 senten·

466 3824 552 3889 viros,
575 3823 673 3881 literas
697 3823 838 3883 dedimus.
881 3827 963 3897 Quo·
1016 3828 1086 3884 tiam
1112 3827 1289 3905 promisisset
1300 3849 1310 3897 ;
1342 3826 1461 3885 credens
1486 3827 1513 3885 ei
1526 3846 1565 3905 25

466 3921 530 3960 rum
543 3901 592 3960 ille
603 3902 718 3979 scripsit
728 3905 845 3979 quidem
855 3905 962 3964 Antio·
1015 3907 1213 3972 Firmilisnus,
1242 3926 1417 3983 speransque
1450 3906 1514 3964 sine

466 3981 580 4040 chiam:
606 3982 655 4041 sed
677 3984 781 4041 erroris
803 3984 904 4043 ducem
928 4006 965 4044 ne
1014 3987 1075 4044 ullo
1101 3987 1247 4063 religionis
1274 3997 1379 4043 nostro
1407 3986 1514 4064 probro

466 4061 641 4120 salutatione
675 4062 792 4140 quidem
828 4064 965 4142 dignutus
1014 4078 1102 4142 atque
1131 4065 1283 4144 dispendio
1311 4085 1371 4123 rem
1404 4064 1514 4143 optime

467 4153 530 4212 est;
548 4143 690 4219 nequead
703 4164 769 4201 eum
781 4145 963 4211 nominatim,
1014 4167 1098 4224 posse
1108 4146 1257 4211 constitui,
1269 4144 1385 4202 distulit
1395 4154 1512 4203 senten·

466 4241 564 4281 verum
596 4223 633 4281 sd
663 4225 827 4282 universum
855 4222 963 4282 Antio.
1014 4227 1085 4283 tiam
1108 4246 1209 4291 susm;
1239 4225 1378 4300 deceptus
1402 4223 1569 4290 scilicet30

465 4301 614 4360 ohensium
627 4305 776 4361 ecclesiam
788 4304 887 4362 literas
898 4325 965 4362 suas
1015 4306 1051 4363 ab
1064 4306 1180 4363 homine
1191 4306 1240 4381 qui
1253 4307 1349 4362 Deum
1364 4324 1397 4363 so
1409 4305 1513 4362 Domi.

465 4380 584 4451 direxit,
607 4403 729 4459 querum
752 4384 840 4442 etiam
865 4404 964 4442 exem.
1015 4405 1084 4442 num
1105 4405 1189 4443 suum
1209 4387 1343 4463 negabat,
1358 4396 1388 4442 et
1408 4385 1458 4460 qui
1479 4384 1513 4441 fi-

876 4599 886 4634 t
897 4597 970 4645 Judae
982 4613 1067 4646 oomm.
1081 4617 1103 4658 4.
