<?xml version="1.0" encoding="UTF-8"?>
<!DOCTYPE html PUBLIC "-//W3C//DTD XHTML 1.0 Transitional//EN"
    "http://www.w3.org/TR/xhtml1/DTD/xhtml1-transitional.dtd">
<html xmlns="http://www.w3.org/1999/xhtml" xml:lang="en" lang="en">
 <head>
  <title>
</title>
<meta http-equiv="Content-Type" content="text/html;charset=utf-8" />
  <meta name='ocr-system' content='tesseract 3.04.00' />
  <meta name='ocr-capabilities' content='ocr_page ocr_carea ocr_par ocr_line ocrx_word'/>
</head>
<body>
  <div class='ocr_page' id='page_1' title='image "./reliquiaesacrae08routgoog_0314.png"; bbox 0 0 3700 5667; ppageno 0'>
   <div class='ocr_carea' id='block_1_1' title="bbox 465 676 1218 754">
    <p class='ocr_par' dir='ltr' id='par_1_1' title="bbox 465 676 1218 754">
     <span class='ocr_line' id='line_1_1' title="bbox 465 676 1218 754; baseline 0.003 -15"><span class='ocrx_word' id='word_1_1' title='bbox 465 676 532 739; x_wconf 78' lang='lat'>808</span> <span class='ocrx_word' id='word_1_2' title='bbox 763 676 1013 754; x_wconf 78' lang='lat' dir='ltr'><strong>RELIQUIAE</strong></span> <span class='ocrx_word' id='word_1_3' title='bbox 1040 678 1218 742; x_wconf 78' lang='lat' dir='ltr'>SACRAE.</span> 
     </span>
    </p>
   </div>
   <div class='ocr_carea' id='block_1_2' title="bbox 464 843 1579 2975">
    <p class='ocr_par' dir='ltr' id='par_1_2' title="bbox 464 843 1579 2975">
     <span class='ocr_line' id='line_1_2' title="bbox 467 843 1525 947; baseline 0.004 -25"><span class='ocrx_word' id='word_1_4' title='bbox 467 846 614 942; x_wconf 84' lang='grc' dir='ltr'>καθίησι</span> <span class='ocrx_word' id='word_1_5' title='bbox 640 844 882 945; x_wconf 76' lang='grc' dir='ltr'>διαλέγεσθαι.</span> <span class='ocrx_word' id='word_1_6' title='bbox 917 843 1065 944; x_wconf 78' lang='grc' dir='ltr'>τὸνμὲν</span> <span class='ocrx_word' id='word_1_7' title='bbox 1083 844 1154 947; x_wconf 80' lang='grc' dir='ltr'>γὰρ</span> <span class='ocrx_word' id='word_1_8' title='bbox 1173 843 1330 924; x_wconf 81' lang='grc' dir='ltr'>υἱὸντοῦ</span> <span class='ocrx_word' id='word_1_9' title='bbox 1352 851 1448 926; x_wconf 86' lang='grc' dir='ltr'>Θεοῦ</span> <span class='ocrx_word' id='word_1_10' title='bbox 1481 849 1525 926; x_wconf 84' lang='grc' dir='ltr'>οὑ</span> 
     </span>
     <span class='ocr_line' id='line_1_3' title="bbox 467 977 1523 1086; baseline 0.003 -29"><span class='ocrx_word' id='word_1_11' title='bbox 467 977 636 1073; x_wconf 84' lang='grc' dir='ltr'>βούλεται</span> <span class='ocrx_word' id='word_1_12' title='bbox 669 987 930 1081; x_wconf 81' lang='grc' dir='ltr'>συνομολογεῖν</span> <span class='ocrx_word' id='word_1_13' title='bbox 966 980 1010 1086; x_wconf 82' lang='grc' dir='ltr'>ἐξ</span> <span class='ocrx_word' id='word_1_14' title='bbox 1044 980 1195 1081; x_wconf 80' lang='grc' dir='ltr'>οὐρανοῦ</span> <span class='ocrx_word' id='word_1_15' title='bbox 1227 982 1523 1079; x_wconf 74' lang='grc' dir='ltr'>κατεληλυθεῖναι,</span> 
     </span>
     <span class='ocr_line' id='line_1_4' title="bbox 464 1112 1524 1220; baseline 0 -26"><span class='ocrx_word' id='word_1_16' title='bbox 464 1116 523 1195; x_wconf 82' lang='grc' dir='ltr'>ἰ’να</span> <span class='ocrx_word' id='word_1_17' title='bbox 562 1117 597 1194; x_wconf 75' lang='grc' dir='ltr'>τί</span> <span class='ocrx_word' id='word_1_18' title='bbox 628 1112 875 1215; x_wconf 76' lang='grc' dir='ltr'>προλαβόντες·</span> <span class='ocrx_word' id='word_1_19' title='bbox 911 1122 985 1194; x_wconf 83' lang='grc' dir='ltr'>τῶν</span> <span class='ocrx_word' id='word_1_20' title='bbox 1016 1112 1227 1214; x_wconf 85' lang='grc' dir='ltr'>μελλόντων</span> <span class='ocrx_word' id='word_1_21' title='bbox 1259 1114 1524 1220; x_wconf 83' lang='grc' dir='ltr'>γροφήσεσθαι</span> 
     </span>
     <span class='ocr_line' id='line_1_5' title="bbox 469 1248 1524 1357; baseline -0.002 -25"><span class='ocrx_word' id='word_1_22' title='bbox 469 1258 595 1350; x_wconf 82' lang='grc' dir='ltr'>θῶμεν·</span> <span class='ocrx_word' id='word_1_23' title='bbox 625 1253 682 1329; x_wconf 83' lang='grc' dir='ltr'>καὶ</span> <span class='ocrx_word' id='word_1_24' title='bbox 701 1258 806 1330; x_wconf 83' lang='grc' dir='ltr'>τοῦτο</span> <span class='ocrx_word' id='word_1_25' title='bbox 825 1253 866 1329; x_wconf 82' lang='grc' dir='ltr'>οὐ</span> <span class='ocrx_word' id='word_1_26' title='bbox 892 1250 994 1357; x_wconf 83' lang='grc' dir='ltr'>λόγῳ</span> <span class='ocrx_word' id='word_1_27' title='bbox 1016 1255 1120 1357; x_wconf 74' lang='grc' dir='ltr'>ψιλῷ</span> <span class='ocrx_word' id='word_1_28' title='bbox 1145 1248 1352 1352; x_wconf 78' lang='grc' dir='ltr'>ῥηθήσεται,</span> <span class='ocrx_word' id='word_1_29' title='bbox 1371 1252 1457 1329; x_wconf 86' lang='grc' dir='ltr'>ἀλλ’</span> <span class='ocrx_word' id='word_1_30' title='bbox 1479 1251 1524 1357; x_wconf 81' lang='grc' dir='ltr'>ἐξ</span> 
     </span>
     <span class='ocr_line' id='line_1_6' title="bbox 469 1380 1554 1489; baseline 0 -26"><span class='ocrx_word' id='word_1_31' title='bbox 469 1380 520 1463; x_wconf 83' lang='grc' dir='ltr'>ὧν</span> <span class='ocrx_word' id='word_1_32' title='bbox 545 1384 757 1489; x_wconf 72' lang='grc' dir='ltr'>ἐπέμψαμεν</span> <span class='ocrx_word' id='word_1_33' title='bbox 783 1383 1047 1483; x_wconf 72' lang='grc' dir='ltr'>ὑπομνημάτων</span> <span class='ocrx_word' id='word_1_34' title='bbox 1072 1384 1245 1463; x_wconf 84' lang='grc' dir='ltr'>δείκνυται</span> <span class='ocrx_word' id='word_1_35' title='bbox 1272 1383 1554 1488; x_wconf 75' lang='grc' dir='ltr'>πολλαχόθενε</span> 
     </span>
     <span class='ocr_line' id='line_1_7' title="bbox 471 1516 1520 1623; baseline 0.001 -26"><span class='ocrx_word' id='word_1_36' title='bbox 471 1521 547 1623; x_wconf 84' lang='grc' dir='ltr'>οὐχ’</span> <span class='ocrx_word' id='word_1_37' title='bbox 568 1520 699 1618; x_wconf 83' lang='grc' dir='ltr'>ἥκιστα</span> <span class='ocrx_word' id='word_1_38' title='bbox 718 1519 755 1598; x_wconf 77' lang='grc' dir='ltr'>δέ</span> <span class='ocrx_word' id='word_1_39' title='bbox 775 1519 866 1598; x_wconf 83' lang='grc' dir='ltr'>ὅπου</span> <span class='ocrx_word' id='word_1_40' title='bbox 883 1520 983 1619; x_wconf 88' lang='grc' dir='ltr'>λέγει</span> <span class='ocrx_word' id='word_1_41' title='bbox 1001 1522 1146 1619; x_wconf 85' lang='grc' dir='ltr'>Ἰησοῦν</span> <span class='ocrx_word' id='word_1_42' title='bbox 1163 1516 1329 1622; x_wconf 80' lang='grc' dir='ltr'>Χριστὸν</span> <span class='ocrx_word' id='word_1_43' title='bbox 1346 1516 1520 1598; x_wconf 77' lang='grc' dir='ltr'>κάτωθεν.</span> 
     </span>
     <span class='ocr_line' id='line_1_8' title="bbox 470 1653 1524 1763; baseline -0.003 -29"><span class='ocrx_word' id='word_1_44' title='bbox 470 1661 504 1734; x_wconf 84' lang='lat' dir='ltr'>oi</span> <span class='ocrx_word' id='word_1_45' title='bbox 527 1655 565 1734; x_wconf 78' lang='grc' dir='ltr'>δὲ</span> <span class='ocrx_word' id='word_1_46' title='bbox 590 1661 638 1738; x_wconf 79' lang='grc' dir='ltr'>εἷς</span> <span class='ocrx_word' id='word_1_47' title='bbox 663 1653 772 1734; x_wconf 80' lang='grc' dir='ltr'>αὐτὸν</span> <span class='ocrx_word' id='word_1_48' title='bbox 796 1654 1005 1760; x_wconf 77' lang='grc' dir='ltr'>ψάλλοντες</span> <span class='ocrx_word' id='word_1_49' title='bbox 1031 1658 1089 1733; x_wconf 77' lang='grc' dir='ltr'>καὶ</span> <span class='ocrx_word' id='word_1_50' title='bbox 1113 1653 1389 1755; x_wconf 77' lang='grc' dir='ltr'>ἐγκωμιάζοντες</span> <span class='ocrx_word' id='word_1_51' title='bbox 1413 1656 1451 1732; x_wconf 88' lang='grc' dir='ltr'>ἐν</span> <span class='ocrx_word' id='word_1_52' title='bbox 1470 1660 1524 1763; x_wconf 74' lang='grc' dir='ltr'>τῷ</span> 
     </span>
     <span class='ocr_line' id='line_1_9' title="bbox 469 1789 1521 1898; baseline -0.002 -28"><span class='ocrx_word' id='word_1_53' title='bbox 469 1796 558 1898; x_wconf 74' lang='grc' dir='ltr'>λαῷ,</span> <span class='ocrx_word' id='word_1_54' title='bbox 574 1792 734 1892; x_wconf 81' lang='grc' dir='ltr'>ἄγγελον</span> <span class='ocrx_word' id='word_1_55' title='bbox 753 1789 817 1870; x_wconf 83' lang='grc' dir='ltr'>τὸν</span> <span class='ocrx_word' id='word_1_56' title='bbox 831 1793 950 1889; x_wconf 81' lang='grc' dir='ltr'>ἀσεβῆ</span> <span class='ocrx_word' id='word_1_57' title='bbox 970 1789 1192 1870; x_wconf 81' lang='grc' dir='ltr'>διδάσκαλον</span> <span class='ocrx_word' id='word_1_58' title='bbox 1209 1793 1343 1870; x_wconf 79' lang='grc' dir='ltr'>ἑαυτῶν</span> <span class='ocrx_word' id='word_1_59' title='bbox 1360 1790 1403 1896; x_wconf 82' lang='grc' dir='ltr'>ἐξ</span> <span class='ocrx_word' id='word_1_60' title='bbox 1414 1792 1521 1894; x_wconf 82' lang='grc' dir='ltr'>οὖρα-</span> 
     </span>
     <span class='ocr_line' id='line_1_10' title="bbox 471 1926 1522 2026; baseline 0.002 -21"><span class='ocrx_word' id='word_1_61' title='bbox 471 1933 534 2005; x_wconf 82' lang='grc' dir='ltr'>νοῖι</span> <span class='ocrx_word' id='word_1_62' title='bbox 566 1926 846 2025; x_wconf 74' lang='grc' dir='ltr'>κατεληλυθέναι</span> <span class='ocrx_word' id='word_1_63' title='bbox 880 1926 1041 2026; x_wconf 91' lang='grc' dir='ltr'>λέγουσι.</span> <span class='ocrx_word' id='word_1_64' title='bbox 1084 1930 1142 2005; x_wconf 82' lang='grc' dir='ltr'>καὶ</span> <span class='ocrx_word' id='word_1_65' title='bbox 1171 1934 1283 2005; x_wconf 83' lang='grc' dir='ltr'>ταῦτα</span> <span class='ocrx_word' id='word_1_66' title='bbox 1311 1928 1352 2004; x_wconf 83' lang='grc' dir='ltr'>οὐ</span> <span class='ocrx_word' id='word_1_67' title='bbox 1380 1928 1522 2023; x_wconf 81' lang='grc' dir='ltr'>κωλύει,</span> 
     </span>
     <span class='ocr_line' id='line_1_11' title="bbox 471 2060 1579 2169; baseline -0.003 -30"><span class='ocrx_word' id='word_1_68' title='bbox 471 2060 570 2139; x_wconf 81' lang='grc' dir='ltr'>ἀλλὰ</span> <span class='ocrx_word' id='word_1_69' title='bbox 589 2064 645 2140; x_wconf 74' lang='grc' dir='ltr'>καὶ</span> <span class='ocrx_word' id='word_1_70' title='bbox 665 2061 872 2161; x_wconf 74' lang='grc' dir='ltr'>λεγομένοις</span> <span class='ocrx_word' id='word_1_71' title='bbox 890 2060 1066 2164; x_wconf 81' lang='grc' dir='ltr'>πάρεστιν</span> <span class='ocrx_word' id='word_1_72' title='bbox 1084 2063 1104 2140; x_wconf 89' lang='grc' dir='ltr'><strong>ὁ</strong></span> <span class='ocrx_word' id='word_1_73' title='bbox 1123 2061 1362 2169; x_wconf 75' lang='grc' dir='ltr'>ὑπερήφανος.</span> <span class='ocrx_word' id='word_1_74' title='bbox 1539 2097 1579 2136; x_wconf 86' lang='grc' dir='ltr'>ιο</span> 
     </span>
     <span class='ocr_line' id='line_1_12' title="bbox 526 2196 1519 2299; baseline 0.001 -23"><span class='ocrx_word' id='word_1_75' title='bbox 526 2196 604 2281; x_wconf 79' lang='grc' dir='ltr'>Τὰς</span> <span class='ocrx_word' id='word_1_76' title='bbox 631 2197 669 2276; x_wconf 83' lang='grc' dir='ltr'>δὲ</span> <span class='ocrx_word' id='word_1_77' title='bbox 696 2197 953 2281; x_wconf 86' lang='grc' dir='ltr'>συνεισάκτους</span> <span class='ocrx_word' id='word_1_78' title='bbox 980 2199 1089 2277; x_wconf 81' lang='grc' dir='ltr'>αὐτοῦ</span> <span class='ocrx_word' id='word_1_79' title='bbox 1111 2206 1280 2299; x_wconf 86' lang='grc' dir='ltr'>γυναῖκας</span> <span class='ocrx_word' id='word_1_80' title='bbox 1308 2202 1356 2281; x_wconf 86' lang='grc' dir='ltr'>ὡς</span> <span class='ocrx_word' id='word_1_81' title='bbox 1374 2199 1519 2277; x_wconf 85' lang='grc' dir='ltr'>Ἀντιο·</span> 
     </span>
     <span class='ocr_line' id='line_1_13' title="bbox 473 2330 1524 2437; baseline 0 -26"><span class='ocrx_word' id='word_1_82' title='bbox 473 2340 546 2437; x_wconf 86' lang='grc' dir='ltr'>χεῖς</span> <span class='ocrx_word' id='word_1_83' title='bbox 575 2330 798 2433; x_wconf 70' lang='grc' dir='ltr'>ὀνομάζουσι,</span> <span class='ocrx_word' id='word_1_84' title='bbox 828 2335 885 2411; x_wconf 77' lang='grc' dir='ltr'>καὶ</span> <span class='ocrx_word' id='word_1_85' title='bbox 917 2338 991 2412; x_wconf 85' lang='grc' dir='ltr'>τῶν</span> <span class='ocrx_word' id='word_1_86' title='bbox 1017 2336 1098 2436; x_wconf 79' lang='grc' dir='ltr'>περὶ</span> <span class='ocrx_word' id='word_1_87' title='bbox 1129 2331 1238 2413; x_wconf 77' lang='grc' dir='ltr'>αὐτόν</span> <span class='ocrx_word' id='word_1_88' title='bbox 1264 2332 1524 2435; x_wconf 72' lang='grc' dir='ltr'>πρεσβυτέρων</span> 
     </span>
     <span class='ocr_line' id='line_1_14' title="bbox 472 2463 1525 2567; baseline -0.002 -23"><span class='ocrx_word' id='word_1_89' title='bbox 472 2470 529 2545; x_wconf 79' lang='grc' dir='ltr'>καῖ</span> <span class='ocrx_word' id='word_1_90' title='bbox 549 2464 730 2563; x_wconf 89' lang='grc' dir='ltr'>διακόνων,</span> <span class='ocrx_word' id='word_1_91' title='bbox 750 2463 801 2550; x_wconf 79' lang='grc' dir='ltr'>οἷς</span> <span class='ocrx_word' id='word_1_92' title='bbox 819 2471 878 2545; x_wconf 81' lang='grc' dir='ltr'>καὶ</span> <span class='ocrx_word' id='word_1_93' title='bbox 895 2469 1078 2546; x_wconf 75' lang='grc' dir='ltr'>τοῦτοκαὶ</span> <span class='ocrx_word' id='word_1_94' title='bbox 1099 2464 1145 2544; x_wconf 79' lang='grc' dir='ltr'>τὰ</span> <span class='ocrx_word' id='word_1_95' title='bbox 1163 2467 1263 2543; x_wconf 79' lang='grc' dir='ltr'>ἄλλα</span> <span class='ocrx_word' id='word_1_96' title='bbox 1282 2464 1525 2567; x_wconf 84' lang='grc' dir='ltr'>ἁμαρτήματα</span> 
     </span>
     <span class='ocr_line' id='line_1_15' title="bbox 473 2598 1526 2706; baseline 0.007 -29"><span class='ocrx_word' id='word_1_97' title='bbox 473 2600 599 2678; x_wconf 84' lang='grc' dir='ltr'>ἀνίατα</span> <span class='ocrx_word' id='word_1_98' title='bbox 626 2598 712 2679; x_wconf 84' lang='grc' dir='ltr'>ὄντα</span> <span class='ocrx_word' id='word_1_99' title='bbox 737 2600 969 2702; x_wconf 81' lang='grc' dir='ltr'>συγκρύπτει,</span> <span class='ocrx_word' id='word_1_100' title='bbox 988 2598 1157 2684; x_wconf 83' lang='grc' dir='ltr'>συνειδὼς</span> <span class='ocrx_word' id='word_1_101' title='bbox 1176 2604 1233 2679; x_wconf 80' lang='grc' dir='ltr'>καὶ</span> <span class='ocrx_word' id='word_1_102' title='bbox 1250 2600 1401 2706; x_wconf 75' lang='grc' dir='ltr'>ἐλέγξας</span> <span class='ocrx_word' id='word_1_103' title='bbox 1426 2599 1526 2684; x_wconf 80' lang='grc' dir='ltr'>ὅπως</span> 
     </span>
     <span class='ocr_line' id='line_1_16' title="bbox 473 2730 1574 2838; baseline -0.001 -25"><span class='ocrx_word' id='word_1_104' title='bbox 473 2732 599 2817; x_wconf 79' lang='grc' dir='ltr'>αὐτοὺς</span> <span class='ocrx_word' id='word_1_105' title='bbox 634 2733 816 2837; x_wconf 80' lang='grc' dir='ltr'>ὑπόχρεως</span> <span class='ocrx_word' id='word_1_106' title='bbox 850 2734 925 2838; x_wconf 75' lang='grc' dir='ltr'>ἔχη,</span> <span class='ocrx_word' id='word_1_107' title='bbox 956 2737 1038 2837; x_wconf 79' lang='grc' dir='ltr'>περὶ</span> <span class='ocrx_word' id='word_1_108' title='bbox 1071 2730 1121 2813; x_wconf 81' lang='grc' dir='ltr'>ὧν</span> <span class='ocrx_word' id='word_1_109' title='bbox 1154 2731 1278 2836; x_wconf 87' lang='grc' dir='ltr'>λόγοις</span> <span class='ocrx_word' id='word_1_110' title='bbox 1315 2739 1373 2813; x_wconf 82' lang='grc' dir='ltr'>καὶ</span> <span class='ocrx_word' id='word_1_111' title='bbox 1406 2735 1522 2838; x_wconf 80' lang='grc' dir='ltr'>ἔργοις</span> <span class='ocrx_word' id='word_1_112' title='bbox 1537 2773 1549 2812; x_wconf 82' lang='grc' dir='ltr'>ι</span> <span class='ocrx_word' id='word_1_113' title='bbox 1556 2769 1574 2829; x_wconf 84' lang='lat'>5</span> 
     </span>
     <span class='ocr_line' id='line_1_17' title="bbox 474 2865 1525 2975; baseline 0.003 -30"><span class='ocrx_word' id='word_1_114' title='bbox 474 2869 593 2962; x_wconf 82' lang='grc' dir='ltr'>ἀδικεῖ,</span> <span class='ocrx_word' id='word_1_115' title='bbox 621 2865 671 2965; x_wconf 83' lang='grc' dir='ltr'>μὴ</span> <span class='ocrx_word' id='word_1_116' title='bbox 702 2874 914 2964; x_wconf 84' lang='grc' dir='ltr'>τολμῶντας</span> <span class='ocrx_word' id='word_1_117' title='bbox 946 2875 1155 2970; x_wconf 81' lang='grc' dir='ltr'>κατηγορεῖν</span> <span class='ocrx_word' id='word_1_118' title='bbox 1186 2875 1238 2975; x_wconf 78' lang='grc' dir='ltr'>τῷ</span> <span class='ocrx_word' id='word_1_119' title='bbox 1271 2872 1347 2948; x_wconf 80' lang='grc' dir='ltr'>καθ’</span> <span class='ocrx_word' id='word_1_120' title='bbox 1377 2868 1525 2954; x_wconf 73' lang='grc' dir='ltr'>ἑαυτοὺς</span> 
     </span>
    </p>
   </div>
   <div class='ocr_carea' id='block_1_3' title="bbox 473 3001 1526 3113">
    <p class='ocr_par' dir='ltr' id='par_1_3' title="bbox 473 3001 1526 3113">
     <span class='ocr_line' id='line_1_18' title="bbox 473 3001 1526 3113; baseline 0.007 -31"><span class='ocrx_word' id='word_1_121' title='bbox 473 3001 591 3109; x_wconf 81' lang='grc' dir='ltr'>φόβιρ·</span> <span class='ocrx_word' id='word_1_122' title='bbox 626 3001 726 3081; x_wconf 82' lang='grc' dir='ltr'>ἀλλὰ</span> <span class='ocrx_word' id='word_1_123' title='bbox 754 3007 812 3082; x_wconf 82' lang='grc' dir='ltr'>καὶ</span> <span class='ocrx_word' id='word_1_124' title='bbox 838 3006 1037 3088; x_wconf 87' lang='grc' dir='ltr'>πλουσίους</span> <span class='ocrx_word' id='word_1_125' title='bbox 1065 3007 1253 3113; x_wconf 83' lang='grc' dir='ltr'>ἀπέφηνεν·</span> <span class='ocrx_word' id='word_1_126' title='bbox 1288 3008 1346 3112; x_wconf 86' lang='grc' dir='ltr'>ἐφ’</span> <span class='ocrx_word' id='word_1_127' title='bbox 1376 3002 1404 3112; x_wconf 78' lang='grc' dir='ltr'><strong><em>ᾧ</em></strong></span> <span class='ocrx_word' id='word_1_128' title='bbox 1432 3004 1526 3106; x_wconf 83' lang='grc' dir='ltr'>πρὸς</span> 
     </span>
    </p>
   </div>
   <div class='ocr_carea' id='block_1_4' title="bbox 474 3137 1525 3244">
    <p class='ocr_par' dir='ltr' id='par_1_4' title="bbox 474 3137 1525 3244">
     <span class='ocr_line' id='line_1_19' title="bbox 474 3137 1525 3244; baseline 0 -26"><span class='ocrx_word' id='word_1_129' title='bbox 474 3144 547 3218; x_wconf 81' lang='grc' dir='ltr'>τῶν</span> <span class='ocrx_word' id='word_1_130' title='bbox 572 3137 618 3216; x_wconf 80' lang='grc' dir='ltr'>τὰ</span> <span class='ocrx_word' id='word_1_131' title='bbox 644 3146 790 3217; x_wconf 84' lang='grc' dir='ltr'>τοιαῦτα</span> <span class='ocrx_word' id='word_1_132' title='bbox 813 3137 1015 3240; x_wconf 79' lang='grc' dir='ltr'>ζηλούντων</span> <span class='ocrx_word' id='word_1_133' title='bbox 1041 3147 1198 3244; x_wconf 83' lang='grc' dir='ltr'>φιλεῖται</span> <span class='ocrx_word' id='word_1_134' title='bbox 1224 3142 1282 3218; x_wconf 79' lang='grc' dir='ltr'>καὶ</span> <span class='ocrx_word' id='word_1_135' title='bbox 1301 3138 1525 3241; x_wconf 83' lang='grc' dir='ltr'>θαυμάζεται·</span> 
     </span>
    </p>
   </div>
   <div class='ocr_carea' id='block_1_5' title="bbox 474 3424 1579 4701">
    <p class='ocr_par' dir='ltr' id='par_1_5' title="bbox 474 3424 1578 3663">
     <span class='ocr_line' id='line_1_20' title="bbox 474 3424 1526 3505; baseline 0 -21"><span class='ocrx_word' id='word_1_136' title='bbox 474 3437 550 3485; x_wconf 85' lang='lat' dir='ltr'>rent.</span> <span class='ocrx_word' id='word_1_137' title='bbox 573 3426 693 3484; x_wconf 81' lang='lat' dir='ltr'><strong>Etenim</strong></span> <span class='ocrx_word' id='word_1_138' title='bbox 705 3424 796 3483; x_wconf 82' lang='lat' dir='ltr'>tilium</span> <span class='ocrx_word' id='word_1_139' title='bbox 809 3426 866 3484; x_wconf 91' lang='lat' dir='ltr'>Dei</span> <span class='ocrx_word' id='word_1_140' title='bbox 877 3447 893 3484; x_wconf 91' lang='lat' dir='ltr'>e</span> <span class='ocrx_word' id='word_1_141' title='bbox 904 3426 974 3484; x_wconf 82' lang='lat' dir='ltr'>caelo</span> <span class='ocrx_word' id='word_1_142' title='bbox 1025 3427 1106 3483; x_wconf 87' lang='lat' dir='ltr'>nium</span> <span class='ocrx_word' id='word_1_143' title='bbox 1128 3426 1278 3483; x_wconf 90' lang='lat' dir='ltr'>homiuum</span> <span class='ocrx_word' id='word_1_144' title='bbox 1301 3425 1526 3505; x_wconf 87' lang='lat' dir='ltr'>superbissimus</span> 
     </span>
     <span class='ocr_line' id='line_1_21' title="bbox 475 3506 1578 3584; baseline -0.004 -19"><span class='ocrx_word' id='word_1_145' title='bbox 475 3506 666 3573; x_wconf 78' lang='lat' dir='ltr'>descendisse,</span> <span class='ocrx_word' id='word_1_146' title='bbox 677 3506 827 3564; x_wconf 88' lang='lat' dir='ltr'>nobiscum</span> <span class='ocrx_word' id='word_1_147' title='bbox 842 3506 973 3565; x_wconf 85' lang='lat' dir='ltr'>confiteri</span> <span class='ocrx_word' id='word_1_148' title='bbox 1025 3527 1083 3563; x_wconf 91' lang='lat' dir='ltr'>non</span> <span class='ocrx_word' id='word_1_149' title='bbox 1095 3507 1246 3584; x_wconf 85' lang='lat' dir='ltr'>prohibet;</span> <span class='ocrx_word' id='word_1_150' title='bbox 1266 3506 1317 3565; x_wconf 89' lang='lat' dir='ltr'>sed</span> <span class='ocrx_word' id='word_1_151' title='bbox 1329 3507 1450 3564; x_wconf 83' lang='lat' dir='ltr'>interest</span> <span class='ocrx_word' id='word_1_152' title='bbox 1461 3506 1525 3584; x_wconf 79' lang='lat' dir='ltr'>ipse</span> <span class='ocrx_word' id='word_1_153' title='bbox 1537 3522 1578 3561; x_wconf 83' lang='lat'>20</span> 
     </span>
     <span class='ocr_line' id='line_1_22' title="bbox 474 3585 1253 3663; baseline -0.003 -19"><span class='ocrx_word' id='word_1_154' title='bbox 474 3587 582 3655; x_wconf 86' lang='lat' dir='ltr'>renuit,</span> <span class='ocrx_word' id='word_1_155' title='bbox 598 3597 633 3643; x_wconf 92' lang='lat' dir='ltr'>ut</span> <span class='ocrx_word' id='word_1_156' title='bbox 654 3585 764 3661; x_wconf 80' lang='lat' dir='ltr'>aliquid</span> <span class='ocrx_word' id='word_1_157' title='bbox 785 3587 879 3643; x_wconf 85' lang='lat' dir='ltr'>obiter</span> <span class='ocrx_word' id='word_1_158' title='bbox 900 3607 974 3663; x_wconf 73' lang='lat' dir='ltr'>prus·</span> <span class='ocrx_word' id='word_1_159' title='bbox 1024 3606 1090 3644; x_wconf 89' lang='lat' dir='ltr'>cum</span> <span class='ocrx_word' id='word_1_160' title='bbox 1107 3586 1253 3644; x_wconf 83' lang='lat' dir='ltr'>dicuntur.</span> 
     </span>
    </p>

    <p class='ocr_par' dir='ltr' id='par_1_6' title="bbox 475 3665 1579 4701">
     <span class='ocr_line' id='line_1_23' title="bbox 475 3665 1527 3740; baseline -0.001 -16"><span class='ocrx_word' id='word_1_161' title='bbox 475 3667 626 3724; x_wconf 76' lang='lat' dir='ltr'>mittamus</span> <span class='ocrx_word' id='word_1_162' title='bbox 640 3685 677 3723; x_wconf 84' lang='lat' dir='ltr'>ex</span> <span class='ocrx_word' id='word_1_163' title='bbox 688 3666 723 3721; x_wconf 89' lang='lat' dir='ltr'>iis</span> <span class='ocrx_word' id='word_1_164' title='bbox 737 3684 801 3740; x_wconf 69' lang='lat' dir='ltr'>quas</span> <span class='ocrx_word' id='word_1_165' title='bbox 815 3666 892 3722; x_wconf 81' lang='lat' dir='ltr'>infru</span> <span class='ocrx_word' id='word_1_166' title='bbox 902 3668 974 3723; x_wconf 90' lang='lat' dir='ltr'>ube-</span> <span class='ocrx_word' id='word_1_167' title='bbox 1066 3665 1146 3737; x_wconf 87' lang='lat' dir='ltr'>Quid</span> <span class='ocrx_word' id='word_1_168' title='bbox 1158 3665 1204 3723; x_wconf 87' lang='lat' dir='ltr'>hio</span> <span class='ocrx_word' id='word_1_169' title='bbox 1215 3667 1324 3724; x_wconf 87' lang='lat' dir='ltr'>referre</span> <span class='ocrx_word' id='word_1_170' title='bbox 1335 3666 1445 3723; x_wconf 81' lang='lat' dir='ltr'>attinet</span> <span class='ocrx_word' id='word_1_171' title='bbox 1456 3666 1527 3724; x_wconf 89' lang='lat' dir='ltr'>sub-</span> 
     </span>
     <span class='ocr_line' id='line_1_24' title="bbox 476 3745 1526 3821; baseline 0.001 -20"><span class='ocrx_word' id='word_1_172' title='bbox 476 3747 538 3802; x_wconf 85' lang='lat' dir='ltr'>rius</span> <span class='ocrx_word' id='word_1_173' title='bbox 546 3754 740 3821; x_wconf 86' lang='lat' dir='ltr'>exponentur.</span> <span class='ocrx_word' id='word_1_174' title='bbox 762 3745 975 3820; x_wconf 82' lang='lat' dir='ltr'>Nequeidsim·</span> <span class='ocrx_word' id='word_1_175' title='bbox 1025 3746 1206 3803; x_wconf 86' lang='lat' dir='ltr'>introductus</span> <span class='ocrx_word' id='word_1_176' title='bbox 1226 3757 1260 3804; x_wconf 94' lang='lat' dir='ltr'>ut</span> <span class='ocrx_word' id='word_1_177' title='bbox 1277 3746 1454 3803; x_wconf 84' lang='lat' dir='ltr'>Antiocheni</span> <span class='ocrx_word' id='word_1_178' title='bbox 1474 3766 1526 3802; x_wconf 87' lang='lat' dir='ltr'>vo·</span> 
     </span>
     <span class='ocr_line' id='line_1_25' title="bbox 476 3823 1525 3916; baseline 0.002 -36"><span class='ocrx_word' id='word_1_179' title='bbox 476 3823 545 3916; x_wconf 73' lang='lat' dir='ltr'>plici</span> <span class='ocrx_word' id='word_1_180' title='bbox 567 3824 724 3880; x_wconf 79' lang='lat' dir='ltr'>assertione</span> <span class='ocrx_word' id='word_1_181' title='bbox 746 3835 853 3889; x_wconf 79' lang='lat' dir='ltr'>nostra,</span> <span class='ocrx_word' id='word_1_182' title='bbox 869 3824 920 3882; x_wconf 91' lang='lat' dir='ltr'>sed</span> <span class='ocrx_word' id='word_1_183' title='bbox 942 3844 976 3881; x_wconf 85' lang='lat' dir='ltr'>ex</span> <span class='ocrx_word' id='word_1_184' title='bbox 1026 3838 1094 3883; x_wconf 79' lang='lat' dir='ltr'>caut</span> <span class='ocrx_word' id='word_1_185' title='bbox 1105 3824 1249 3890; x_wconf 88' lang='lat' dir='ltr'>mulieres,</span> <span class='ocrx_word' id='word_1_186' title='bbox 1259 3837 1317 3884; x_wconf 78' lang='lat' dir='ltr'>tum</span> <span class='ocrx_word' id='word_1_187' title='bbox 1332 3825 1424 3902; x_wconf 85' lang='lat' dir='ltr'>ipsius</span> <span class='ocrx_word' id='word_1_188' title='bbox 1437 3845 1525 3901; x_wconf 84' lang='lat' dir='ltr'>quum</span> 
     </span>
     <span class='ocr_line' id='line_1_26' title="bbox 476 3902 1578 3983; baseline -0.001 -25"><span class='ocrx_word' id='word_1_189' title='bbox 476 3903 548 3980; x_wconf 79' lang='lat' dir='ltr'>ipsis</span> <span class='ocrx_word' id='word_1_190' title='bbox 561 3921 625 3978; x_wconf 82' lang='lat' dir='ltr'>quae</span> <span class='ocrx_word' id='word_1_191' title='bbox 636 3902 673 3960; x_wconf 82' lang='lat' dir='ltr'>ud</span> <span class='ocrx_word' id='word_1_192' title='bbox 684 3922 735 3959; x_wconf 90' lang='lat' dir='ltr'>vos</span> <span class='ocrx_word' id='word_1_193' title='bbox 745 3902 876 3962; x_wconf 89' lang='lat' dir='ltr'>misimus</span> <span class='ocrx_word' id='word_1_194' title='bbox 887 3905 977 3980; x_wconf 87' lang='lat' dir='ltr'>gestis</span> <span class='ocrx_word' id='word_1_195' title='bbox 1027 3906 1261 3983; x_wconf 81' lang='lat' dir='ltr'>presbyterorum</span> <span class='ocrx_word' id='word_1_196' title='bbox 1286 3905 1349 3980; x_wconf 85' lang='lat' dir='ltr'>ejus</span> <span class='ocrx_word' id='word_1_197' title='bbox 1374 3925 1407 3962; x_wconf 84' lang='lat' dir='ltr'>sc</span> <span class='ocrx_word' id='word_1_198' title='bbox 1430 3905 1526 3963; x_wconf 75' lang='lat' dir='ltr'>‹lisco-</span> <span class='ocrx_word' id='word_1_199' title='bbox 1540 3919 1554 3957; x_wconf 86' lang='lat'><em>2</em></span> <span class='ocrx_word' id='word_1_200' title='bbox 1560 3916 1578 3976; x_wconf 83' lang='lat'>5</span> 
     </span>
     <span class='ocr_line' id='line_1_27' title="bbox 477 3981 1526 4062; baseline 0.003 -23"><span class='ocrx_word' id='word_1_201' title='bbox 477 4001 536 4039; x_wconf 90' lang='lat' dir='ltr'>non</span> <span class='ocrx_word' id='word_1_202' title='bbox 552 3981 640 4039; x_wconf 85' lang='lat' dir='ltr'>semel</span> <span class='ocrx_word' id='word_1_203' title='bbox 652 3982 831 4041; x_wconf 78' lang='lat' dir='ltr'>declaratur:</span> <span class='ocrx_word' id='word_1_204' title='bbox 851 3984 976 4041; x_wconf 78' lang='lat' dir='ltr'>maxime</span> <span class='ocrx_word' id='word_1_205' title='bbox 1027 3989 1148 4042; x_wconf 84' lang='lat' dir='ltr'>uorum?</span> <span class='ocrx_word' id='word_1_206' title='bbox 1173 3984 1207 4041; x_wconf 93' lang='lat' dir='ltr'>In</span> <span class='ocrx_word' id='word_1_207' title='bbox 1220 3986 1326 4062; x_wconf 88' lang='lat' dir='ltr'>quibus</span> <span class='ocrx_word' id='word_1_208' title='bbox 1340 4004 1398 4041; x_wconf 93' lang='lat' dir='ltr'>uon</span> <span class='ocrx_word' id='word_1_209' title='bbox 1410 3985 1465 4042; x_wconf 88' lang='lat' dir='ltr'>hoc</span> <span class='ocrx_word' id='word_1_210' title='bbox 1480 4005 1526 4042; x_wconf 86' lang='lat' dir='ltr'>so·</span> 
     </span>
     <span class='ocr_line' id='line_1_28' title="bbox 477 4062 1529 4129; baseline 0.005 -11"><span class='ocrx_word' id='word_1_211' title='bbox 477 4080 546 4119; x_wconf 87' lang='lat' dir='ltr'>vero</span> <span class='ocrx_word' id='word_1_212' title='bbox 560 4062 610 4118; x_wconf 94' lang='lat' dir='ltr'>ubi</span> <span class='ocrx_word' id='word_1_213' title='bbox 626 4062 696 4121; x_wconf 90' lang='lat' dir='ltr'>dicit</span> <span class='ocrx_word' id='word_1_214' title='bbox 709 4062 811 4121; x_wconf 89' lang='lat' dir='ltr'>Jesum</span> <span class='ocrx_word' id='word_1_215' title='bbox 827 4064 976 4121; x_wconf 89' lang='lat' dir='ltr'>Christum</span> <span class='ocrx_word' id='word_1_216' title='bbox 1028 4063 1098 4129; x_wconf 91' lang='lat' dir='ltr'>lum,</span> <span class='ocrx_word' id='word_1_217' title='bbox 1114 4064 1266 4123; x_wconf 84' lang='lat' dir='ltr'>sedetiam</span> <span class='ocrx_word' id='word_1_218' title='bbox 1284 4064 1340 4122; x_wconf 78' lang='lat' dir='ltr'>olis</span> <span class='ocrx_word' id='word_1_219' title='bbox 1357 4064 1529 4123; x_wconf 81' lang='lat' dir='ltr'>insanabilis</span> 
     </span>
     <span class='ocr_line' id='line_1_29' title="bbox 477 4143 1528 4220; baseline 0.003 -20"><span class='ocrx_word' id='word_1_220' title='bbox 477 4153 586 4200; x_wconf 84' lang='lat' dir='ltr'>eterra</span> <span class='ocrx_word' id='word_1_221' title='bbox 602 4154 698 4200; x_wconf 88' lang='lat' dir='ltr'>ortum</span> <span class='ocrx_word' id='word_1_222' title='bbox 714 4143 814 4200; x_wconf 88' lang='lat' dir='ltr'>fuisse.</span> <span class='ocrx_word' id='word_1_223' title='bbox 850 4144 893 4200; x_wconf 86' lang='lat' dir='ltr'>At</span> <span class='ocrx_word' id='word_1_224' title='bbox 908 4163 977 4201; x_wconf 87' lang='lat' dir='ltr'>vero</span> <span class='ocrx_word' id='word_1_225' title='bbox 1027 4144 1158 4210; x_wconf 83' lang='lat' dir='ltr'>crimina,</span> <span class='ocrx_word' id='word_1_226' title='bbox 1181 4164 1303 4220; x_wconf 87' lang='lat' dir='ltr'>quorum</span> <span class='ocrx_word' id='word_1_227' title='bbox 1327 4145 1459 4202; x_wconf 88' lang='lat' dir='ltr'>conscius</span> <span class='ocrx_word' id='word_1_228' title='bbox 1483 4155 1528 4203; x_wconf 92' lang='lat' dir='ltr'>est</span> 
     </span>
     <span class='ocr_line' id='line_1_30' title="bbox 477 4222 1529 4302; baseline 0.003 -24"><span class='ocrx_word' id='word_1_229' title='bbox 477 4222 521 4279; x_wconf 87' lang='lat' dir='ltr'>ilii</span> <span class='ocrx_word' id='word_1_230' title='bbox 540 4223 590 4299; x_wconf 88' lang='lat' dir='ltr'>qui</span> <span class='ocrx_word' id='word_1_231' title='bbox 611 4223 640 4279; x_wconf 91' lang='lat' dir='ltr'>in</span> <span class='ocrx_word' id='word_1_232' title='bbox 659 4224 724 4299; x_wconf 86' lang='lat' dir='ltr'>ejus</span> <span class='ocrx_word' id='word_1_233' title='bbox 742 4223 880 4281; x_wconf 89' lang='lat' dir='ltr'>honorem</span> <span class='ocrx_word' id='word_1_234' title='bbox 899 4223 976 4299; x_wconf 80' lang='lat' dir='ltr'>psal·</span> <span class='ocrx_word' id='word_1_235' title='bbox 1028 4234 1058 4282; x_wconf 92' lang='lat' dir='ltr'>et</span> <span class='ocrx_word' id='word_1_236' title='bbox 1073 4244 1196 4300; x_wconf 88' lang='lat' dir='ltr'>quorum</span> <span class='ocrx_word' id='word_1_237' title='bbox 1212 4226 1290 4302; x_wconf 83' lang='lat' dir='ltr'>ipsos</span> <span class='ocrx_word' id='word_1_238' title='bbox 1304 4244 1368 4281; x_wconf 89' lang='lat' dir='ltr'>reos</span> <span class='ocrx_word' id='word_1_239' title='bbox 1381 4244 1444 4281; x_wconf 90' lang='lat' dir='ltr'>esse</span> <span class='ocrx_word' id='word_1_240' title='bbox 1458 4244 1529 4281; x_wconf 89' lang='lat' dir='ltr'>cou-</span> 
     </span>
     <span class='ocr_line' id='line_1_31' title="bbox 477 4302 1579 4381; baseline -0.002 -22"><span class='ocrx_word' id='word_1_241' title='bbox 477 4322 540 4361; x_wconf 89' lang='lat' dir='ltr'>mos</span> <span class='ocrx_word' id='word_1_242' title='bbox 560 4314 679 4371; x_wconf 82' lang='lat' dir='ltr'>canunt,</span> <span class='ocrx_word' id='word_1_243' title='bbox 700 4316 730 4362; x_wconf 91' lang='lat' dir='ltr'>et</span> <span class='ocrx_word' id='word_1_244' title='bbox 750 4323 845 4362; x_wconf 82' lang='lat' dir='ltr'>corum</span> <span class='ocrx_word' id='word_1_245' title='bbox 869 4303 977 4381; x_wconf 81' lang='lat' dir='ltr'>populo</span> <span class='ocrx_word' id='word_1_246' title='bbox 1028 4305 1108 4368; x_wconf 84' lang='lat' dir='ltr'>vicit,</span> <span class='ocrx_word' id='word_1_247' title='bbox 1123 4302 1312 4361; x_wconf 88' lang='lat' dir='ltr'>nihilominus</span> <span class='ocrx_word' id='word_1_248' title='bbox 1329 4303 1403 4379; x_wconf 83' lang='lat' dir='ltr'>tegit</span> <span class='ocrx_word' id='word_1_249' title='bbox 1420 4324 1454 4361; x_wconf 81' lang='lat' dir='ltr'>sc</span> <span class='ocrx_word' id='word_1_250' title='bbox 1469 4303 1526 4361; x_wconf 90' lang='lat' dir='ltr'>dis·</span> <span class='ocrx_word' id='word_1_251' title='bbox 1539 4317 1579 4373; x_wconf 83' lang='lat'>30</span> 
     </span>
     <span class='ocr_line' id='line_1_32' title="bbox 478 4382 1530 4461; baseline 0 -20"><span class='ocrx_word' id='word_1_252' title='bbox 478 4402 545 4441; x_wconf 90' lang='lat' dir='ltr'>eum</span> <span class='ocrx_word' id='word_1_253' title='bbox 555 4382 763 4460; x_wconf 63' lang='lat' dir='ltr'>depraedicant:</span> <span class='ocrx_word' id='word_1_254' title='bbox 783 4383 877 4461; x_wconf 87' lang='lat' dir='ltr'>ipsum</span> <span class='ocrx_word' id='word_1_255' title='bbox 890 4403 977 4459; x_wconf 89' lang='lat' dir='ltr'>quem</span> <span class='ocrx_word' id='word_1_256' title='bbox 1028 4383 1154 4450; x_wconf 81' lang='lat' dir='ltr'>simulat,</span> <span class='ocrx_word' id='word_1_257' title='bbox 1175 4395 1209 4440; x_wconf 94' lang='lat' dir='ltr'>ut</span> <span class='ocrx_word' id='word_1_258' title='bbox 1228 4383 1294 4441; x_wconf 91' lang='lat' dir='ltr'>illos</span> <span class='ocrx_word' id='word_1_259' title='bbox 1313 4384 1368 4442; x_wconf 92' lang='lat' dir='ltr'>sibi</span> <span class='ocrx_word' id='word_1_260' title='bbox 1387 4383 1530 4441; x_wconf 87' lang='lat' dir='ltr'>obnoxios</span> 
     </span>
     <span class='ocr_line' id='line_1_33' title="bbox 478 4462 1530 4540; baseline 0.002 -23"><span class='ocrx_word' id='word_1_261' title='bbox 478 4462 637 4539; x_wconf 80' lang='lat' dir='ltr'>impietatis</span> <span class='ocrx_word' id='word_1_262' title='bbox 645 4462 792 4520; x_wconf 86' lang='lat' dir='ltr'>doctorem</span> <span class='ocrx_word' id='word_1_263' title='bbox 802 4462 977 4531; x_wconf 80' lang='lat' dir='ltr'>habuerunt,</span> <span class='ocrx_word' id='word_1_264' title='bbox 1028 4464 1148 4521; x_wconf 81' lang='lat' dir='ltr'>habeut:</span> <span class='ocrx_word' id='word_1_265' title='bbox 1176 4474 1269 4540; x_wconf 91' lang='lat' dir='ltr'>utque</span> <span class='ocrx_word' id='word_1_266' title='bbox 1290 4463 1359 4521; x_wconf 92' lang='lat' dir='ltr'>dum</span> <span class='ocrx_word' id='word_1_267' title='bbox 1381 4463 1436 4520; x_wconf 90' lang='lat' dir='ltr'>sibi</span> <span class='ocrx_word' id='word_1_268' title='bbox 1458 4462 1530 4540; x_wconf 88' lang='lat' dir='ltr'>ipsis</span> 
     </span>
     <span class='ocr_line' id='line_1_34' title="bbox 478 4540 1528 4621; baseline 0 -23"><span class='ocrx_word' id='word_1_269' title='bbox 478 4540 614 4616; x_wconf 73' lang='lat' dir='ltr'>angelum</span> <span class='ocrx_word' id='word_1_270' title='bbox 625 4560 688 4600; x_wconf 86' lang='lat' dir='ltr'>esse</span> <span class='ocrx_word' id='word_1_271' title='bbox 698 4542 800 4600; x_wconf 88' lang='lat' dir='ltr'>dicunt</span> <span class='ocrx_word' id='word_1_272' title='bbox 813 4562 830 4600; x_wconf 89' lang='lat' dir='ltr'>e</span> <span class='ocrx_word' id='word_1_273' title='bbox 844 4541 915 4599; x_wconf 82' lang='lat' dir='ltr'>caelo</span> <span class='ocrx_word' id='word_1_274' title='bbox 926 4541 976 4599; x_wconf 86' lang='lat' dir='ltr'>de·</span> <span class='ocrx_word' id='word_1_275' title='bbox 1027 4554 1174 4608; x_wconf 89' lang='lat' dir='ltr'>metuunt,</span> <span class='ocrx_word' id='word_1_276' title='bbox 1186 4543 1282 4621; x_wconf 89' lang='lat' dir='ltr'>ipsum</span> <span class='ocrx_word' id='word_1_277' title='bbox 1297 4544 1335 4601; x_wconf 92' lang='lat' dir='ltr'>oh</span> <span class='ocrx_word' id='word_1_278' title='bbox 1348 4563 1382 4602; x_wconf 85' lang='lat' dir='ltr'>eu</span> <span class='ocrx_word' id='word_1_279' title='bbox 1396 4562 1460 4620; x_wconf 86' lang='lat' dir='ltr'>quoe</span> <span class='ocrx_word' id='word_1_280' title='bbox 1476 4543 1528 4598; x_wconf 91' lang='lat' dir='ltr'>im-</span> 
     </span>
     <span class='ocr_line' id='line_1_35' title="bbox 479 4619 1530 4701; baseline 0.004 -26"><span class='ocrx_word' id='word_1_281' title='bbox 479 4619 603 4698; x_wconf 84' lang='lat' dir='ltr'>lspsum.</span> <span class='ocrx_word' id='word_1_282' title='bbox 646 4622 747 4697; x_wconf 86' lang='lat' dir='ltr'>Atque</span> <span class='ocrx_word' id='word_1_283' title='bbox 766 4621 827 4680; x_wconf 82' lang='lat' dir='ltr'>hoeo</span> <span class='ocrx_word' id='word_1_284' title='bbox 846 4621 896 4679; x_wconf 88' lang='lat' dir='ltr'>illo</span> <span class='ocrx_word' id='word_1_285' title='bbox 915 4641 976 4679; x_wconf 91' lang='lat' dir='ltr'>om·</span> <span class='ocrx_word' id='word_1_286' title='bbox 1028 4622 1076 4699; x_wconf 84' lang='lat' dir='ltr'>pie</span> <span class='ocrx_word' id='word_1_287' title='bbox 1100 4623 1160 4701; x_wconf 80' lang='lat' dir='ltr'>ugit</span> <span class='ocrx_word' id='word_1_288' title='bbox 1184 4643 1217 4682; x_wconf 89' lang='lat' dir='ltr'>uc</span> <span class='ocrx_word' id='word_1_289' title='bbox 1240 4623 1371 4700; x_wconf 86' lang='lat' dir='ltr'>loquitur</span> <span class='ocrx_word' id='word_1_290' title='bbox 1395 4640 1530 4681; x_wconf 78' lang='lat' dir='ltr'>accusare</span> 
     </span>
    </p>
   </div>
   <div class='ocr_carea' id='block_1_6' title="bbox 0 0 1870 5667">
    <p class='ocr_par' dir='ltr' id='par_1_7' title="bbox 0 0 1870 5667">
     <span class='ocr_line' id='line_1_36' title="bbox 0 0 1870 5667; baseline 0 0"><span class='ocrx_word' id='word_1_291' title='bbox 0 0 1870 5667; x_wconf 95' lang='lat' dir='ltr'> </span> 
     </span>
    </p>
   </div>
  </div>
 </body>
</html>
