3700 5667
532 674 597 743 398
671 667 1276 737 FRAGM.EP1ST.D10NY811
1302 665 1447 728 ALEX.

1021 955 1088 1017 IX.

930 1125 982 1185 Ea
996 1098 1087 1187 tertio¹
1097 1121 1182 1186 libro.

578 1279 647 1359 Ζοῆ
669 1282 702 1343 ἐκ
725 1280 797 1358 ζωῆς
819 1276 972 1359 ἐγεννήθη·
1000 1277 1048 1340 καὶ
1068 1276 1168 1357 ὥσπερ
1186 1273 1318 1354 ποταμὸς
1337 1273 1395 1337 ἀπὸ
1412 1274 1509 1353 πηγῆς
1531 1272 1580 1351 ἔρ-

533 1392 633 1471 ῥενσε·
661 1389 709 1453 καὶ
729 1388 787 1451 ἀπὸ
807 1386 907 1468 φωτὸς
924 1384 1079 1464 ἀσβέστου
1098 1384 1236 1465 λαμπρὸν
1256 1389 1320 1464 φῶς
1338 1382 1466 1464 ἀνήφθη.
1512 1391 1579 1450 Au.

410 1534 413 1539 ·
534 1501 684 1559 ducuntur
694 1501 754 1559 heac
767 1521 785 1558 a
799 1501 831 1558 S.
844 1499 1005 1557 Athanasio
1016 1497 1073 1575 Ep.
1084 1499 1120 1555 de
1135 1497 1281 1556 Sententia
1296 1495 1439 1573 Dionysii,
1454 1515 1485 1552 n.
1495 1496 1579 1553 xviii.

535 1625 564 1684 p.
579 1604 648 1663 256.

576 1785 650 1843 Vita
682 1804 719 1843 ex
750 1784 811 1842 vita
844 1784 944 1862 genita
975 1793 1030 1849 eat,
1081 1781 1159 1840 mine
1173 1781 1357 1859 splendidum
1367 1780 1466 1839 lumen
1478 1800 1581 1839 aooeu·

534 1863 777 1942 quemadmodum
795 1884 811 1922 e
825 1864 907 1922 fonte
923 1862 1031 1921 flumen
1082 1881 1146 1920 oum
1161 1874 1215 1920 est.

534 1944 689 2010 emanavit,
701 1954 730 2003 et
745 1965 782 2003 ex
796 1943 973 2002 inexstincto
987 1942 1032 2000 lu-

945 2162 1166 2196 ...4—

1035 2359 1081 2421 X.

921 2547 974 2610 Eo
988 2544 1065 2611 citra
1078 2553 1194 2630 quarto.

577 2699 634 2767 'sse
649 2703 706 2781 γὰρ
719 2702 736 2762 6
750 2698 889 2779 ἡμέτερος
903 2703 972 2763 νοῦς
987 2698 1137 2778 ἐρεύγεται
1150 2698 1206 2775 μὲν
1221 2693 1273 2776 ἀφ’
1286 2697 1391 2758 ἑαυτοῦ
1403 2695 1457 2760 τὸν
1471 2699 1582 2779 λόγον,

536 2811 575 2876 ὡς
594 2811 677 2873 εἶπεν
696 2813 713 2871 6
732 2807 893 2889 προφήτης,
915 2805 1133 2886 ΙίἘξηρεύξατο
1152 2806 1170 2884 ἡ
1193 2806 1296 2886 καρδία
1315 2831 1371 2885 μου
1391 2807 1487 2887 λόγον
1505 2808 1583 2888 ἆγα·

537 2920 601 2980 θόν·
625 2918 673 2979 καὶ
688 2917 754 2978 ἔστι
767 2917 823 2994 μὲν
838 2912 975 2994 ἑκάτερος
991 2914 1090 2993 ἕτερος
1105 2911 1239 2994 θατέρου,
1252 2916 1328 2977 ἴδιον
1343 2914 1392 2977 καὶ
1406 2918 1458 2976 τοῦ
1471 2921 1583 2979 λοιποῦ

537 3022 757 3106 κεχωρισμένον
777 3023 903 3104 εἰληχὼς
922 3023 1023 3095 τόπον,
1041 3023 1057 3083 6
1076 3024 1132 3101 μὲν
1149 3023 1235 3106 ἐντῇ
1255 3023 1366 3106 καρδίᾳ,
1383 3025 1399 3085 6
1415 3024 1448 3085 δὲ
1463 3024 1512 3087 ε’πὶ
1528 3029 1580 3103 τῆς

536 3135 668 3215 γλώττης
691 3134 740 3196 καλ
762 3137 814 3195 τοῦ
837 3133 982 3210 στόματος
1006 3132 1094 3195 οἶκῶν
1116 3157 1149 3196 τε
1175 3132 1222 3195 καὶ
1247 3134 1427 3211 κινούμενος·
1461 3134 1497 3196 οὔ
1519 3134 1581 3212 μὴν

533 3242 734 3323 ’διεστήκασιν,
750 3243 818 3307 οὐδὲ
836 3240 971 3319 καθάπαξ
989 3239 1132 3319 ἀλλήλων
1147 3240 1313 3321 στέρονται,
1329 3241 1398 3306 οὐδέ
1413 3244 1497 3307 ἐστιν
1511 3247 1580 3308 οὔτε

536 3355 553 3415 6
577 3357 645 3420 νοῦς
666 3354 787 3433 ἄλογος,
808 3352 878 3435 οὕτε
897 3352 986 3416 ἄνους
1007 3352 1024 3412 ὁ
1046 3352 1146 3430 λόγος·
1170 3347 1239 3412 ἀλλ’
1260 3351 1314 3430 ὅγε
1337 3356 1405 3418 νοῦς
1426 3357 1507 3414 ποιεῖ
1526 3353 1580 3416 τὸν

535 3463 631 3543 λόγον
653 3464 686 3525 ἓν
707 3462 783 3545 αὐτῷ
804 3461 918 3541 φανείς·
943 3459 991 3522 καὶ
1008 3461 1025 3520 6
1046 3460 1137 3539 λόγος
1155 3461 1285 3522 δείκνυσι
1299 3459 1351 3522 τὸν
1366 3466 1437 3523 νοῦν
1452 3463 1486 3523 ἓν
1501 3463 1580 3547 αὐτῷ

535 3573 705 3653 γενόμενος.
731 3573 779 3634 καὶ
800 3573 816 3633 ὁ
838 3573 894 3649 μὲν
917 3574 985 3635 νοῦς
1007 3569 1091 3632 ἐστὶν
1112 3571 1177 3633 οἶον
1198 3572 1291 3652 λόγος
1313 3573 1490 3652 ἐγκείμενος·
1513 3573 1579 3635 ὅδὲ

578 3781 661 3838 Sicut
676 3800 757 3838 meua
775 3792 874 3839 nostra
887 3791 1032 3839 eructata
1081 3802 1176 3859 neque
1194 3793 1292 3842 tamen
1312 3784 1389 3842 inter
1407 3805 1438 3842 ae
1457 3784 1577 3851 dietant,

536 3880 567 3919 ae
581 3859 643 3937 ipsa
656 3860 785 3924 verbum,
798 3871 831 3917 ut
845 3861 886 3918 ait
901 3861 1031 3937 Prophe·
1081 3873 1132 3919 aut
1149 3883 1180 3920 ae
1194 3864 1317 3921 invicem
1333 3864 1504 3941 privantur3
1525 3885 1579 3923 ne.

537 3950 576 4004 ta,
589 3938 739 3996 Eructavit
754 3959 803 3997 cor
817 3960 906 3997 meum
921 3941 1032 3997 verbum
1082 3961 1231 4017 quomens
1246 3944 1308 4001 siue
1320 3945 1407 4001 verbo
1418 3955 1472 4008 est,
1483 3964 1578 4019 neque

537 4019 647 4084 bonum.
663 4030 764 4096 estque
784 4029 941 4095 utrumque
960 4018 1032 4077 alte·
1083 4023 1202 4079 verbum
1217 4023 1279 4080 aine
1294 4035 1406 4081 mente:
1431 4023 1481 4080 aed
1496 4044 1579 4082 mena

536 4119 600 4157 rum
616 4101 653 4159 ab
666 4099 767 4168 altero,
782 4099 930 4177 proprium
949 4109 979 4157 et
995 4100 1031 4155 ab
1081 4102 1201 4158 verbum
1217 4101 1288 4160 facit
1309 4114 1339 4160 et
1359 4103 1388 4158 in
1408 4102 1471 4178 ipso
1490 4122 1579 4180 appa-

536 4179 629 4238 altero
650 4179 817 4238 distinctum
839 4178 974 4237 obtinens
987 4177 1031 4235 lo-
1082 4191 1136 4245 ret,
1157 4201 1190 4238 ao
1213 4183 1332 4239 verbum
1355 4182 1473 4239 exhibet
1496 4201 1578 4239 men.

536 4280 612 4324 cum,
645 4278 709 4316 cum
745 4256 818 4315 illud
849 4258 968 4333 quidem
999 4258 1029 4314 in
1081 4268 1140 4316 tem
1165 4261 1195 4317 in
1220 4280 1277 4336 qua
1301 4262 1412 4318 factum
1438 4274 1491 4320 est.
1536 4262 1578 4320 Et

535 4337 630 4403 corde,
648 4337 725 4395 istud
746 4357 814 4394 vero
833 4336 863 4393 in
881 4337 983 4414 lingua
1000 4348 1030 4394 et
1082 4358 1162 4396 mena
1176 4341 1292 4415 quidem
1309 4340 1444 4416 eatquaai
1456 4341 1576 4398 verbum

535 4435 584 4473 ore
603 4426 796 4474 commoretur
815 4428 845 4474 et
861 4428 1028 4474 moveatur:
1081 4417 1250 4485 immunem,
1269 4421 1388 4477 verbum
1408 4439 1477 4477 vero
1496 4440 1578 4478 mens

955 4598 968 4635 k
983 4595 1046 4645 Paul.
1061 4597 1116 4644 xliv.
1134 4612 1152 4643 ι.
