3700 5667
697 666 883 731 conen.
908 669 1229 735 canuusoznc
1324 657 1354 663 ”
1434 666 1511 764 ros

449 833 618 898 remissam
640 843 842 919 peccatorum
860 838 1077 923 accipiendam
1099 841 1158 905 hoc
1180 841 1249 927 ipso
1271 842 1392 907 facilius
1415 866 1502 910 acce

451 946 502 1009 dit
517 946 602 1031 quod
624 945 667 1009 illi
689 948 908 1026 remittuntur,
924 972 987 1013 non
1010 953 1146 1036 propria,
1163 955 1219 1018 sed
1241 953 1343 1018 aliena
1357 964 1501 1040 peccata.

453 1055 499 1119 Et
520 1055 649 1133 idcirco,
672 1056 773 1121 frater
794 1059 966 1136 carissime,
988 1060 1057 1125 haec
1082 1063 1143 1127 fuit
1173 1064 1206 1127 in
1235 1064 1366 1128 concilio
1392 1074 1503 1130 nostra

452 1164 623 1241 sententia,
649 1187 669 1228 a
694 1166 854 1251 baptismo
878 1176 977 1252 atque
998 1192 1019 1234 a
1044 1172 1151 1254 gratia
1177 1172 1247 1252 Dei,
1275 1173 1329 1259 qui
1356 1176 1502 1240 omnibus

423 1293 441 1351 5
453 1275 631 1338 misericors
645 1283 678 1340 et
693 1276 848 1361 benignus
863 1286 897 1342 et
912 1279 984 1364 pius
999 1287 1058 1356 est,
1071 1282 1228 1345 neminem
1242 1305 1298 1368 per
1313 1305 1371 1347 nos
1385 1285 1501 1349 debere

452 1385 623 1470 prohiberi.
680 1386 770 1467 Quod
797 1409 869 1451 cnm
899 1388 984 1452 circa
1008 1391 1170 1455 universos
1200 1393 1431 1457 observandum
1457 1394 1501 1459 sit

450 1502 550 1579 atque
574 1496 785 1573 retinendum,
808 1506 878 1562 tum
900 1501 1001 1584 magis
1024 1501 1108 1565 circa
1129 1502 1268 1567 infantes
1291 1504 1376 1589 ipsos
1399 1511 1432 1568 et
1451 1527 1500 1569 re-

452 1627 527 1669 cens
552 1614 646 1672 natos
671 1609 903 1673 observandum
927 1620 1086 1694 putamus,
1113 1613 1167 1697 qui
1191 1614 1250 1676 hoc
1278 1615 1346 1698 ipso
1372 1615 1412 1678 de
1439 1637 1500 1700 ope

451 1725 562 1780 nostra
586 1739 624 1780 ac
649 1719 689 1781 de
715 1719 821 1783 divina
845 1721 1062 1784 misericordia
1083 1722 1153 1806 plus
1175 1732 1338 1786 merentur
1360 1725 1445 1807 quod
1467 1724 1500 1787 in

404 1842 443 1883 10
451 1825 554 1910 primo
569 1827 680 1890 statim
694 1828 872 1894 nativitatis
886 1853 952 1894 suae
968 1838 1040 1896 ortu
1061 1832 1223 1916 plorantes
1238 1854 1276 1895 ac
1291 1832 1403 1896 flentes
1423 1833 1500 1898 nihil

450 1936 537 2000 aliud
566 1936 686 2000 faciunt
714 1960 810 2023 quam
846 1940 1069 2024 deprecantur.
1129 1942 1287 2026 Optamus
1324 1950 1369 2020 te,
1399 1943 1501 2008 frater

450 2045 622 2124 carissime,
645 2069 770 2132 semper
792 2049 872 2113 bene
894 2050 1006 2114 valere.

837 2323 1115 2364 ...4—.

450 2532 856 2602 onarnncruruusu
876 2534 1132 2600 concursu
1154 2534 1242 2598 suu
1261 2535 1498 2600 erlmmuo

851 2646 1093 2728 assarum,

404 2828 439 2887 ¹5
615 2838 700 2879 Anno
715 2838 783 2878 POST
797 2838 949 2878 CARISTUM
966 2837 1079 2876 NATUM
1096 2833 1325 2897 254nns1rust,

489 2982 541 3036 DE
560 2981 740 3037 BASILIDE
759 2983 806 3037 ET
825 2981 1021 3036 MARTIALE
1041 2981 1236 3036 HISPANIAE
1256 2980 1454 3036 EPISCOPIS

838 3075 1109 3131 LIBELLATICIS.

448 3229 602 3313 Synodico
625 3228 689 3292 laec
709 3229 850 3314 Epistola
869 3228 914 3292 acl
936 3228 1059 3293 Cbrum
1085 3237 1112 3292 et
1132 3227 1240 3291 Pota
1264 3229 1309 3291 od
1333 3229 1496 3312 Lasionmc,

492 3349 518 3402 ct
536 3340 703 3417 Asturica,
727 3350 755 3403 cl
780 3340 936 3416 Emerita,
964 3340 1155 3415 consistentes,
1182 3348 1221 3401 cst
1244 3338 1325 3401 inter
1347 3339 1499 3422 Cypriani

399 3474 439 3514 ao
492 3450 648 3535 Epistolos
670 3472 777 3513 sxvm.
799 3449 848 3513 ccl
860 3472 956 3514 nxvu.
980 3460 1007 3513 ct
1022 3472 1096 3536 puy.
1111 3467 1181 3529 117.
1206 3447 1276 3512 edis.
1291 3447 1499 3510 Balad-istisce

492 3571 581 3624 extat.

492 3694 676 3779 Cyprianus,
700 3695 854 3772 Oaecilius,
884 3694 1023 3771 Primus,
1054 3694 1261 3778 Polycarpus‚
1292 3691 1494 3767 Nicomedes,
1549 3706 1553 3716 ·

449 3804 643 3882 Lucilianus,
674 3805 856 3881 Successus,
892 3806 1041 3883 Sedulus,
1072 3805 1283 3880 Fortunatus,
1310 3801 1495 3879 «Ianuarius,

448 3913 654 3990 Secundinus,
692 3915 898 3999 Pomponius,
934 3915 1134 3991 Honoratus,
1172 3913 1297 3989 Victor,
1334 3910 1496 3989 Aurelius,

397 4039 436 4098 25
448 4024 569 4100 Satius,
583 4025 711 4102 Petrus,
727 4025 808 4088 alius
822 4024 845 4086 J
847 4025 1008 4101 anuarius,
1023 4024 1222 4096 Saturninus,
1239 4023 1320 4087 alius
1334 4021 1496 4099 Aurelius,

447 4132 638 4212 Venantius,
662 4134 806 4215 Quietus,
835 4134 1046 4218 Rogatianus,
1070 4133 1191 4209 Tenax,
1216 4131 1319 4204 Felix,
1343 4130 1496 4206 Faustus,

447 4244 597 4325 Quintus,
622 4244 703 4308 alius
733 4245 935 4321 Saturninus,
967 4245 1095 4320 Lucius,
1124 4242 1322 4318 Vincentius,
1351 4241 1496 4317 Libosus,

446 4355 624 4430 Geminius,
649 4355 835 4432 Marcellus,
858 4355 1007 4433 diambus,
1034 4354 1224 4439 Adelphius,
1245 4352 1440 4428 Victoricus,
1463 4359 1497 4415 et

445 4465 566 4529 Paulus
597 4464 696 4527 Felici
727 4465 913 4549 presbytero
942 4472 976 4529 et
1008 4464 1152 4549 plebibus
1181 4463 1426 4527 consistentibus
1455 4463 1498 4525 ad

393 4607 434 4665 30
445 4575 624 4662 Legionem
646 4581 680 4638 et
695 4574 867 4650 Asturica,
882 4574 960 4638 item
976 4573 1075 4637 Laelio
1093 4573 1227 4636 diacono
1249 4584 1282 4636 et
1303 4571 1387 4656 plebi
1403 4571 1497 4635 Eme·
