3700 5667
478 670 545 730 224
772 666 1023 744 RELIQUIAE
1049 665 1227 729 SACRAE.

478 838 569 941 πρὸς
591 837 657 937 τὴν
675 839 1001 942 ἀλεκτοροφωνίαν·
1031 835 1128 919 τινάς
1150 836 1197 933 δὲ,
1217 837 1272 915 ὅτι
1290 839 1353 943 ἀφ’
1374 838 1529 940 ἑσπέρας

479 971 562 1077 χρή.
612 977 661 1051 Oi
679 970 834 1074 μὲνγὰρ
853 974 890 1050 ἐν
907 971 1031 1078 Ῥώμῃ
1051 976 1213 1078 ἀδελφοὶ,
1232 971 1280 1057 ὥς
1299 980 1403 1078 φασι,
1422 1007 1525 1076 περι-

479 1107 628 1204 μένουσι
651 1106 715 1186 τὸν
735 1109 921 1209 ἀλέκτορα·
950 1110 1032 1210 περὶ
1057 1106 1095 1186 δὲ
1123 1114 1196 1186 τῶν
1219 1110 1372 1187 ἐνταῦθα
1397 1109 1528 1209 ἔλεγες,

479 1240 534 1320 ότι
552 1241 687 1345 τάχιον.
719 1244 850 1344 ἀκριβῆ
870 1242 908 1322 δὲ
922 1242 1007 1345 ὅρον
1020 1244 1209 1322 έπιτιθεναι
1222 1241 1343 1344 ζητεῖς,
1358 1247 1416 1322 καὶ
1432 1243 1529 1347 ὥραν

478 1372 574 1455 πάνυ
590 1378 867 1477 μεμετρημένην·
890 1378 978 1480 ὅπερ
993 1381 1051 1457 καὶ
1069 1378 1250 1457 δύσκολον
1265 1381 1323 1457 καὶ
1338 1377 1555 1484 σφαλερόν5

624 1508 868 1541 XXX&
1001 1510 1228 1541 &ban

478 1513 569 1590 ἐστι.
600 1546 641 1591 το
660 1547 726 1611 μεν
748 1545 830 1615 γαρ,
848 1545 903 1591 οτι
926 1546 1017 1609 μετα
1040 1547 1104 1592 τον
1122 1546 1185 1611 της
1207 1512 1442 1596 αναστάσεως
1464 1523 1528 1593 τοῦ

481 1648 615 1749 Κυρίου
639 1646 739 1744 ἡμῶν
763 1647 886 1749 καιρὸν
903 1646 974 1752 χρὴ
993 1651 1057 1746 τῆς
1082 1649 1205 1750 ἑορτῆς
1230 1651 1376 1746 καὶτῆς
1399 1650 1528 1753 εὐφρο-

478 1779 592 1880 σύνης
624 1779 847 1884 ἐνάρχεσθαι,
880 1783 1005 1888 μέχρις
1036 1785 1168 1863 ἐκείνου
1199 1782 1264 1867 τάς
1293 1782 1417 1889 ψυχὰς
1451 1792 1528 1868 ταῖς

479 1916 658 2015 νηστείαις
683 1924 944 2011 ταπεινοῦντος,
972 1914 1041 1994 ὑπὸ
1066 1914 1211 1994 πάντων
1236 1918 1365 2013 ὁμοίως
1389 1919 1523 2013 ὁμολο-

480 2048 691 2150 γηθήσεται·
720 2049 988 2132 κατεσκεύασας
1007 2050 1044 2128 δὲ
1058 2054 1100 2128 δι’
1115 2048 1166 2128 ὧν
1179 2051 1345 2156 ἔγραψάς
1358 2085 1419 2150 μοι
1431 2051 1527 2132 πάνυ
1542 2075 1576 2112 ¹0

480 2187 588 2286 ὑγιῶς
610 2187 668 2263 καὶ
689 2191 762 2263 τῶν
784 2185 888 2264 θείων
906 2185 1126 2286 εὐαγγελίων
1145 2186 1357 2284 ἠσθημένος,
1376 2186 1431 2265 ὅτι
1449 2223 1522 2286 μη-

480 2319 538 2398 δὲν
556 2319 850 2422 ἀπηκριβωμένον
873 2323 910 2398 ἐν
929 2321 1046 2403 αὐτοῖς
1070 2326 1149 2423 περὶ
1172 2326 1235 2420 τῆς
1261 2319 1364 2424 ὥρας,
1384 2324 1462 2401 καθ’
1483 2321 1528 2420 ἣν

480 2455 624 2554 ἀνέστη,
646 2457 818 2561 φαίνεται.
851 2455 1031 2561 διαφόρως
1048 2455 1113 2556 μὲν
1130 2456 1202 2559 γὰρ
1222 2463 1254 2536 οἱ
1272 2458 1527 2558 εὖαγγελισταὶ

480 2587 562 2672 τοὺς
579 2592 637 2668 ἐπὶ
660 2587 702 2667 τὸ
720 2596 891 2687 μνημεῖον
909 2589 1082 2672 ἐλθόντας
1105 2590 1317 2697 ἀνέγραψαν
1336 2590 1427 2671 κατά
1445 2627 1524 2670 και-

479 2722 563 2827 ροὺς
581 2724 878 2823 ε’νηλλαγμένους,
897 2727 956 2803 καὶ
974 2722 1104 2807 πάντες
1127 2726 1348 2823 ἀνεστηκότα
1371 2727 1440 2824 ἤδη
1464 2724 1528 2805 τὸν
1543 2745 1574 2800 ¹5

482 2856 616 2960 Κύριον
633 2858 777 2962 ἔφασαν
795 2859 985 2959 εὑρηκέναι·
1015 2861 1074 2936 καὶ
1097 2856 1191 2962 ’ὀψὲ
1209 2858 1421 2956 σαββάτων,
1440 2863 1487 2942 ὡς
1507 2862 1527 2937 ὁ

481 2997 669 3075 Ματθαῖος
693 2988 778 3070 εἶπε·
811 2997 869 3069 καὶ
893 2988 1049 3094 ι’πρωίας
1066 2992 1117 3070 ἔτι
1136 2995 1283 3075 σκοτίας
1301 2995 1421 3090 οὔσης,
1441 2995 1527 3075 ὡςὸ

478 3386 572 3445 fucere
583 3408 591 3455 ;
613 3385 685 3444 ulios
702 3406 781 3452 vero,
796 3385 875 3463 quod
891 3384 922 3443 id
939 3386 977 3443 sit
1029 3385 1169 3444 oonfesso.
1213 3384 1270 3442 Per
1289 3405 1322 3442 eu
1343 3394 1442 3441 uutern
1462 3402 1526 3459 quur

477 3465 643 3525 faciendum
658 3487 786 3544 vespere.
823 3466 884 3538 Qui
898 3467 976 3524 enisu
1029 3464 1178 3542 scripsisti,
1203 3465 1338 3539 probasti,
1365 3472 1447 3536 (seue
1475 3464 1524 3520 ud·

479 3546 579 3604 Romae
601 3558 670 3605 eunt
691 3548 805 3613 fratrer,
828 3559 861 3605 ut
883 3547 975 3616 aiunt,
1029 3543 1146 3602 modurn
1172 3544 1337 3601 divinorum
1362 3543 1522 3621 evangelio·
1538 3548 1575 3584 20

476 3627 585 3704 gallum
605 3638 768 3702 expectant.
811 3628 858 3685 De
872 3627 907 3684 iis
925 3647 976 3683 au.
1029 3646 1094 3683 rum
1111 3644 1196 3682 sensu
1214 3627 1364 3702 percepto)
1383 3624 1460 3699 quod
1479 3626 1523 3681 ni-

477 3718 537 3764 tem
555 3709 604 3783 qui
624 3706 671 3765 bic
688 3719 767 3774 sunt,
784 3707 883 3766 dixisti
898 3707 977 3784 quod
1028 3706 1068 3762 hil
1083 3707 1120 3764 ub
1134 3705 1204 3783 ipsis
1220 3715 1300 3761 certo
1316 3701 1468 3760 definitum
1489 3706 1525 3763 de

477 3786 574 3844 citius.
600 3788 757 3845 terminum
776 3798 873 3844 autem
894 3808 977 3845 exec-
1027 3786 1097 3844 horu
1121 3805 1179 3863 que
1202 3783 1370 3848 resurrexit,
1395 3799 1523 3860 apparet.

478 3879 541 3923 tum
556 3878 586 3924 et
600 3868 699 3924 horam
712 3866 795 3925 vuldo
809 3867 976 3926 demensum
1027 3866 1150 3924 Diverse
1178 3865 1254 3923 enim
1280 3862 1465 3941 evangelistis
1490 3865 1524 3922 ad

477 3946 582 4022 quoeris
596 3947 754 4024 imponere,
766 3946 844 4023 quod
858 3947 974 4023 quidem
1027 3956 1247 4004 monumentum
1269 3945 1382 4003 venisse
1405 3943 1524 4021 scripse.
1538 3951 1571 4003 ²5

477 4037 522 4084 est
533 4025 659 4092 difficile,
671 4039 700 4085 et
712 4026 864 4085 lubricum.
887 4025 976 4099 Quod
1027 4038 1097 4084 runt
1126 4027 1247 4084 mutatis
1276 4024 1466 4102 temporibus,
1496 4035 1525 4081 et

477 4106 553 4164 enirn
565 4120 630 4186 post
640 4106 860 4166 resurrectionis
871 4107 974 4164 Domi·
1027 4127 1127 4164 omues
1154 4106 1313 4164 surrexisse
1337 4105 1396 4180 jam
1424 4104 1524 4160 Domi·

477 4187 508 4244 ui
521 4198 638 4267 tempus
651 4199 767 4265 oportet
782 4188 890 4244 festum
904 4186 977 4245 laeti-
1028 4207 1109 4254 nuru,
1131 4187 1268 4245 dixerunt
1289 4186 1433 4242 invenisse
1450 4208 1455 4241 ι
1487 4184 1525 4242 Et

477 4269 605 4345 tismque
621 4268 765 4333 inchoare,
782 4267 819 4325 ad
836 4266 910 4324 illud
928 4287 977 4324 us-
1027 4287 1141 4345 vrspere
1169 4266 1361 4330 sabbatorum,
1390 4280 1424 4322 ut
1453 4264 1526 4322 dixit

476 4368 533 4423 que
554 4348 658 4407 animis
676 4348 790 4426 jejunio
804 4347 974 4414 humilietis,
1028 4348 1205 4407 Mattheus:
1229 4346 1281 4414 Et,
1297 4367 1380 4403 mane
1394 4366 1455 4403 cum
1473 4344 1523 4401 od·
1539 4351 1574 4407 30

477 4428 532 4484 erit
557 4428 633 4504 apud
659 4450 759 4487 omues
787 4426 920 4485 similiter
946 4427 975 4484 iu
1028 4428 1083 4486 huc
1104 4427 1222 4485 tenebre
1244 4434 1345 4490 essert,
1369 4437 1403 4482 ut
1427 4423 1526 4482 scribit

607 4650 620 4677 ι
633 4641 706 4688 biart.
719 4641 801 4686 xxviii.
819 4654 836 4687 ι.
1209 4641 1221 4675 b
1233 4638 1306 4687 doun.
1319 4655 1359 4685 riv.
1376 4652 1396 4685 r.
