3700 5667
420 680 474 745 IN
492 683 524 744 S.
540 681 730 744 DIONYS.
752 681 896 744 ALEX.
918 683 987 744 ΕΡ.
1008 683 1072 744 ΑΙ)
1092 682 1296 744 llASILlD.
1337 685 1400 745 235

354 856 600 911 commemorato
626 848 714 931 elegi,
739 857 850 931 utpote
878 849 931 932 qui
957 849 1123 930 antiquum
1148 871 1267 912 morem
1293 850 1400 913 refert.

356 950 394 1010 ln
418 949 549 1034 culpatis
571 950 734 1034 inscriptio
759 959 816 1025 est,
839 973 859 1012 a
882 973 945 1033 qua
967 958 1074 1013 tamen
1098 950 1237 1034 plerique
1260 952 1402 1015 codicum

353 1056 533 1111 nostrorum
557 1047 756 1130 aliquatenus
780 1049 965 1111 discedunt:
998 1049 1162 1126 Ἐπιστολὴ
1185 1056 1237 1111 τοῦ
1259 1053 1401 1129 μακαρίου

353 1150 515 1211 Διονυσίου
539 1151 772 1230 ἆρχιεττισκόττου
787 1149 1017 1229 Ἀλεξανδρείας
1039 1153 1113 1229 πρὸς
1136 1155 1318 1229 Βασιλείδην
1341 1155 1403 1215 ἔστί-

352 1276 476 1322 σκοττον,
494 1250 684 1327 ἐρωτήσαντα
704 1253 770 1328 περὶ
789 1255 941 1330 διαφόρων
962 1255 1144 1330 κεφαλαίων,
1161 1253 1234 1331 πρὸς
1252 1254 1271 1315 t
1290 1256 1338 1315 διὰ
1353 1257 1403 1330 τῆς

352 1353 511 1428 ἐπιπολῆς
526 1353 541 1411 ὁ
559 1354 719 1416 Διονύσιος
740 1354 909 1430 ἀποκρίσεις
929 1352 1101 1428 ἐποιήσατο,
1117 1353 1147 1415 al
1163 1355 1210 1415 καὶ
1226 1355 1264 1419 ὡς
1280 1355 1402 1419 κανόνες

352 1452 531 1532 ἐδέχθησαν.
572 1455 671 1516 Vetus
683 1462 790 1516 cutem
806 1454 943 1538 scriptor
950 1454 1017 1538 jam
1031 1455 1135 1518 <lictus
1147 1455 1178 1517 in
1189 1457 1401 1540 Epistularum

353 1555 579 1616 carentcarent
612 1556 745 1639 Spr‘ropsi
774 1555 857 1617 huuc
887 1563 1021 1640 praestat
1051 1556 1189 1629 titulum,
1220 1563 1248 1620 T
1248 1562 1283 1620 οῦ
1315 1561 1401 1637 ἁγίου

355 1658 515 1719 Διονυσίου
529 1656 759 1735 Ἀλεξανδρείας
781 1660 848 1737 περὶ
870 1664 921 1719 τοῦ
944 1659 1016 1720 πότε
1038 1659 1096 1739 χρὴ
1118 1661 1157 1741 τῷ
1179 1659 1302 1741 μεγάλῳ
1324 1667 1401 1736 σαβ-

351 1757 435 1840 βάτῳ
451 1760 708 1834 ἀποιηατίζεσθαι.
755 1759 846 1837 Quod
862 1760 902 1820 ael
912 1781 1008 1842 ραρισ
1025 1780 1138 1820 nomen
1148 1757 1281 1831 attinet,
1298 1759 1401 1843 ipsum

351 1857 437 1933 illud,
453 1867 490 1921 ut
509 1859 726 1922 Renaudetius
740 1860 824 1922 Hie.
840 1859 1019 1922 Petm‘orclr.
1037 1860 1204 1923 Αίιυανιίτ.
1221 1884 1251 1944 p.
1271 1863 1321 1923 28.
1343 1884 1401 1926 nos

352 1961 486 2034 monuit,
510 1960 597 2044 prius
621 1960 775 2044 episcopis
804 1969 836 2024 et
860 1961 1051 2045 patriarchis
1077 1983 1253 2037 commune,
1277 1962 1400 2027 duobus

352 2063 576 2125 tautummodo
599 2084 678 2146 pene
702 2063 864 2146 proprium
885 2071 999 2147 postea
1021 2063 1182 2137 remansit,
1200 2065 1345 2127 Romano
1368 2074 1401 2129 et

353 2163 581 2225 Alexandrino.
629 2163 737 2226 Unum
753 2173 880 2227 tantum
900 2165 1078 2248 exeurplum
1095 2165 1179 2227 dabo
1194 2165 1399 2230 vetustissimi

352 2265 448 2327 moris
470 2288 509 2328 cx
532 2266 591 2328 hoe
614 2266 711 2329 tertio
733 2265 848 2328 saeeulo
871 2265 1016 2349 petitum.
1063 2265 1137 2347 Ipse
1154 2265 1324 2350 Dionysius
1344 2290 1400 2331 aa·

352 2377 515 2430 lecessores
535 2390 626 2430 suum
643 2368 816 2430 Heraclanr
836 2366 952 2430 beatam
966 2389 1086 2451 popum
1106 2378 1240 2430 αυτίνιιυι
1261 2369 1401 2452 appellat

352 2469 384 2532 in
401 2470 502 2553 Epist.
515 2469 559 2531 ad
574 2469 788 2541 Philemonem,
806 2470 890 2553 apud
907 2470 1024 2532 Euseb.
1037 2470 1080 2532 Η.
1093 2472 1132 2532 Ε.
1150 2459 1204 2532 lib.
1218 2470 1268 2532 vii.
1286 2493 1355 2555 cap.
1369 2489 1399 2552 7.

356 2569 429 2633 Alia
444 2570 550 2631 videas
565 2570 597 2631 iu
614 2570 777 2633 Pearsouii
800 2571 948 2633 Viarlieiie
962 2571 1095 2655 Ιρααίίί,
1110 2579 1194 2654 part.
1208 2569 1236 2631 I.
1253 2592 1324 2653 cap.
1340 2571 1398 2634 ult.

352 2695 382 2755 p.
405 2673 581 2752 179—182.
598 2671 651 2733 ubi
673 2671 783 2734 scribit
803 2671 971 2755 exquisite,
987 2679 1023 2734 ut
1042 2671 1134 2746 solet,
1149 2671 1197 2732 vir
1211 2671 1344 2734 illustris
1359 2673 1398 2735 de

351 2774 543 2857 antiquitate
558 2781 654 2856 atque
670 2773 934 2856 interpretatione
949 2773 1034 2836 vocis
1043 2795 1139 2857 pape
1153 2795 1208 2836 seu
1217 2775 1331 2857 petr-is.

397 2872 434 2934 P.
452 2891 524 2956 223.
539 2872 558 2934 l.
576 2894 606 2956 3.
628 2875 701 2953 πρὸς
716 2878 896 2954 Βασιλείδην
913 2877 984 2959 tre]
1003 2875 1156 2939 Testatur
1171 2876 1328 2939 Eusebius
1343 2877 1396 2940 lib.

352 2975 402 3037 vii.
426 2975 512 3036 His.
538 2996 606 3057 cap.
632 2980 682 3037 26.
709 2976 870 3059 scripsisse
894 2977 1079 3060 Dionysium
1104 2977 1255 3061 epistolas
1282 2978 1399 3041 multas

351 3076 392 3138 ad
413 3074 582 3137 Basilidem
603 3077 813 3159 paroeciarum
833 3078 866 3140 in
882 3078 1049 3162 Pentapoli
1065 3078 1256 3161 episcopum,
1272 3078 1305 3140 h.
1321 3101 1347 3141 e.
1365 3077 1398 3140 ui

351 3176 453 3254 fallor,
471 3178 751 3260 metropolitanum
773 3180 991 3263 episcoporum
1015 3180 1209 3264 Pentapolis,
1230 3180 1283 3263 qui
1306 3179 1398 3242 simul

351 3300 460 3341 omnes
479 3278 643 3341 adsedem
660 3280 911 3344 Alexandrinam
927 3281 1150 3363 pertinebant3
1172 3280 1228 3342 sed
1243 3280 1311 3342 haee
1331 3280 1399 3342 sola

351 3401 391 3441 ex
411 3379 552 3463 epistolis
571 3382 612 3443 acl
634 3381 806 3443 Basilidem
826 3404 846 3444 a
866 3381 1038 3444 canonistis
1058 3387 1187 3443 servata
1207 3389 1266 3452 est,
1283 3380 1399 3464 quippe

352 3502 422 3563 quae
447 3502 510 3544 una
534 3503 605 3544 cum
629 3483 689 3544 illis
716 3483 772 3545 SS.
797 3482 942 3566 Gregorii
967 3482 1107 3545 Neocms.
1132 3481 1222 3545 Petri
1246 3480 1340 3543 Alex.
1365 3495 1399 3545 et

351 3591 528 3645 ceterorum
558 3606 578 3646 a
603 3584 742 3648 Concilio
770 3585 800 3646 in
828 3585 936 3648 Trullo
962 3585 1091 3647 firmata
1116 3583 1228 3646 fuerat.
1275 3584 1396 3647 Basna-

350 3684 421 3768 gius
441 3686 566 3769 quidem
586 3685 619 3748 in
635 3685 805 3749 Arruol‘bus
825 3686 1084 3752 Politice-[lectas.
1103 3685 1162 3748 vol.
1178 3686 1210 3747 ii.
1234 3708 1306 3770 pag.
1322 3705 1396 3769 340.

351 3786 448 3850 refert
471 3796 597 3871 tempus
623 3788 802 3871 scriptionis
827 3790 895 3872 ejus
920 3790 962 3852 ad
986 3810 1060 3852 ann.
1083 3788 1202 3852 Ohrisu
1227 3790 1298 3854 262.
1324 3797 1397 3871 post

352 3888 493 3972 Dionysii
512 3890 649 3953 reditum
668 3891 708 3952 ad
726 3890 964 3954 Alexandriam.
1007 3889 1071 3953 Sed
1091 3912 1141 3953 res
1162 3889 1254 3974 plane
1275 3889 1398 3953 incerta

350 4000 410 4053 est.

396 4091 478 4154 lbid.
501 4091 520 4152 l.
543 4111 589 4154 12.
615 4092 773 4157 Διονύσιος
797 4093 866 4172 δια]
893 4093 1063 4165 Scholium,
1081 4093 1165 4175 quod
1188 4092 1341 4174 sequitur,
1357 4115 1397 4155 ex

350 4193 457 4256 codice
477 4194 611 4256 Zonarae
630 4201 663 4256 et
685 4193 883 4256 Balsamonis
902 4196 1090 4258 Graecorum
1110 4201 1396 4257 commentatorum

352 4294 611 4357 Amerbachiauo
627 4294 816 4377 Bevercgius
831 4295 962 4359 attulit:
986 4294 1104 4358 Ἰστέον
1119 4296 1165 4355 ὅτι
1181 4293 1289 4373 γέγονε
1310 4295 1398 4371 μὲνὸ

347 4394 489 4476 μακάριος
510 4400 669 4461 Διονύσιος
689 4397 774 4461 οὗτος
793 4398 937 4476 ἀκροατὴς
951 4396 1137 4476 Ὠριγένους.
1161 4397 1194 4456 ἐν
1212 4395 1252 4477 rqi
1271 4393 1398 4478 τετάρτῳ

349 4495 400 4574 τῆς
418 4500 579 4576 βασιλείας
599 4498 659 4559 ἔτει
677 4497 830 4559 Φιλίππου
852 4503 903 4559 τοῦ
922 4502 997 4577 μετὰ
1017 4497 1180 4575 Γορδιανὸν
1194 4497 1398 4573 βασιλεύσαν-

349 4623 409 4673 τος,
439 4601 493 4662 τὸν
525 4600 598 4676 βίον
633 4597 874 4675 μεταλλάξαντος
903 4598 1044 4678 Ἡρακλᾶ
1076 4597 1315 4676 τρισκαιδεκάτου
1349 4602 1398 4674 τῆς

827 4723 847 4760 ιι
863 4700 919 4765 ha
