3700 5667
565 664 616 727 IN
642 664 875 729 SYNODUM
900 664 1275 728 ANTIOCHENAM.
1377 668 1442 735 349

397 831 583 897 Gallaudius
602 832 634 896 in
654 839 743 897 tomo
758 832 802 897 iii.
818 832 1012 897 Bibliotheca
1030 855 1096 897 suae
1114 834 1261 912 Patrem,
1279 855 1352 918 pag.
1366 837 1442 918 561.

398 934 501 998 Immo
523 957 606 1012 vero,
623 942 659 999 ut
680 946 755 1019 post
777 933 884 1010 didici,
899 941 1090 999 annotatum
1112 940 1162 998 est
1183 957 1205 999 a
1219 935 1256 998 ol.
1274 935 1379 998 Keilio
1400 937 1442 999 ad

395 1037 472 1101 edit.
489 1036 713 1102 Harlesianam
730 1035 931 1100 Fabricium
945 1035 1028 1100 Bibl.
1046 1039 1102 1100 Gr.
1118 1043 1196 1100 tom.
1212 1036 1264 1100 vii.
1280 1059 1352 1123 pag.
1368 1057 1442 1122 307.

397 1138 543 1201 Graeoum
567 1146 692 1202 textum
716 1137 832 1222 publici
851 1137 935 1222 juris
961 1137 1081 1201 facturn
1105 1138 1201 1201 fuisse
1224 1161 1264 1203 ex
1289 1138 1444 1204 Parisiuis

397 1239 524 1322 quidem
553 1239 713 1302 codicibus
742 1260 762 1301 a
787 1238 860 1303 Jae.
888 1238 972 1302 Guil.
1001 1239 1167 1303 Feverlino
1194 1239 1226 1303 in
1251 1242 1381 1306 Ditem.
1406 1241 1444 1306 da

396 1339 516 1402 Hoeraei
529 1339 629 1404 Paeti
643 1340 833 1404 Summateni
849 1342 904 1403 &a
921 1339 1025 1404 Gottl.
1045 1357 1137 1421 1741.
1153 1362 1185 1419 4.
1202 1353 1228 1420 t.
1243 1341 1287 1405 iii.
1301 1365 1332 1428 p.
1349 1350 1444 1406 10.et

397 1462 435 1502 ex
458 1440 639 1505 Bodleiunis
658 1464 679 1505 a
697 1442 749 1504 Jo.
769 1440 852 1505 Guil.
869 1440 1010 1505 Ehrlioh.
1031 1442 1064 1505 in
1079 1443 1209 1507 Dissert.
1225 1443 1262 1507 do
1277 1441 1444 1508 Emerita

397 1540 537 1625 ejusdum
552 1542 663 1618 Ραιιί,
681 1542 769 1625 Lips.
791 1559 881 1624 1745.
896 1562 928 1620 4.
947 1543 976 1623 §-
993 1564 1043 1606 xv.
1060 1565 1132 1626 pag.
1151 1562 1202 1607 οι.
1220 1566 1286 1628 seq.
1317 1544 1444 1614 Quibus

397 1640 519 1705 interea
544 1643 664 1707 labellis
691 1665 731 1706 ex
757 1642 930 1706 Germania
953 1644 994 1707 ad
1020 1665 1071 1707 me
1095 1644 1239 1725 perlatis,
1263 1645 1345 1708 hauc
1375 1646 1443 1728 qui·

396 1744 468 1806 dem
500 1744 628 1808 Leontii
656 1752 781 1825 partem
809 1744 967 1828 Synodion
993 1744 1220 1820 coutinentem,
1245 1767 1308 1808 non
1333 1753 1443 1809 autem
1575 1781 1577 1785 ·

396 1845 615 1926 praefationem
635 1846 729 1908 modo
749 1845 933 1920 adductum,
948 1846 990 1908 ab
1006 1843 1169 1909 Ehrliohio
1189 1845 1302 1910 Graeoe
1323 1846 1443 1910 editam

396 1945 491 2009 fuisse
516 1946 640 2019 inveni;
673 1947 728 2010 sed
753 1946 873 2011 atalia
897 1946 1044 2031 qnaedam
1070 1969 1091 2010 a
1114 1947 1279 2011 Faverliuo
1306 1957 1381 2012 sunt
1403 1970 1442 2012 ex

397 2047 507 2110 eodem
524 2046 659 2112 Leontio
675 2057 821 2132 sumpta;
846 2050 885 2112 de
901 2048 1016 2132 quibus
1031 2070 1127 2133 snpra
1141 2071 1171 2133 p.
1184 2065 1258 2135 327.
1419 2040 1422 2048 ¹

441 2149 476 2211 P.
492 2166 568 2231 310.
590 2148 610 2211 l.
631 2169 680 2211 11.
706 2152 739 2212 ἐν
765 2156 827 2215 τοῖς
852 2150 1073 2234 ὑπομνήμασιν]
1106 2150 1180 2234 Ipsa
1205 2151 1273 2214 haee
1297 2150 1444 2215 videntur

396 2270 465 2312 esse
486 2256 569 2324 aeta,
585 2271 640 2312 seu
655 2251 885 2323 commentarii,
903 2274 980 2335 quos
999 2252 1102 2315 saneti
1118 2259 1225 2336 patres
1243 2252 1329 2337 apud
1344 2252 1443 2314 Euse-

396 2351 483 2414 bium
499 2372 568 2412 sese
583 2351 614 2412 in
630 2351 765 2434 epistola
780 2374 838 2415 sua
852 2352 1007 2416 allaturos
1022 2375 1091 2416 esse
1101 2354 1169 2438 jam
1185 2354 1406 2437 promiserant.

439 2452 522 2516 Ibid.
539 2454 559 2514 l.
579 2472 627 2516 12.
650 2461 749 2535 τηρεῖν
771 2454 804 2517 τὸ
827 2456 940 2532 ἀξίωμα
962 2458 1011 2532 τῆς
1034 2455 1158 2537 σοφίας]
1177 2453 1272 2517 Anne
1291 2453 1337 2517 ita
1356 2453 1443 2517 loeus

396 2554 640 2639 intelligendus?
665 2556 782 2619 Paulus
796 2557 932 2638 affirmat
945 2577 1065 2618 ςονοονο
1083 2577 1113 2618 aa
1132 2556 1309 2639 diunitatem
1325 2556 1444 2639 sopion-

395 2656 456 2719 οἱα.
502 2656 552 2720 Εο
576 2656 660 2719 enim
683 2656 801 2731 confer,
824 2679 894 2740 quae
918 2678 1026 2740 supra,
1052 2657 1140 2720 etin
1164 2656 1380 2740 sequentibus,
1403 2657 1444 2719 de

396 2757 553 2842 sapientia
568 2757 736 2822 haeretious
751 2758 811 2822 iste
826 2757 951 2822 effutiit.
995 2757 1029 2821 Si
1044 2779 1095 2821 res
1110 2758 1154 2821 sie
1169 2780 1203 2822 se
1218 2758 1327 2834 habet,
1338 2757 1443 2844 legen·

397 2861 471 2923 dum
494 2860 586 2936 soret,
608 2861 683 2939 φησὶ
705 2859 940 2923 τοίνυν-αὐτὸν
959 2867 1059 2941 τηρεῖν
1076 2887 1102 2924 ιι.
1122 2886 1148 2923 τ.
1169 2868 1199 2922 λ.
1221 2859 1270 2924 vel
1290 2881 1443 2944 reponen-

396 2962 470 3025 dum
485 2968 631 3046 putarem
648 2966 749 3038 τηρεῖν
764 2966 836 3025 δεῖν.
890 2961 1001 3027 Habet
1017 2961 1160 3026 Bibliotd.
1176 2964 1254 3026 PP.
1268 2963 1327 3025 An
1347 2961 1444 3047 ipitnr

396 3065 429 3126 in
455 3062 685 3138 commentariis,
709 3063 747 3125 da
771 3063 874 3126 Ραιιίο
901 3063 1073 3148 ίοφιιιιιῖιιν,
1097 3085 1218 3127 seruare
1240 3063 1441 3146 &animem

396 3165 527 3228 additur
541 3188 601 3229 vox
621 3165 780 3249 eapientiae
793 3165 878 3247 apud
894 3165 1055 3230 Oanisium
1070 3173 1148 3229 tom.
1164 3165 1203 3227 iv.
1218 3165 1327 3249 Antip.
1345 3167 1438 3229 Lecti.

397 3268 444 3331 vel
463 3267 606 3331 Τίασαν.
622 3273 699 3330 tom.
713 3267 733 3328 i.
751 3266 803 3329 ubi
821 3266 949 3331 Leontii
964 3289 1045 3350 opus
1065 3266 1182 3329 Latine
1200 3273 1300 3329 extat.
1347 3266 1442 3330 Balu·

397 3368 462 3430 zius
484 3390 558 3431 vero
581 3367 612 3430 in
635 3369 715 3430 Noo.
737 3367 851 3431 Colleot.
873 3368 986 3431 Concit.
1008 3368 1068 3430 hoo
1090 3367 1302 3450 fragmentum
1325 3367 1441 3430 omisit.

399 3467 480 3532 Haee
503 3477 579 3532 ante
602 3477 798 3544 notaveram,
821 3491 892 3532 eum
917 3469 1038 3534 editum
1066 3476 1116 3533 est
1139 3469 1179 3532 ab
1204 3468 1328 3553 Angelo
1351 3468 1442 3532 Maio

396 3578 580 3655 excerptum
601 3569 677 3633 illud
699 3570 790 3632 Pauli
810 3593 830 3634 a
851 3593 901 3634 me
915 3572 985 3635 loeo
1003 3572 1140 3635 seeundo
1155 3570 1354 3644 collocatum,
1369 3592 1440 3655 pag.

396 3693 470 3758 300.
494 3675 511 3735 d
534 3675 633 3753 Λόγος
657 3673 766 3750 μείζων
790 3673 827 3752 ἦν
853 3678 905 3737 τοῦ
931 3678 1072 3754 Χριστοῦ.
1104 3672 1234 3754 Χριστὸς
1258 3676 1306 3735 διὰ
1328 3674 1442 3753 σοφίαν

396 3776 501 3852 μείζων
513 3773 645 3854 ἐγένετο,
656 3772 689 3835 τὸ
702 3775 814 3852 ἀξίωμα
828 3778 879 3851 τῆς
895 3777 1004 3855 σοφίας
1018 3775 1058 3854 μὴ
1074 3774 1255 3853 καθέλωμεν.
1284 3772 1362 3854 Quae
1376 3774 1442 3858 qui-

396 3875 468 3939 dem
488 3882 619 3939 tuentur
633 3874 800 3938 verborum
822 3874 913 3938 Pauli
929 3877 1167 3961 expositionem,
1186 3899 1249 3961 qua
1268 3883 1342 3952 δεῖν,
1357 3878 1441 3961 quod

396 3977 470 4040 olim
486 3977 645 4062 proposui,
662 3981 701 4062 τῷ
717 3983 816 4058 τηρεῖν
830 3976 971 4042 additur.

440 4079 524 4143 Ibid.
544 4079 564 4142 1.
587 4099 635 4162 15.
659 4079 803 4160 συνῆστο]
827 4078 1086 4143 subaudiendum
1108 4084 1158 4141 est
1176 4078 1195 4155 ἡ
1216 4077 1320 4156 σοφία,
1341 4083 1377 4139 ut
1402 4098 1441 4139 ex

395 4181 481 4262 ῥήσει
501 4181 644 4264 proxime
667 4188 819 4263 sequente
840 4188 949 4265 patet;
975 4186 1110 4263 postque
1130 4177 1309 4255 συμβαίνειν
1329 4176 1441 4240 intelli·

395 4283 532 4367 gendum
556 4290 604 4344 est
625 4281 742 4365 aliquid
763 4281 952 4366 hujusmodi,
970 4282 1045 4361 φησὶ
1063 4282 1079 4342 ὁ
1100 4281 1231 4343 Παῦλος.
1278 4278 1352 4339 Ηοο
1367 4299 1441 4340 vero

396 4383 463 4447 fieri
485 4405 578 4469 posse
600 4384 738 4468 negabat
761 4384 890 4459 Paulus,
904 4390 942 4447 ut
964 4381 1120 4466 sapientia
1139 4377 1258 4441 homini
1280 4375 1441 4440 subdenti-

396 4485 496 4562 aliter,
513 4485 560 4549 vel
583 4485 676 4549 aliter
697 4493 794 4569 atque
815 4485 1014 4569 οοοοίοροοιῖον
1033 4490 1186 4566 tauquam
1207 4478 1355 4562 qualitas,
1373 4479 1441 4542 uui·

395 4593 492 4652 retur.
539 4586 600 4651 Ait
622 4587 660 4651 el.
676 4585 817 4663 Ehrlieh,
835 4607 942 4648 vocem
963 4586 1110 4648 σύστασιν
1131 4581 1234 4646 minus
1253 4589 1340 4645 reete
1359 4581 1440 4644 Tur-
