3700 5667
513 653 758 718 ANNOTAT.
784 653 833 716 IN
860 654 891 715 S.
909 654 1145 717 PAMPHIL.
1171 655 1323 718 MART.
1376 659 1437 719 501

398 825 528 888 Librum
557 825 653 889 istum
681 822 935 909 Apologetionm,
962 824 1002 889 de
1031 846 1094 908 quo
1124 825 1256 909 agimus,
1288 827 1441 909 ejusmodi

397 927 473 1012 quid
488 926 630 991 confiteri
645 926 782 1003 videtur,
797 947 868 989 cum
888 925 947 1003 ait,
960 947 990 990 se
1006 926 1226 1011 Apohpeticum
1243 929 1341 992 macti
1360 951 1443 991 ntor-

396 1029 474 1110 tyrir
488 1027 659 1112 Pamphili,
668 1038 765 1113 prout
776 1028 888 1112 potuit,
904 1028 954 1093 cel
966 1049 1014 1092 ros
1026 1029 1173 1112 moscii,
1184 1029 1299 1092 Latino
1312 1051 1444 1093 mmmm

394 1130 555 1215 differitas.
607 1130 726 1195 Itidem
748 1130 831 1194 idem
854 1130 915 1194 iste
938 1130 1095 1214 interpres
1119 1130 1278 1195 Homilias
1299 1132 1442 1217 Origeni-

395 1255 484 1306 anas,
509 1233 669 1319 praecipue
692 1234 761 1298 illas
786 1233 819 1296 in
846 1232 1033 1310 Leviticum,
1059 1232 1229 1297 confitetur
1254 1257 1288 1298 se
1311 1235 1443 1299 vertisse

394 1335 535 1411 liberius,
551 1335 753 1420 adimplendo
769 1357 839 1419 quae
856 1334 998 1399 deerant.
1024 1334 1096 1397 Vid.
1114 1335 1258 1400 Perorat.
1274 1335 1342 1420 ejus
1360 1338 1442 1399 (lma

395 1439 540 1502 marii
562 1438 702 1523 Oripmia
720 1438 754 1500 ic
773 1438 873 1521 Epist.
889 1437 935 1500 acl
948 1439 1111 1501 Romanoa.
1157 1438 1262 1514 Quid!
1284 1438 1368 1522 quod
1384 1440 1441 1501 ad-

395 1539 552 1603 versarius
574 1539 651 1623 ipse,
675 1540 728 1624 qui
751 1539 901 1603 Rufinum
925 1540 1096 1616 accusavit,
1116 1540 1268 1624 gloriatus
1291 1547 1341 1604 est
1365 1541 1442 1603 Ilie-

395 1665 555 1728 ronymus,
571 1643 651 1706 sein
667 1644 819 1707 vertendo
834 1643 972 1728 Origene
992 1644 1084 1706 cocio
1105 1665 1227 1728 quaque
1243 1644 1441 1715 mamaeae,

395 1747 488 1811 mitta
503 1746 709 1810 transtulisse?
732 1746 872 1831 Epetota
886 1746 932 1810 ad
948 1745 1141 1831 Theophilum
1157 1746 1243 1810 Alea.
1259 1769 1289 1831 p.
1308 1749 1376 1827 187.
1392 1747 1441 1809 ed.

397 1850 535 1914 Froben.

440 1951 503 2016 Sed
523 1959 642 2029 tamen,
657 1958 817 2035 utcunque
836 1950 1055 2036 intelligantur
1067 1952 1163 2015 verba
1178 1950 1304 2036 Epilogi
1322 1951 1443 2014 Rufini-

395 2055 448 2118 ani
474 2055 517 2119 ad
543 2053 701 2139 Pamphili
724 2053 956 2138 Apolopeticum,
981 2076 1021 2116 ex
1048 2053 1108 2116 illis
1133 2053 1231 2117 etiam
1255 2052 1431 2136 Hieronym

396 2157 472 2221 locis
502 2178 576 2220 mox
602 2156 678 2219 mihi
708 2155 902 2220 adducendis
933 2157 1135 2220 manifestum
1163 2163 1222 2230 est,
1250 2156 1365 2218 debere
1394 2178 1442 2218 re·

396 2259 510 2345 stringi
524 2259 566 2323 ad
586 2258 726 2343 singulas
744 2257 856 2339 ῥήσεις,
874 2279 944 2341 quae
960 2259 1000 2322 de
1015 2258 1157 2343 personis
1172 2266 1273 2342 agunt
1288 2255 1320 2320 S.
1339 2256 1441 2318 Trini-

396 2361 485 2440 tatis,
502 2360 608 2425 Rufini
622 2361 772 2424 delictum
787 2360 882 2423 istud.
933 2363 1004 2423 Hoc
1018 2382 1143 2445 quoque
1158 2359 1318 2423 indicatur
1333 2359 1443 2442 Orige-

396 2464 446 2528 nis
457 2463 560 2528 verbis
574 2485 595 2527 a
605 2462 721 2526 Rufino
738 2463 856 2526 Latine
869 2463 967 2526 versis
982 2472 1080 2547 atque
1095 2463 1136 2526 ab
1152 2462 1350 2546 Hieronymo
1365 2461 1441 2524 alla·

396 2567 439 2631 tis
460 2567 493 2629 in
515 2565 657 2651 Epistola
679 2565 724 2629 aul
746 2564 980 2629 Pammacticm
1006 2565 1150 2629 adverae
1173 2586 1289 2628 errores
1310 2565 1443 2628 locucio

398 2670 521 2733 Hieros.
537 2691 569 2754 p.
588 2684 658 2750 174
680 2690 750 2752 quaa
772 2667 899 2752 quidem
919 2671 1016 2750 ῥῆσις,
1031 2666 1062 2730 ni
1078 2667 1179 2744 fallor,
1196 2674 1354 2752 quotquot
1368 2674 1444 2731 sunt

396 2771 543 2857 Origenis
557 2771 653 2835 effata
668 2772 708 2833 de
728 2770 958 2835 resurreetione
979 2772 1120 2856 corporis
1139 2770 1225 2855 apud
1241 2770 1442 2833 Rufinianam

396 2874 559 2959 Panptitt
580 2874 754 2937 versionem
777 2875 932 2951 extantia,
953 2875 996 2939 ab
1018 2875 1102 2939 omni
1127 2873 1315 2948 omissionis,
1338 2874 1385 2936 vel
1410 2873 1443 2936 in

397 2979 513 3041 bonam
533 2985 657 3061 partem
678 2975 916 3052 immutationis,
933 2977 1109 3062 suspicione
1129 2997 1259 3061 prorsus
1283 2974 1440 3039 liberabit.

397 3077 478 3142 Tam
503 3087 623 3162 aperte,
647 3077 803 3163 nudoque,
827 3087 863 3144 nt
889 3079 992 3157 aiunt,
1015 3080 1120 3165 capite
1147 3079 1224 3143 inibi
1249 3078 1443 3164 Origeniaua

396 3180 621 3245 declaratura
645 3180 761 3245 Rufino
787 3182 957 3255 sententia,
981 3182 1137 3267 plerisque
1163 3181 1237 3245 licet
1263 3179 1443 3242 hominibus

396 3280 506 3345 odiosa
531 3290 629 3365 atque
657 3280 766 3345 inrisa.
813 3284 929 3360 lmmo,
951 3283 993 3346 ad
1019 3304 1170 3367 personas
1198 3281 1329 3343 Divinas
1355 3281 1440 3364 quod

395 3384 527 3460 attinet,
543 3383 755 3448 eruditissimo
770 3384 864 3448 Bullo
880 3406 1064 3470 persuasum
1079 3391 1141 3459 est,
1157 3381 1307 3446 Rufinum
1323 3382 1442 3444 nullum

396 3485 542 3570 Origenis
557 3484 772 3549 testimonium
788 3485 821 3548 in
835 3508 892 3550 sua
907 3486 1049 3550 versione
1064 3486 1104 3548 de
1117 3484 1277 3548 Trinitate
1291 3483 1442 3568 posuisse,

396 3586 481 3671 quod
510 3607 573 3649 non
599 3585 630 3648 in
659 3587 816 3672 Pamphili
843 3610 938 3674 opere
966 3588 1101 3653 totidem
1127 3586 1230 3650 verbis
1259 3586 1442 3663 haberetur,

396 3688 545 3773 nihilque,
571 3688 718 3774 quicquid
745 3691 932 3768 detraxerit,
957 3692 997 3754 de
1022 3712 1080 3754 suo
1105 3688 1274 3753 addidisse.
1326 3687 1444 3751 Censet

396 3790 479 3855 euim
502 3790 550 3853 vir
574 3790 724 3875 optimus,
750 3804 769 3825 ‘¹
785 3793 931 3877 quaedam
958 3793 1106 3857 attulisse
1129 3798 1277 3856 auctores
1301 3791 1380 3853 istos
1403 3811 1441 3852 ex

398 3903 417 3925 ‘⁴
432 3891 569 3977 Origene
591 3893 782 3972 testimonia,
798 3895 912 3979 quibus
928 3896 1046 3959 voculae
1066 3904 1099 3959 et
1114 3894 1201 3958 dieta
1217 3893 1367 3957 nonnulla
1385 3892 1440 3955 ad·

398 4002 417 4025 ‘⁴
434 3992 535 4058 mixta
556 4004 673 4072 essent,
692 4019 762 4080 quae
785 3997 958 4061 Catholicis
979 3998 1109 4060 auribus
1134 3995 1322 4079 Hieronymi
1344 4003 1443 4057 aetate

398 4104 418 4126 “
434 4093 537 4158 minus
564 4096 752 4180 placuerint,
775 4106 888 4184 utpote
917 4100 959 4163 ab
987 4099 1116 4162 Arianis
1141 4104 1211 4160 tum
1239 4097 1282 4159 ad
1309 4094 1442 4157 haeresin

398 4207 417 4228 ‘⁴
433 4217 524 4260 suam
535 4200 772 4283 propagandam
784 4202 969 4286 ruurpata.”
994 4201 1062 4264 Vid.
1076 4201 1198 4283 Deserta.
1213 4197 1290 4261 Fid.
1303 4197 1444 4259 Nicaea

396 4308 473 4362 sect.
491 4296 537 4362 II.
554 4321 623 4384 cap.
637 4300 678 4363 ix.
695 4306 719 4382 5.
735 4321 785 4365 20.
803 4325 874 4387 pag.
892 4323 962 4380 114.
997 4303 1119 4365 Vereor
1133 4308 1253 4374 autem,
1269 4320 1308 4361 no
1324 4296 1442 4382 aliquid

396 4407 554 4482 praterea
579 4423 619 4465 ex
641 4402 745 4465 verbis
772 4403 960 4488 Hieronymi
986 4425 1057 4488 quae
1084 4415 1271 4485 sequuntur,
1298 4399 1444 4484 colligere

396 4520 524 4564 noemae
546 4501 598 4566 sit.
643 4500 696 4567 Sic
717 4503 801 4566 enirn
820 4504 873 4568 ille
893 4504 1005 4569 scribit
1019 4505 1050 4567 in
1067 4504 1182 4566 Prima
1198 4501 1285 4585 Apol.
1301 4500 1445 4565 adoerm

397 4600 723 4689 afim-Pacuuio
737 4607 911 4670 testimoniis
924 4607 961 4670 de
975 4606 1061 4670 Filio
1079 4606 1138 4668 Dei
1153 4615 1179 4668 ct
1194 4603 1318 4688 Spiritu
1332 4602 1444 4665 Sancto
