3700 5667
398 662 441 727 66
746 658 1100 724 ANNOTATIONES

399 831 506 896 Rufini
519 831 661 896 versione
676 831 736 894 hoc
751 830 939 894 confirmare
953 831 1073 904 studet,
1085 851 1147 891 non
1163 828 1300 892 defuisse
1310 829 1449 895 Novati·

398 954 472 1010 ano,
481 932 569 1018 prius
584 953 679 1016 quam
694 931 887 1016 baptismum
902 931 1088 1013 susciperet,
1099 929 1227 1013 aliquod
1243 929 1356 993 saltem
1373 931 1447 994 fidei

396 1035 532 1110 initium,
550 1033 666 1114 “Quid
681 1033 775 1108 enim,
789 1033 967 1116 interrogat
982 1031 1044 1107 ille,
1057 1032 1143 1116 apud
1154 1032 1327 1095 exorcistas
1335 1041 1449 1112 ageret

398 1137 517 1200 “omni
540 1135 603 1200 fide
623 1135 797 1200 destitutus
805 1135 835 1198 l''
865 1156 905 1197 ex
927 1133 1123 1197 Tertulliano
1145 1135 1336 1216 respondere
1358 1134 1446 1212 licet,

397 1240 551 1322 quosdam
574 1237 717 1302 extitisse
739 1235 814 1299 olim
829 1236 967 1310 echoicos,
984 1236 1037 1319 qui
1060 1241 1269 1319 agnoscerent
1288 1235 1320 1297 in
1336 1257 1370 1299 se
1384 1237 1447 1300 col·

396 1340 464 1404 lata
478 1361 546 1403 esse
561 1336 741 1422 hujusmodi
757 1334 900 1422 beneficia
918 1335 1167 1398 Olmbtioooram.
1213 1335 1290 1398 Vid.
1308 1339 1446 1402 Tertull.

396 1463 468 1504 cum
488 1440 573 1517 alibi,
589 1447 659 1503 tum
674 1437 779 1501 libello
794 1437 840 1499 cd
853 1436 1020 1520 Scapulam
1035 1458 1102 1521 cap.
1119 1458 1150 1515 4.
1193 1437 1301 1501 Aliter
1314 1460 1390 1502 vero
1405 1440 1446 1505 de

396 1543 457 1607 hac
472 1565 507 1606 rc
519 1543 654 1606 fortasse
669 1540 834 1604 statuebat
845 1538 1049 1614 Poemenius,
1058 1539 1111 1621 qui
1126 1539 1194 1602 haeo
1206 1540 1316 1603 scribit
1325 1542 1446 1606 Aaou.

397 1645 489 1730 Ορρν.
505 1645 548 1708 ad
562 1664 615 1707 an.
633 1662 707 1726 251.
723 1648 801 1704 sect.
813 1663 842 1703 v.
858 1648 879 1677 “
891 1641 976 1703 Nam
991 1640 1093 1723 primo
1109 1641 1314 1726 philosophus
1329 1642 1444 1720 luerat,

397 1758 416 1779 ‘⁴
433 1753 466 1810 et
487 1746 613 1830 quidem
630 1743 774 1814 Stoicus;
808 1740 881 1804 dein
902 1762 975 1804 cum
994 1742 1079 1805 inter
1098 1743 1341 1807 catechumenos
1363 1754 1445 1825 erat,

395 1857 416 1886 “
432 1856 587 1932 tanquam
601 1844 814 1910 daemoniacus
829 1844 1025 1907 exorcizatus
1040 1852 1101 1920 est,
1113 1857 1146 1908 et
1161 1867 1224 1908 non
1240 1846 1299 1909 nisi
1314 1845 1446 1912 inlecto

396 1957 415 1986 “
430 1946 642 2035 baptizatus?
658 1968 730 2031 pag.
743 1964 793 2027 29.
819 1945 923 2029 Supra
938 1945 969 2007 in
986 1945 1041 2007 lin.
1056 1966 1086 2030 3.
1104 1947 1298 2028 clodomirus
1309 1949 1445 2012 extabat

393 2051 425 2114 in
441 2052 520 2116 MS.
535 2049 673 2133 Norfolc.
691 2055 724 2112 et
739 2049 780 2111 ad
796 2047 930 2130 Spacelli
945 2069 1044 2131 marg.
1061 2069 1119 2131 pro
1134 2049 1289 2130 φοιτήσας.

438 2154 475 2216 Ρ.
491 2171 540 2233 24.
561 2151 581 2213 l.
600 2152 645 2213 18.
679 2149 874 2231 ἑπορκιστῶν]
910 2148 1034 2212 Forsan
1061 2147 1131 2232 quis
1156 2150 1323 2233 legendum
1350 2159 1445 2236 putet

395 2257 583 2335 ἐξορκιστῶν,
600 2251 654 2314 sed
671 2252 853 2330 ἐπορκιστῶν
868 2251 953 2334 apud
970 2251 1142 2332 Syocellcm
1157 2274 1282 2336 quoque
1297 2275 1335 2315 ao
1349 2254 1445 2315 Nice·

387 2355 520 2439 plorum
534 2352 659 2437 legitur.
685 2350 817 2413 Srnorn.
857 2351 929 2415 Etsi
945 2374 1055 2415 revera
1069 2356 1154 2437 apud
1165 2355 1347 2437 Syacellum,
1361 2354 1445 2418 sicut

394 2456 427 2519 in
453 2453 584 2518 Eusebii
605 2455 679 2516 MS.
700 2452 839 2536 Nmfolc.
868 2452 984 2538 legitur
1014 2455 1200 2536 ἐξορκιστῶν,
1231 2455 1308 2518 nihil
1333 2464 1444 2519 tamen

296 2584 298 2589 ·
394 2564 565 2644 propterea
580 2563 722 2620 mutetur
736 2555 876 2618 omnium
891 2557 957 2620 lere
975 2557 1119 2620 codicum
1137 2560 1295 2644 scriptura
1316 2581 1445 2623 neccsse

393 2666 454 2723 est.
498 2658 578 2723 Cum
593 2658 658 2734 alii,
674 2665 743 2722 tum
756 2660 883 2721 Auctor
898 2659 1022 2722 Coacta
1035 2660 1137 2744 Aposl.
1156 2662 1330 2741 ἐπορκιστὴς
1345 2661 1445 2725 habet

395 2762 427 2824 in
442 2763 495 2825 lib.
507 2761 571 2825 viii.
584 2783 652 2845 cap.
667 2763 717 2825 26.
737 2766 894 2842 praestant
910 2760 1050 2823 nonnulli
1066 2763 1253 2843 ἑφορκισ-ιής.
1292 2763 1444 2827 Ceterum

393 2862 445 2926 hic
459 2861 610 2925 exhibent
626 2863 664 2927 ὡς
678 2883 736 2944 pro
752 2861 785 2927 ὃς
800 2860 928 2943 Syncell.
945 2868 978 2925 et
992 2863 1066 2925 Mu
1083 2863 1221 2946 Norfhlc.

438 2966 475 3026 P.
493 2979 544 3048 25.
567 2963 587 3025 l.
606 2981 634 3024 2.
658 2961 693 3048 ᾖ]
728 2964 762 3025 οὗ
796 2963 924 3025 Gruter-i
950 2971 983 3026 et
1012 2965 1179 3027 Castelliani
1208 2965 1319 3028 codicia
1343 2967 1441 3031 Leott.

395 3064 527 3128 Srnorn.
577 3065 674 3127 Adde
698 3064 768 3126 MS.
795 3064 936 3147 Norsolc.
966 3071 1000 3128 et
1026 3065 1155 3148 Syaccll.
1183 3072 1216 3129 et
1246 3074 1329 3130 teste
1359 3090 1443 3132 nunc

393 3167 539 3231 Burtono
554 3167 681 3230 codicem
698 3166 805 3229 Poris.
814 3166 953 3249 priorem
968 3177 995 3230 el
1010 3178 1168 3252 ulceraque
1181 3168 1406 3232 Florentinum.

439 3270 523 3333 Ibid.
544 3269 727 3355 περιχυθεὶς]
754 3269 853 3333 Recto
876 3269 1011 3333 Rufinus
1025 3273 1189 3354 perfusum
1207 3271 1313 3334 vertit.
1358 3272 1443 3335 Nam

394 3373 448 3457 qui
472 3372 549 3455 aegri
573 3370 710 3435 inlecto
734 3372 990 3456 baptizabantur,
1014 3394 1086 3435 cum
1113 3370 1255 3456 margia
1276 3373 1444 3437 sacerdote

393 3498 457 3538 non
478 3481 618 3559 possent,
634 3496 718 3558 aqua
739 3475 897 3539 duntaxat
919 3474 1200 3558 perfundebantur.
1248 3475 1363 3558 ltaque
1385 3475 1443 3538 hu-

391 3576 531 3659 jusmodi
562 3575 739 3659 baptismus
768 3598 879 3659 parum
909 3574 1056 3639 solemnis
1085 3598 1123 3638 ac
1151 3574 1254 3637 minus
1283 3575 1443 3658 perfectus

393 3676 581 3752 habebatur,
605 3677 720 3760 quippe
743 3676 796 3759 qui
819 3698 882 3740 non
905 3682 1028 3761 sponte,
1051 3677 1105 3739 sed
1128 3676 1241 3739 mortis
1263 3685 1350 3740 metu
1374 3700 1443 3742 sus-

394 3786 506 3861 ceptus
535 3778 695 3841 videretur
724 3778 765 3841 ab
795 3778 975 3842 hominibus
1006 3779 1117 3842 delirio
1147 3779 1378 3857 laborantibus,
1408 3790 1443 3845 et

394 3878 479 3941 nullo
493 3878 629 3962 amplius
645 3900 737 3941 sensu
757 3880 910 3963 praeditis.
956 3880 1094 3943 Accedit
1116 3881 1212 3963 quod,
1227 3901 1299 3943 cum
1321 3882 1442 3965 baptis-

394 4001 464 4043 mus
486 3981 612 4065 proprie
635 3979 823 4044 mersionem
853 3980 1021 4066 significet,
1045 3981 1199 4065 ejusmodi
1225 3981 1365 4065 perfusio
1388 3983 1442 4045 vix

392 4081 571 4167 baptismus
597 4082 658 4145 dici
688 4089 826 4165 poterat.
883 4084 1095 4163 Quamobrem
1123 4083 1235 4147 Clinici
1266 4083 1326 4164 (sic
1357 4085 1442 4147 enim

393 4184 588 4248 vocabantur
608 4183 661 4268 qui
682 4182 836 4269 ejusmodi
857 4183 1051 4267 baptismum
1071 4186 1275 4270 acceperant)
1290 4186 1332 4248 ad
1354 4207 1442 4268 pres-

391 4285 507 4368 byterii
533 4286 667 4370 gradum
694 4285 869 4369 promoveri
897 4291 1048 4347 vetantur
1077 4286 1205 4349 Conone
1233 4305 1281 4349 12.
1310 4285 1441 4351 Ooncilii

393 4387 665 4451 Ncocaesariensis.
721 4387 912 4471 Hujusmodi
935 4386 1130 4469 baptismum
1151 4386 1287 4449 hominis
1307 4386 1441 4451 inlecto

392 4487 608 4550 decumbentis
630 4495 663 4550 et
685 4487 824 4551 animam
846 4489 982 4572 agentis,
997 4488 1155 4552 luculente
1175 4487 1326 4552 describit
1339 4487 1440 4552 Joan·

392 4610 448 4651 nes
464 4589 707 4671 Chrysostomus
723 4589 755 4652 in
770 4589 898 4653 homilia
910 4593 961 4654 60.
978 4591 1018 4653 ad
1034 4591 1287 4655 Catachumenos
1302 4597 1391 4654 tomo
1406 4591 1439 4654 ii.
