3700 5667
481 657 545 719 112
780 655 1029 733 RELIQUIAE
1054 656 1234 720 SACRAE.

480 962 887 1028 OARTHAGINIENSE
908 963 1164 1030 OONGILIUM
1184 963 1272 1027 SUB
1292 963 1530 1029 OYPRIANO

901 1075 1107 1139 SEXTUM.

716 1260 759 1298 EX
772 1260 888 1299 Armes
902 1260 1075 1298 PROVINCIA
1090 1260 1129 1297 m*
1143 1259 1296 1306 nummu,

638 1381 751 1442 QUOD
770 1382 823 1436 DE
841 1381 1036 1436 BAPTISMO
1056 1380 1272 1435 SECUNDUM
1292 1379 1370 1443 EST,

610 1557 754 1603 Auuoouu
776 1557 846 1596 Posr
867 1555 1023 1596 CHRISTUM
1042 1554 1151 1594 NATUM
1169 1534 1230 1615 256
1247 1553 1399 1594 nsulsum.
1539 1556 1555 1613 5

480 1700 634 1784 Synodion
655 1701 719 1765 toee
739 1701 864 1787 epistola
885 1701 931 1765 ad
951 1701 1135 1786 Stephanum
1163 1697 1255 1764 Urbis
1276 1701 1382 1762 Rornoe
1401 1699 1529 1780 Episco-

516 1832 607 1896 pum,
628 1813 716 1898 apud
739 1813 930 1898 Oppriouum
950 1822 991 1875 est
1006 1834 1101 1875 nxxu.
1124 1820 1151 1874 et
1168 1831 1241 1895 pap.
1259 1810 1328 1876 128.
1348 1807 1418 1871 edit.
1435 1808 1529 1871 Bene-

522 1921 647 1986 dietiuoe
659 1933 749 1987 estet.

523 2055 700 2141 Cyprianus
714 2066 748 2121 et
763 2057 870 2121 eaeteri
887 2057 1051 2142 Stephano
1066 2055 1159 2120 frutri
1180 2054 1326 2118 sulutun.
1371 2054 1426 2116 Ad
1442 2076 1527 2138 quae-

479 2165 554 2229 dam
569 2165 764 2250 disponendo
775 2174 809 2230 et
821 2165 942 2230 oonsilii
956 2165 1131 2230 eommunis
1142 2164 1376 2228 examinatione
1389 2164 1529 2228 limando
1544 2188 1576 2225 ιο

480 2296 608 2338 necesse
622 2275 801 2351 habuimus,
813 2276 914 2339 freter
929 2276 1099 2351 carissime,
1112 2274 1369 2338 convenientibus
1384 2274 1416 2336 in
1431 2297 1529 2338 unuin

480 2383 622 2468 pluribus
646 2384 864 2448 sacerdotibus
893 2406 1006 2466 eogere
1036 2393 1070 2449 et
1093 2384 1252 2447 celebrare
1276 2383 1460 2456 eonsilium
1495 2384 1528 2446 in

480 2515 543 2576 quo
572 2493 674 2558 multa
699 2493 826 2577 quidem
853 2493 981 2579 prolata
1007 2505 1103 2578 utque
1132 2502 1297 2558 transacta
1326 2500 1409 2556 sunt
1465 2493 1528 2556 Sed

479 2604 520 2666 de
534 2625 572 2667 eo
587 2604 635 2666 vel
650 2603 787 2668 maxime
803 2604 862 2668 tibi
885 2604 1085 2669 scribendum
1107 2612 1227 2667 etcum
1243 2611 1300 2667 tua
1319 2603 1476 2688 gravitate
1491 2626 1529 2666 ao

479 2712 636 2796 snpientia
663 2695 886 2777 eonferendum
914 2714 977 2777 fuit
1006 2714 1092 2797 quod
1115 2712 1216 2797 magis
1242 2713 1403 2797 pertinent
1428 2721 1462 2778 et
1486 2715 1573 2790 ad15

479 2822 707 2886 socerdotalem
723 2824 950 2887 auctoritatem
969 2831 1002 2887 et
1017 2822 1058 2887 od
1081 2823 1219 2887 eoelesiae
1242 2822 1406 2886 catholieae
1424 2823 1527 2887 unita-

478 2937 545 2993 tem
564 2931 685 3014 pariter
703 2953 741 2994 ae
756 2931 947 3016 dignitatem
970 2932 1009 2995 de
1032 2932 1145 2996 divinae
1167 2932 1383 3016 dispositionis
1401 2933 1526 2996 ordina-

479 3041 565 3105 tione
583 3042 770 3118 venientem,
790 3064 844 3105 eos
867 3043 921 3126 qui
945 3043 1010 3107 sint
1031 3043 1106 3106 soris
1129 3051 1223 3107 extro
1248 3043 1411 3107 ecelesiam
1435 3043 1527 3108 tincti

477 3159 512 3214 et
533 3151 619 3235 opud
644 3151 813 3216 haeretioos
837 3161 871 3217 et
893 3153 1112 3217 schismaticos
1139 3154 1312 3238 prophauae
1338 3175 1431 3237 uquae
1456 3153 1528 3217 lube

478 3260 640 3338 maculati,
664 3261 791 3345 quando
820 3263 862 3325 ud
889 3284 948 3326 uos
976 3270 1074 3347 atque
1099 3264 1141 3327 ad
1167 3263 1342 3340 ecclesium,
1368 3285 1440 3347 quae
1464 3286 1575 3328 unnno

477 3379 537 3446 est,
562 3371 716 3449 venerint,
740 3371 896 3457 baptizari
921 3381 1081 3458 oportere,
1107 3395 1145 3436 eo
1169 3372 1253 3458 quod
1276 3394 1389 3457 pamm
1415 3373 1458 3437 sit
1482 3373 1528 3437 eis

477 3502 606 3544 monum
630 3480 792 3566 imponere
814 3483 856 3547 ad
880 3481 1099 3566 accipiendum
1122 3481 1269 3566 spiritum
1295 3489 1451 3558 sanctum,
1467 3482 1527 3545 nisi

476 3591 635 3676 uoeipiaut
663 3599 698 3654 et
726 3591 866 3655 ecclesius
897 3592 1098 3676 baptismum.
1159 3591 1248 3653 Tune
1286 3590 1370 3653 euim
1399 3591 1527 3655 demum

476 3699 567 3783 plene
590 3699 781 3763 sanctificari
803 3709 837 3764 et
859 3722 928 3764 esse
951 3700 1007 3764 filii
1030 3701 1091 3765 Dei
1114 3709 1258 3785 possunt,
1277 3698 1304 3763 si
1326 3711 1526 3766 sacramento

476 3815 612 3891 utroque
633 3815 816 3885 naseuntur,
839 3830 910 3871 oum
934 3811 1086 3895 seriptum
1108 3810 1168 3874 sit:
1198 3810 1291 3873 qusi
1311 3811 1379 3894 quis
1404 3821 1572 3894 rouotus25

466 3918 571 4000 suerit
590 3938 627 3981 eu
640 3938 723 4001 aquo
742 3928 769 3980 et
789 3918 987 4001 spiritunon
1002 3929 1100 4004 potest
1119 3921 1247 3985 introire
1260 3921 1295 3982 in
1315 3942 1438 4005 repuens
1451 3921 1524 3985 Dei.

476 4027 658 4092 Invenimus
681 4027 763 4090 enim
786 4027 884 4091 etiam
906 4028 939 4091 in
962 4029 1060 4093 raetis
1078 4029 1296 4113 apostolorum
1318 4030 1378 4092 hoo
1396 4052 1464 4093 esse
1484 4032 1526 4094 ub
1594 4004 1598 4018 ⁶

474 4137 628 4222 apostolis
650 4137 845 4201 custoditum
870 4147 904 4201 et
928 4138 1077 4202 saluteris
1100 4139 1174 4202 fidei
1197 4139 1333 4203 veritate
1353 4152 1526 4216 servatum,

475 4257 512 4312 ut
534 4271 605 4312 oum
627 4248 660 4311 in
682 4248 776 4312 domo
803 4249 940 4313 Cornelii
966 4251 1159 4314 centurionis
1185 4272 1279 4335 super
1302 4251 1446 4315 ethnicos
1471 4251 1525 4335 qui

475 4357 537 4422 illio
562 4359 697 4423 aderunt
723 4359 797 4423 fidei
822 4359 926 4423 oulore
957 4360 1115 4425 ferventes
1141 4369 1175 4425 et
1201 4361 1233 4423 in
1257 4360 1429 4424 Dominum
1455 4368 1573 4437 toto3o

669 4576 769 4623 oJoau.
782 4577 815 4624 iii.
830 4593 852 4638 5.
1157 4579 1236 4628 ῐΛιτ.
1250 4595 1274 4626 x.
1288 4582 1327 4636 48.
