3700 5667
479 671 563 733 -AD
588 670 863 734 DIONYSIUM
888 671 1150 734 ROMANUM.
1280 675 1346 742 399

302 841 394 918 λόγος
409 842 476 904 νοῦς
491 843 655 919 προπηδῶν.
680 839 728 901 καὶ
741 838 916 917 μεθίσταται
929 838 986 916 μὲν
1001 838 1017 898 ό
1034 841 1102 903 νοῦς
1117 838 1158 903 εἰς
1171 837 1225 900 τὸν
1239 839 1344 919 λόγον,

305 948 321 1006 ὁ
342 947 374 1008 δὲ
394 946 486 1024 λόγος
504 945 557 1008 τὸν
577 951 648 1009 νοῦν
667 947 709 1011 εἶς
728 945 795 1012 τοὺς
815 946 960 1027 ἀκροατὰς
982 947 1128 1025 eminet,
1150 947 1198 1009 καὶ
1218 948 1345 1014 οῦτωςό

306 1059 374 1122 νοῦς
398 1057 445 1117 διὰ
471 1060 522 1116 τοῦ
547 1056 641 1136 λόγον
665 1059 729 1121 ταῖς
755 1059 814 1118 τῶν
840 1056 1009 1118 ἀκουόντων
1033 1059 1147 1135 ψυχαῖς
1173 1056 1345 1136 insipiam,

306 1165 463 1227 σννεισιὸν
484 1167 524 1248 τῷ
546 1164 637 1247 λόγῳ·
672 1164 719 1227 καὶ
742 1162 826 1226 ἔστιν
848 1166 864 1225 d
885 1165 943 1242 μὲν
965 1164 1029 1227 οἷον
1050 1164 1145 1245 πατὴρ
1167 1167 1184 1227 ὀ
1207 1171 1275 1232 νοῦς
1296 1169 1348 1228 τοῦ

305 1276 409 1354 λόγον,
426 1272 467 1335 ὢν
486 1270 533 1352 ἐφ’
550 1274 664 1335 ἑαυτοῦ·
688 1274 704 1334 d
722 1274 755 1334 δὲ
774 1272 905 1353 καθάπερ
921 1273 985 1339 υἱὸς
1002 1275 1125 1354 όλόγος
1140 1278 1191 1337 τοῦ
1205 1279 1266 1337 νοῦ.
1289 1274 1346 1355 πρὸ

307 1384 419 1447 ἐκείνου
439 1385 496 1462 μὲν
514 1383 669 1458 ἀδύνατον,
687 1379 755 1444 ἀλλ’
770 1383 838 1445 οὐδὲ
856 1380 968 1459 ἔξωθέν
984 1387 1089 1459 ποθεν,
1103 1384 1160 1446 σῦν
1175 1385 1277 1468 ἐκείνῳ
1297 1408 1347 1464 γε·

307 1495 439 1570 νόμενος,
458 1491 637 1571 βλαστήσεις
657 1493 689 1554 δὲ
709 1489 758 1554 ἀπ’
779 1492 876 1554 αὐτοῦ.
900 1493 991 1559 οὕτως
1013 1495 1029 1555 ό
1052 1493 1147 1574 πατὴρ
1167 1495 1184 1555 ό
1205 1494 1348 1574 μέγιστος

307 1601 355 1663 καὶ
374 1601 504 1662 καθόλου
524 1605 592 1665 νοῦς
610 1605 727 1679 πρῶτον
745 1598 799 1662 τὸν
817 1599 882 1662 υἱὸν
899 1601 996 1680 λόγον
1011 1601 1138 1682 ἑρμηνέα
1152 1602 1200 1664 καὶ
1215 1603 1348 1682 ἄγγελον

308 1713 413 1773 ἑαυτοῦ
434 1709 507 1791 ἔχει.
548 1714 747 1772 Adducuutur
757 1713 818 1772 hacc
833 1735 850 1771 a
865 1715 897 1773 S.
907 1715 1076 1782 Athanasio,
1087 1717 1138 1775 ubi
1153 1736 1249 1794 supra,
1259 1717 1346 1776 1123.

306 1841 337 1900 p.
352 1821 422 1878 259.

307 1998 468 2077 prosiliens.
510 1999 597 2055 Mens
626 1998 657 2054 in
682 1998 801 2054 verbum
853 1997 930 2055 filius
952 1999 1068 2069 mentis,
1088 2021 1142 2059 uec
1166 2011 1234 2059 aute
1257 2000 1348 2079 ipsam

307 2080 431 2138 transit:
457 2079 576 2136 verbum
599 2088 696 2135 autem
721 2097 802 2134 men·
853 2097 948 2153 neque
962 2089 1045 2136 extra
1058 2079 1149 2157 ipsum
1162 2082 1272 2139 factum
1286 2101 1349 2140 ease

306 2171 365 2217 tem
378 2160 408 2215 in
420 2159 641 2217 circumstantes
656 2155 804 2215 auditores
853 2168 960 2235 potest,
975 2157 1026 2215 sed
1040 2179 1104 2216 cum
1120 2161 1182 2238 ipsa
1196 2161 1321 2230 exsistit,
1332 2182 1350 2219 a

307 2239 500 2297 transmittit:
528 2238 625 2313 sicque
648 2256 730 2294 mens
752 2256 804 2314 per
853 2256 911 2312 quo
919 2257 1038 2313 germen
1047 2253 1077 2297 et
1085 2241 1225 2317 originem
1236 2241 1350 2299 sumsit.

308 2320 427 2376 verbum
453 2318 483 2375 in
509 2317 674 2376 auditorum
700 2316 803 2374 animia
854 2315 968 2375 Eodem
1000 2338 1116 2397 quoque
1146 2321 1233 2379 modo
1263 2323 1349 2379 Pater

308 2398 425 2464 insidet,
457 2397 544 2457 simul
575 2398 701 2474 ingressa
737 2416 803 2454 cum
853 2396 997 2455 maximus
1021 2410 1051 2456 et
1076 2420 1157 2458 mens
1182 2400 1350 2459 universalis

308 2479 405 2535 verbo.
448 2479 494 2536 Ac
516 2497 598 2535 mons
620 2476 735 2554 quidem
759 2486 803 2532 est
854 2487 922 2533 ante
936 2476 1033 2535 omnia
1048 2478 1157 2537 Filium
1175 2481 1263 2539 habet
1278 2482 1349 2538 Ver·

308 2559 388 2634 quasi
401 2568 482 2636 pater
494 2559 573 2616 verbi
586 2557 615 2614 in
630 2578 660 2615 se
675 2557 737 2633 ipsa
751 2575 802 2613 ex·
853 2555 922 2611 burn
948 2575 980 2613 ac
1004 2577 1165 2618 sermonem
1189 2561 1234 2619 aui
1258 2560 1350 2639 ipsius

308 2638 431 2696 sistens:
458 2640 578 2697 verbum
601 2649 699 2696 autem
720 2634 803 2693 velut
853 2634 1043 2714 interpretem
1056 2650 1087 2698 et
1101 2638 1247 2717 angelum.

682 2836 978 2868 ...ψ

794 2996 862 3061 XI.

696 3150 844 3214 Oloosolo
858 3149 964 3233 ομινῦτ.

351 3287 474 3350 Τούτοις
495 3289 589 3346 πᾶσιν
611 3284 780 3349 ἀκολούθως
802 3282 850 3345 καὶ
870 3283 964 3361 ἡμεῖς,
987 3281 1035 3343 καὶ
1058 3281 1093 3358 δὴ
1114 3285 1194 3362 παρὰ
1215 3288 1274 3346 τεῦν
1294 3283 1351 3363 πρὸ

309 3395 390 3473 ἡμῶν
409 3391 622 3475 πρεσβυτέρων
641 3393 733 3455 τόπον
752 3392 800 3454 καὶ
815 3392 926 3454 κανόνα
946 3392 1173 3471 παρειληφότες,
1190 3392 1353 3472 όμοφόνως

310 3529 342 3567 τε
363 3504 461 3570 αὐτοῖς
479 3507 811 3586 προσενχαριστοῦντες,
829 3501 876 3564 καὶ
891 3501 925 3579 δὴ
941 3501 989 3563 καὶ
1004 3503 1058 3562 νῦν
1071 3501 1141 3577 ῦμῖν
1155 3498 1351 3563 ἐπιστέλλον-

311 3638 368 3691 τες,
390 3612 605 3689 καταπαόομεν
636 3614 675 3695 τῷ
698 3612 731 3674 δὲ
751 3613 821 3696 Θεῷ
842 3609 942 3690 πατρὶ,
963 3608 1012 3672 καὶ
1030 3609 1084 3692 olqi
1104 3611 1145 3692 τῷ
1166 3608 1252 3692 κυρίην
1271 3609 1353 3688 ἡμῶν

310 3722 410 3802 Ἰησοῦ
425 3725 557 3805 Χριστῷ,
573 3720 629 3784 σὺν
644 3724 684 3805 τῷ
699 3721 774 3806 ἁγίῳ
791 3720 946 3798 πνεύματι,
963 3722 1034 3797 δόξα
1049 3718 1096 3782 rol
1111 3717 1215 3799 κρότος
1230 3719 1271 3785 εἰς
1285 3720 1353 3785 τοὺς

312 3836 419 3899 αἰῶνας
433 3838 491 3896 τῶν
506 3832 630 3895 αἰώνων.
652 3830 756 3912 Ἀμήν.
791 3836 929 3895 Adduxit
944 3837 1006 3895 haec
1022 3856 1059 3894 ex
1073 3856 1160 3915 opere
1174 3836 1353 3915 Dionysiauo

313 3946 344 4003 S.
359 3945 485 4003 Basilius
496 3944 542 4002 M.
556 3945 587 4001 in
601 3945 666 4002 Lib.
682 3946 718 4002 dc
733 3943 846 4022 Spiritu
862 3943 978 4011 Sancto,
993 3962 1057 4020 cap.
1073 3941 1186 4020 penult.
1201 3961 1230 4020 p.
1241 3942 1291 4009 60,
1307 3941 1353 4001 ed.

312 4049 499 4109 Benedictin.

353 4220 408 4278 His
421 4218 555 4276 omnibus
569 4229 761 4295 congruenter
775 4228 806 4277 et
857 4218 1008 4278 scribimus
1039 4217 1120 4276 vobis
1150 4215 1351 4276 absolvemus:

310 4322 372 4369 nos,
391 4300 477 4359 etiam
499 4299 592 4355 forma
613 4297 770 4375 regulaque
790 4319 808 4356 τι
858 4299 924 4356 Deo
940 4307 1038 4354 autem
1055 4296 1136 4353 Patri
1151 4306 1181 4354 et
1197 4296 1275 4353 Filio
1291 4297 1350 4354 Do·

310 4381 471 4438 senioribus
491 4378 542 4454 qui
564 4389 631 4435 unte
652 4398 705 4435 nos
726 4379 806 4436 vixe·
857 4378 937 4435 mino
954 4387 1054 4433 nostro
1067 4375 1140 4433 Jesu
1155 4375 1273 4433 Christo
1287 4396 1353 4434 cum

312 4474 381 4518 runt
398 4472 524 4537 accepta,
540 4457 674 4516 concordi
688 4478 752 4515 cum
771 4457 807 4514 il.
857 4468 958 4516 sancto
977 4455 1090 4533 Spiritu
1104 4455 1197 4533 gloria
1213 4467 1243 4513 et
1262 4455 1352 4534 impe·

311 4539 348 4598 lis
362 4561 431 4598 voce
446 4552 476 4598 et
489 4537 648 4616 gratiarum
665 4538 807 4596 actionem
858 4537 933 4594 rium
968 4537 1000 4593 iu
1034 4536 1138 4595 saecula
1172 4535 1353 4594 seculorum.

313 4631 343 4677 et
359 4640 435 4678 nunc
453 4620 541 4678 etium
555 4617 706 4696 epistolam
722 4637 808 4695 quam
860 4616 967 4675 Amen.
