3700 5667
493 684 559 745 ess
845 678 1197 773 Annornnonns

494 851 622 914 disserit
636 849 809 933 Dionysius
828 849 1001 922 Romanus,
1017 850 1050 912 in
1073 849 1326 912 Alexandrinum
1349 849 1471 925 cadere,
1489 849 1543 932 qui

495 974 566 1016 cum
586 952 618 1014 in
641 952 711 1013 Deo
731 957 809 1031 τρεῖς
830 952 1012 1018 ὑποστάσεις
1028 953 1228 1036 praedicaret,
1246 953 1331 1016 velut
1348 953 1445 1015 trium
1467 952 1542 1014 sub-

495 1053 686 1118 stantiarum
707 1074 761 1115 seu
784 1053 994 1116 essentiarum
1014 1054 1192 1117 divinarum
1208 1054 1366 1137 triumque
1386 1054 1544 1117 deitatum

495 1162 647 1231 assertor,
660 1177 698 1218 ac
719 1152 909 1219 monarchia
929 1157 1111 1220 destruetor
1128 1157 1239 1220 audire
1257 1157 1365 1241 ooepit,
1382 1155 1487 1239 quoad
1509 1178 1545 1217 se

495 1259 537 1322 ab
557 1257 617 1321 hoe
638 1257 785 1341 opinione
807 1267 968 1342 purgaret.
1014 1259 1118 1322 Immo
1135 1258 1272 1322 Basilius
1292 1259 1385 1343 epist.
1402 1257 1454 1320 xli.
1471 1279 1543 1320 eum

496 1365 592 1423 antea
611 1359 688 1421 asiae
707 1380 762 1421 seu
782 1359 914 1422 οςςοιιί-ἱοο
934 1360 1136 1424 diversitatem
1152 1361 1236 1425 inter
1250 1360 1372 1422 divinas
1392 1380 1544 1443 personas

496 1460 637 1545 posuisse
652 1463 754 1525 docet.
800 1460 866 1523 Ubi
883 1484 957 1524 vero
972 1463 1102 1526 Graeeos
1122 1462 1315 1528 ὑποστάσεως
1332 1460 1458 1523 nomine
1473 1481 1544 1543 per-

496 1584 607 1625 sonam
622 1563 797 1647 intelligere
812 1564 968 1641 constitit,
985 1565 1080 1628 etiam
1103 1564 1206 1629 Latini
1221 1563 1395 1628 substantia
1410 1563 1544 1625 vocabu-

496 1664 561 1726 lum
582 1666 623 1727 ud
639 1666 783 1728 eumdem
798 1666 993 1730 intellectum
1009 1668 1249 1730 accommodare
1265 1688 1328 1728 non
1344 1665 1544 1738 dubitarunt,

497 1773 533 1828 ut
554 1766 654 1850 liquet
677 1767 864 1831 nominatim
888 1768 928 1831 de
951 1770 1134 1852 Augustino
1156 1769 1209 1831 lib.
1227 1769 1278 1832 vii.
1301 1768 1341 1831 de
1361 1767 1447 1830 Trin.
1469 1789 1494 1829 c.
1511 1786 1543 1847 5.

496 1888 527 1930 n.
543 1888 573 1949 9.
597 1870 767 1933 (lousrnnr.
814 1875 863 1933 At
878 1870 1001 1933 veriora
1017 1870 1095 1946 istis,
1112 1871 1171 1934 etsi
1188 1870 1333 1954 usurpari
1350 1891 1441 1932 voces
1456 1868 1545 1930 οὐσία
1662 1938 1666 1943 ,

496 1976 529 2031 et
554 1973 645 2049 φύσις
668 1993 725 2055 pro
748 1971 915 2034 ὑποστάσει
935 1993 1067 2055 persona
1092 1971 1273 2049 adsistente,
1299 1979 1335 2034 ut
1359 1992 1398 2032 ex
1425 1968 1544 2031 l’lrotio

496 2096 594 2160 supra
616 2075 735 2150 notavi,
757 2096 830 2158 pag.
847 2093 919 2159 323.
945 2073 1046 2138 solitae
1069 2084 1155 2149 sunt,
1178 2076 1217 2138 de
1239 2074 1384 2158 Dionysii
1406 2071 1543 2135 Romani

496 2177 656 2244 sentent-ia
671 2176 798 2260 scripsit
813 2183 925 2261 postea
941 2176 979 2239 el.
991 2177 1170 2241 Maranus
1161 2198 1194 2239 m
1211 2175 1341 2240 Pnolat
1353 2176 1395 2239 ad
1408 2175 1542 2237 Tamum

497 2280 642 2345 Tertium
658 2280 715 2363 op.
733 2280 766 2341 S.
783 2278 901 2342 Basilii
915 2280 994 2341 Μ
998 2280 1053 2343 ⁶.S
1070 2278 1230 2341 Basilius'
1222 2300 1254 2341 m
1269 2278 1350 2341 libro
1365 2277 1405 2340 de
1421 2275 1542 2360 Spiritu

498 2383 663 2457 “Sanet0,
680 2403 749 2464 cap.
768 2399 817 2463 29
837 2380 917 2444 citat
938 2381 1014 2444 illud
1036 2380 1193 2463 Dionysii,
1209 2383 1287 2443 εἰ
1250 2406 1289 2464 τῳ
1306 2386 1384 2460 τρεῖς
1400 2378 1476 2441 εἶναι
1489 2380 1543 2442 τὰς

499 2494 518 2514 “
534 2480 725 2553 ὑποστάσεις,
742 2483 798 2545 &a
843 2483 928 2545 'lres
950 2504 1026 2568 ergo
1048 2481 1235 2567 hypostases
1257 2480 1402 2545 admittit
1424 2478 1541 2561 Diony·

498 2592 519 2620 ⁶⁶
534 2583 599 2647 sius
619 2581 869 2661 Alexandrinus,
884 2586 939 2648 sed
960 2607 1015 2648 eos
1034 2584 1160 2658 refellit,
1176 2584 1229 2667 qui
1251 2606 1290 2646 cx
1313 2605 1351 2645 eo
1372 2582 1455 2666 quod
1476 2587 1542 2642 tres

499 2696 517 2721 ⁶⁶
534 2686 609 2761 sint,
628 2685 744 2748 divisas
764 2709 833 2749 csse
853 2686 1099 2763 contendebant,
1122 2686 1211 2770 quasi
1233 2707 1295 2747 non
1318 2706 1382 2747 una
1404 2691 1487 2746 esset
1510 2682 1540 2744 in

499 2801 517 2820 ‘⁶
535 2788 638 2852 tribus
653 2788 800 2851 essentia.
831 2791 943 2873 Atque
954 2789 987 2851 id
999 2788 1124 2873 quidem
1136 2795 1285 2851 accurate
1300 2786 1542 2860 observandum,

499 2899 518 2927 ⁶⁶
534 2898 571 2953 ut
596 2890 821 2974 perspiciamus
848 2914 943 2973 quam
966 2890 1125 2954 immerito
1150 2890 1339 2975 Dionysium
1363 2889 1541 2952 Romanum

498 2998 518 3027 ⁶⁶
535 3012 606 3052 cum
626 2990 843 3054 Alexandrino
866 3014 1009 3078 pugnare
1031 2993 1214 3057 existiment
1234 2994 1297 3055 duo
1319 2990 1424 3054 eximii
1446 2990 1541 3074 scrip-

500 3099 520 3128 ⁶⁶
538 3100 636 3167 tores,
653 3093 805 3156 Petavius
822 3093 872 3157 lib.
887 3094 924 3157 iv.
942 3094 982 3157 de
999 3094 1091 3157 Trin.
1108 3116 1176 3178 cap.
1196 3116 1219 3157 ι.
1235 3103 1268 3158 et
1285 3097 1355 3158 Pet.
1372 3097 1540 3157 Constant.

498 3200 519 3229 ‘⁶
537 3193 640 3279 Epist.
656 3195 747 3258 Rom.
764 3219 794 3281 p.
809 3196 901 3279 290.''
924 3197 1052 3282 [Addua
1067 3197 1117 3260 his
1132 3198 1340 3282 scriptoribus
1355 3196 1539 3260 Tillemont.

498 3296 595 3359 Mem.
612 3298 696 3362 Εοοά.
714 3298 781 3363 Vis.
798 3299 895 3363 Dion.
912 3298 967 3363 Al.
987 3306 1011 3379 5.
1032 3321 1080 3383 15.
1096 3301 1138 3365 ad
1156 3301 1225 3385 fin]
1259 3308 1279 3338 ⁶⁶
1292 3300 1437 3384 Uterque
1458 3298 1541 3361 enim

498 3408 520 3437 ⁶⁶
536 3422 632 3463 unam
646 3400 832 3485 hypostasin
847 3403 946 3466 asseri
961 3404 1126 3467 contendit
1141 3425 1161 3467 a
1176 3402 1331 3487 Dionysio
1348 3404 1493 3465 Romano
1509 3400 1540 3461 in

499 3510 517 3539 ‘⁸
532 3503 593 3566 hoo
613 3504 796 3568 testimonio
815 3506 900 3590 apud
916 3506 1076 3570 Athenas.
1101 3509 1167 3583 ἑξῆς
1188 3503 1212 3568 δ’
1229 3505 1266 3568 ἂν
1288 3508 1405 3570 εἰκότως
1424 3503 1543 3583 λέγοιμι

499 3617 518 3637 “
537 3608 584 3668 καὶ
611 3606 684 3685 πρὸς
711 3612 895 3687 διαιροῦντας
921 3610 977 3671 lire.
1032 3607 1127 3670 Nulla
1155 3629 1231 3669 sane
1261 3607 1344 3671 inter
1373 3615 1543 3689 utrumque

497 3706 724 3789 “Dionysium
748 3709 914 3771 sententia
939 3710 1099 3779 varietas;
1127 3718 1260 3792 uterque
1286 3710 1474 3791 hypostases
1497 3709 1542 3771 di-

499 3815 518 3843 ⁶⁶
535 3807 617 3869 visas
642 3807 822 3892 vituperat:
849 3831 951 3892 neque
974 3832 1038 3872 una
1062 3810 1241 3894 hypostasis
1266 3810 1411 3871 Rornano
1435 3811 1542 3895 affingi

500 3917 519 3945 ⁶⁶
535 3915 654 3992 potest,
670 3930 742 3971 cum
764 3910 847 3973 idem
869 3933 999 3995 prorsus
1021 3912 1107 3976 dicat
1130 3934 1167 3975 ao
1188 3912 1433 3976 Alexandrinus.
1480 3914 1543 3977 Sed

500 4018 520 4047 ⁶⁶
537 4011 644 4095 potius
665 4034 705 4075 ex
726 4034 765 4076 eo
785 4014 869 4097 quod
890 4023 958 4078 tros
978 4014 1164 4099 hypostases
1186 4015 1303 4078 divisas
1326 4016 1459 4090 refellat,
1479 4038 1542 4078 non

498 4122 520 4152 ‘⁶
536 4117 671 4180 obscura
689 4117 845 4182 conclusio
864 4129 913 4184 est
933 4118 1010 4182 nihil
1028 4139 1100 4184 oum
1118 4120 1381 4203 reprehensorum
1397 4120 1503 4197 luisse,
1516 4121 1542 4183 si

500 4228 520 4256 ⁶⁶
535 4241 599 4283 una
624 4220 655 4282 in
681 4220 785 4284 tribus
813 4220 1038 4306 hypostasibus
1066 4223 1203 4286 essentia
1233 4222 1345 4286 luisset
1373 4223 1543 4285 admissa.''

499 4345 530 4407 p.
547 4322 587 4384 vi.
634 4322 687 4386 Ita
706 4330 800 4399 recte,
817 4325 851 4387 ni
869 4325 970 4401 fallor,
989 4325 1152 4388 Maranus.
1201 4325 1261 4387 Est
1281 4324 1367 4388 uliud
1389 4331 1543 4408 praetcrea

500 4424 620 4487 dictum
641 4425 784 4509 Dionysii
805 4427 898 4490 Alex.
920 4449 941 4491 a
963 4427 1080 4491 Basilio
1097 4429 1145 4491 M.
1162 4428 1278 4491 ibidem
1300 4427 1442 4493 allatum,
1458 4429 1543 4511 quod

499 4523 549 4587 his
564 4525 705 4608 pauculis
721 4528 823 4591 verbis
837 4537 976 4601 constat,
990 4530 1138 4608 Θειοτάιη
1153 4533 1211 4611 γὰρ
1226 4534 1274 4593 διὰ
1289 4536 1385 4601 τοῦτο,
1400 4531 1476 4609 μετὰ
1489 4530 1543 4605 τὴν

502 4626 628 4689 Μονάδα
644 4628 691 4689 καὶ
706 4628 724 4705 ἡ
737 4630 841 4707 Τρίας.
858 4629 941 4693 inl'ra
956 4653 985 4714 p.
1002 4648 1078 4715 397.
