3700 5667
588 1752 1182 1851 ANNOTATIONES

426 2033 489 2112 IN
525 2034 858 2116 CONCILIUM
894 2035 1343 2118 ANTIOCHENUM

466 2329 660 2393 CONTRA
685 2330 891 2393 PAULUM
917 2329 1295 2393 SAMOSATENUM.

772 2599 970 2635 ...φ-

403 2837 439 2900 Ρ.
465 2838 538 2921 285.
565 2838 585 2900 l.
611 2858 638 2902 1.
664 2838 837 2903 Goxcruurr
864 2840 1098 2902 Αντιοσιιιαιοιε
1123 2835 1197 2922 δια]
1228 2836 1279 2902 Ut
1306 2837 1401 2922 hujus

358 2939 560 3025 priorumque
581 2940 791 3017 conciliorum,
815 2963 885 3025 quae
909 2941 942 3003 in
965 2963 1061 3004 οαιιοα
1085 2939 1176 3004 Pauli
1201 2939 1400 3004 samosateni

358 3038 442 3103 inter
465 3062 584 3104 annum
609 3044 680 3120 264.
702 3050 736 3105 et
761 3060 831 3121 270.
857 3041 1037 3106 Antiochia·
1062 3041 1172 3106 habita
1197 3047 1281 3114 sunt,
1306 3041 1401 3104 detur

359 3142 485 3215 notitia,
502 3143 578 3205 nihil
592 3144 723 3228 perinde
737 3144 809 3217 erit,
824 3166 862 3207 αα
881 3144 906 3206 si
927 3144 1080 3208 afferatur
1097 3143 1166 3226 ipsa
1182 3142 1312 3205 Eusebii
1327 3159 1399 3206 nar-

357 3244 440 3307 ratio
466 3266 505 3307 ex
528 3245 582 3308 lib.
601 3246 651 3307 vii.
675 3245 758 3309 Hm.
783 3246 851 3328 ejus
874 3245 958 3308 Εοσί.
984 3245 1160 3327 desumpta.
1206 3245 1325 3309 Ξύστον
1349 3248 1400 3322 τῆς

356 3342 508 3424 Ῥωμαίων
530 3349 688 3426 ἐκκλησίας
710 3348 809 3411 ἔτεσιν
833 3348 939 3410 ἕνδεκα
961 3345 1143 3426 προστάντα,
1167 3344 1334 3428 διαδέχεται
1357 3350 1398 3431 τῷ

358 3447 417 3511 κατ’
435 3447 666 3530 Ἀλεξάνδρειαν
683 3451 836 3528 ὁμώνυμος
857 3449 1025 3513 Διονύσιος.
1050 3449 1084 3510 ἐν
1105 3449 1197 3530 τούτῳ
1218 3450 1250 3510 δὲ
1271 3448 1319 3509 καὶ
1338 3454 1399 3526 Δη-

354 3555 514 3631 μητριανοῦ
536 3549 596 3613 κατ’
611 3549 800 3634 Ἀντιόχειαν
822 3551 875 3613 τὸν
896 3552 968 3629 βίον
988 3549 1240 3628 μεταλλάξαντος,
1257 3548 1311 3627 τὴν
1333 3551 1396 3613 ἐτι-

355 3653 469 3731 σκοπὴν
496 3658 618 3720 Παῦλος
643 3656 659 3717 ὁ
687 3656 719 3717 ἑκ
748 3653 934 3733 Σαμοσάτων
961 3653 1202 3733 παραλαμβάνει.
1238 3654 1341 3717 τοῦτον
1364 3654 1398 3717 δὲ

354 3757 478 3818 ταπεινὰ
501 3755 548 3817 καὶ
570 3759 737 3837 χαμαιπετῆ
760 3757 827 3836 περὶ
850 3759 903 3818 τοῦ
925 3760 1056 3834 Χριστοῦ
1079 3758 1160 3836 παρὸ
1181 3754 1236 3834 τὴν
1259 3756 1383 3834 ἑκκλησι

354 3856 476 3934 σστικήν
494 3861 688 3921 διδασκαλίαν
705 3857 923 3940 φρονήσαντος,
937 3858 977 3924 ὡς
991 3861 1090 3922 κοινοῦ
1106 3857 1269 3938 τὴνφύσιν
1284 3858 1395 3938 ἀνθρά-

352 3982 409 4020 που
429 3959 602 4039 γενομένου,
620 3963 636 4022 ὁ
656 3963 712 4039 μὲν
733 3959 794 4023 κατ’
811 3959 1043 4040 Ἀλεξάνδρειαν
1064 3961 1224 4026 Διονύσιος
1243 3967 1394 4041 παρακλη-

352 4062 413 4127 θεὶς
427 4063 465 4128 ὡς
479 4062 517 4125 δν
532 4063 580 4125 ἐπὶ
594 4062 647 4141 τὴν
662 4065 790 4126 σύνοδον
804 4064 958 4145 ἀφίκοντο·
976 4067 1068 4145 γῆρας
1082 4065 1156 4142 ὁμοῦ
1171 4062 1219 4125 καὶ
1233 4061 1394 4125 ἀσθένειαν

351 4168 402 4225 τοῦ
420 4165 555 4243 σώματος
574 4164 793 4243 αἰτιασάμενος,
815 4166 985 4229 ἀνατίθεται
1005 4165 1059 4242 τὴν
1080 4163 1256 4245 παρουσίαν,
1277 4160 1313 4225 δι’
1332 4165 1394 4226 ἔτι·

351 4270 460 4344 στολῆς
481 4267 535 4344 τὴν
558 4266 648 4329 αὐτοῦ
666 4267 787 4346 γνώμην
805 4265 843 4343 ἣν
863 4267 929 4348 ἔχοι
948 4265 1016 4346 περὶ
1035 4269 1088 4328 τοῦ
1105 4263 1281 4344 ζητουμένου
1301 4289 1395 4345 παρα

349 4368 471 4447 στήσας.
496 4370 525 4430 οί
545 4371 576 4431 δὲ
598 4368 700 4431 λοιποὶ
721 4374 779 4430 τῶν
800 4370 966 4446 ἐκκλησιῶν
982 4365 1131 4445 ποιμένες,
1148 4366 1243 4432 άλλος
1262 4366 1396 4430 άλλοθεν

348 4471 387 4537 ὥς
408 4471 456 4533 ἐπὶ
476 4474 615 4548 λυμεῶνα
635 4473 685 4546 τῆς
705 4474 835 4549 Χριστοῦ
853 4471 979 4550 ποίμνης
998 4466 1154 4543 συνίεσαν,
1169 4469 1199 4530 οί
1217 4465 1327 4534 πάντες
1346 4468 1396 4531 ἐπὶ

347 4572 400 4650 τὴν
425 4571 616 4653 Ἀντιόχειαν
646 4572 832 4638 σπεύδοντες.
865 4572 976 4635 τούτων
1005 4572 1035 4634 οἳ
1063 4570 1196 4649 μάλιστα
1224 4568 1393 4649 διίπρεπον,
