3700 5667
405 656 471 720 842
734 657 1115 722 ANNOTATIONES

404 824 526 889 ehiouis
550 832 663 889 eontra
687 824 831 889 Paulum.
856 827 910 890 nbi
934 827 1033 891 etiam
1056 827 1170 890 doetus
1195 826 1356 911 interpres
1380 845 1464 891 nont-

404 926 565 990 mentnrioe
577 926 683 989 vertit.
704 927 864 988 Vuunsms.
909 928 960 990 At
979 926 1132 1011 quidquid
1152 927 1192 991 de
1212 926 1337 991 Latina
1357 926 1461 992 inter·

404 1028 584 1113 pretatione
602 1026 687 1091 vocis
706 1028 922 1107 ὑπομνημάτων
942 1030 1148 1092 statuendum
1168 1035 1228 1105 est,
1243 1029 1303 1092 hoe
1323 1036 1461 1094 constat

404 1153 444 1195 ex
472 1137 601 1214 patrum
635 1129 747 1193 horum
779 1130 864 1214 apud
896 1129 1065 1193 Leontium
1094 1129 1210 1205 verbis,
1241 1131 1318 1211 φησὶ
1352 1131 1460 1194 τοίνυν

405 1232 554 1318 (Paulus)
573 1234 607 1296 ἓν
627 1237 688 1299 τοῖς
707 1232 907 1312 ὑπομνήμασι,
924 1233 1044 1317 scripte
1061 1232 1159 1316 ipsius
1178 1231 1280 1310 Pauli,
1295 1231 1345 1296 vel
1366 1233 1460 1298 dieta

331 1331 338 1346 '
404 1337 481 1421 ejus,
508 1356 579 1420 quae
608 1334 725 1399 notarii
755 1334 966 1418 excipiebant,
993 1333 1026 1396 in
1055 1333 1168 1397 iisdem
1197 1333 1352 1398 extitisse.
1408 1335 1457 1400 Et

404 1437 551 1522 quoniam
569 1435 663 1500 testis
682 1443 732 1500 est
752 1435 916 1513 Leontius,
931 1443 1057 1520 partem
1075 1435 1209 1511 illorum,
1224 1458 1295 1521 quae
1313 1437 1457 1522 desauip-

403 1539 455 1614 sit,
481 1539 523 1603 ad
550 1536 681 1603 Consilii
708 1538 886 1622 Epistolam
915 1538 1106 1622 Synodienm
1135 1533 1306 1622 petinere,
1333 1538 1457 1603 ideireo

402 1662 478 1727 pars
499 1640 553 1705 illa
574 1662 594 1704 a
615 1662 666 1703 me
688 1639 771 1704 infra
792 1641 919 1723 adjecta
941 1649 999 1704 est.
1046 1640 1195 1724 Utraque
1211 1647 1320 1705 autem
1339 1641 1453 1725 dispu-

403 1744 497 1820 tatio,
512 1749 579 1807 tam
603 1740 694 1805 Pauli
717 1742 868 1805 adversus
892 1742 1119 1819 Melnhionem‚
1140 1764 1236 1826 quam
1260 1741 1456 1806 Malchionis

402 1845 456 1908 illa
472 1843 573 1907 Paulo
588 1844 793 1927 respondens,
809 1843 960 1929 Dialepus
978 1843 1114 1907 foitasse
1131 1843 1303 1927 appellata,
1319 1843 1457 1908 Consilii

404 1945 496 2011 Actis
510 1945 623 2010 addite
637 1944 732 2009 fuisse
746 1944 880 2010 videtur.
919 1944 987 2009 Adi
1005 1944 1049 2008 sis
1068 1944 1122 2009 illa
1136 1966 1207 2029 quae
1224 1966 1322 2029 supra
1336 1952 1457 2010 notata

403 2055 478 2113 eunt
493 2070 523 2132 p.
538 2063 614 2132 325.

444 2153 483 2213 P.
499 2151 573 2234 308.
596 2149 617 2212 l.
633 2151 663 2214 6.
687 2149 774 2234 ὅπου]
797 2174 854 2212 που
876 2171 935 2234 pro
957 2151 1032 2211 ὅπου
1054 2147 1128 2212 MS.
1145 2146 1236 2212 Bodl.
1259 2155 1293 2212 et
1313 2149 1453 2234 Nieoplt.

403 2252 507 2317 Addit
522 2237 685 2315 Buitonus
698 2251 784 2314 codd.
799 2250 883 2314 Med.
899 2253 987 2313 Mae.
1003 2251 1111 2314 Fata.
1125 2250 1388 2335 Florentiaosque.

447 2355 530 2419 Ibid.
547 2355 567 2418 l.
584 2356 613 2418 8.
630 2354 755 2437 ἑαυτῶν]
773 2354 869 2417 αὐτῶν
883 2353 931 2417 ed.
948 2352 1050 2437 Sepla.
1065 2361 1099 2416 et
1115 2351 1244 2437 Nicepli.
1290 2351 1355 2416 Hie
1371 2377 1451 2438 quo-

403 2479 463 2542 que
486 2457 561 2521 edit.
585 2456 695 2541 Steph.
717 2455 884 2519 lectionem
906 2454 1065 2518 revocavit
1086 2453 1271 2528 Strothius;
1299 2455 1357 2518 sed
1377 2477 1453 2520 eum

404 2560 529 2624 Valesio
543 2559 665 2623 fatiunt
680 2558 780 2621 MSS.
797 2556 889 2620 Boni.
906 2564 940 2620 et
955 2555 1094 2640 Norfole.
1111 2555 1336 2641 Syncellueque.

448 2660 529 2724 Ibid.
545 2660 566 2724 Ι.
586 2681 632 2723 11.
650 2659 862 2724 sententiamve
877 2658 967 2721 αὐτοῦ
981 2657 1137 2740 γυναῖκας]
1156 2657 1239 2737 Quid
1254 2664 1361 2721 essent
1376 2684 1450 2722 nnv-

402 2761 535 2824 είσακτοι
555 2762 713 2837 mulieres,
727 2761 795 2845 jam
817 2759 939 2845 pridem
958 2759 1083 2823 notavit
1097 2758 1121 2822 J
1123 2780 1242 2822 oannes
1258 2758 1388 2844 Langus
1402 2760 1453 2823 vir

402 2861 602 2925 doctissimus
620 2862 663 2926 nd
680 2863 795 2925 librum
810 2862 849 2925 vi.
867 2861 1037 2945 Nicephori
1058 2883 1126 2945 cap.
1142 2881 1196 2945 30.
1214 2868 1248 2925 et
1266 2868 1341 2946 post
1360 2860 1451 2925 illum

402 2961 523 3025 Beatus
546 2961 718 3025 Rhenanus
741 2962 783 3025 ad
806 2960 920 3025 librum
940 2963 992 3026 vii.
1017 2962 1134 3026 Rufini.
1179 2960 1321 3042 Quorum
1345 2963 1451 3027 doctis

401 3063 674 3127 observationibus
695 3063 772 3126 nihil
791 3065 941 3147 estquod
961 3064 1127 3128 addamus.
1172 3063 1367 3147 Hujusmotli
1381 3085 1450 3127 mu-

401 3163 493 3227 lieres
514 3186 535 3228 a
553 3164 674 3228 alerieis
695 3165 788 3249 vulgo
811 3187 937 3230 sorores
956 3167 1164 3231 vocabantur.
1214 3166 1252 3230 Id
1271 3187 1322 3229 me
1339 3165 1451 3231 docuit

400 3288 499 3331 ennon
518 3288 549 3353 3.
570 3266 700 3331 Consilii
724 3267 853 3344 Ninaeni
873 3268 928 3353 qui
949 3269 983 3332 in
1004 3268 1219 3332 vetustissimo
1241 3268 1348 3332 codiee
1371 3268 1462 3334 Gor-¹

400 3369 518 3434 baiensi
540 3371 622 3435 hane
644 3371 741 3435 habet
763 3370 1011 3455 inseriptionem‚
1027 3371 1078 3434 De
1096 3369 1391 3444 subintroductis&
1406 3381 1450 3435 est

399 3472 551 3558 adoptivis
568 3472 726 3538 eororibin.
772 3473 823 3535 Ex
842 3474 957 3556 quibus
977 3473 1164 3557 explicanda
1179 3481 1229 3538 est
1243 3473 1295 3537 lex
1310 3473 1449 3538 Honorii

399 3593 451 3654 44.
475 3575 508 3637 in
531 3577 638 3640 codiee
661 3576 781 3639 Theod.
807 3576 847 3639 de
870 3575 1025 3660 episeopis
1048 3584 1082 3640 et
1106 3575 1235 3639 clei-inis.
1284 3576 1369 3639 Eum
1395 3577 1450 3661 qai

392 3673 580 3759 probabilem
600 3679 709 3740 eoeonlo
730 3677 927 3762 disciplinam
948 3678 1024 3762 epit,
1046 3677 1213 3741 merari·
1233 3678 1381 3741 commin
1400 3700 1449 3742 so-

398 3776 492 3838 roriae
513 3777 725 3861 appedationis
745 3800 803 3842 teon
824 3779 915 3855 decet,
936 3778 992 3862 isc.
1038 3780 1090 3844 Sin
1111 3780 1209 3844 etiam
1231 3781 1354 3843 devotae
1376 3779 1448 3844 Deo

398 3877 534 3961 virgines
555 3879 708 3962 quosdam
728 3880 788 3943 sibi
803 3888 973 3946 extraneos
993 3881 1221 3966 adjungebant,
1236 3903 1315 3965 quos
1329 3881 1448 3946 fratres

397 4001 510 4062 venare
532 3997 767 4046 consueverant.
808 3983 917 4065 Quam
934 3984 1109 4069 nequitiam
1127 3982 1314 4068 perstringit
1331 3983 1446 4048 Hiero·

396 4104 510 4168 nymus
524 4084 557 4148 in
572 4083 719 4169 Epistola
734 4087 777 4150 ad
792 4085 1001 4150 Eustochium
1022 4087 1062 4150 de
1079 4084 1225 4150 custodia
1239 4085 1444 4170 virginitatis.

397 4185 511 4252 mer
537 4208 666 4251 εοτννντν
693 4189 841 4274 eirpiaem
870 4189 988 4253 deterit.
1041 4188 1181 4252 Ooelibem
1215 4188 1331 4272 epm
1358 4188 1447 4272 eiiye

392 4308 591 4371 9mmnnm:
608 4288 745 4373 sratrem
766 4290 878 4373 querit
898 4299 1085 4354 sairanem.
1136 4291 1181 4353 Et
1202 4288 1325 4353 eumin
1346 4288 1446 4352 eedem

389 4391 543 4474 proposito
563 4411 621 4454 esse
641 4411 671 4454 se
690 4390 842 4466 timebat,
857 4402 998 4474 querna
1018 4392 1187 4456 attumne
1206 4390 1347 4476 spiritale
1367 4390 1446 4454 solen-

394 4491 481 4567 nam,
505 4502 539 4555 ut
563 4492 645 4555 domi
669 4491 799 4556 tunam
823 4492 949 4557 camele
973 4495 1189 4558 oommeroinm.
1243 4492 1446 4557 Dicebantnr

395 4591 492 4657 etiam
513 4593 756 4657 Gemmanentes
774 4593 928 4676 ejusmodi
951 4595 1106 4660 mulieres.
1152 4595 1205 4660 Sin
1228 4595 1312 4659 enim
1334 4595 1444 4658 insari-
