3700 5667
492 694 535 758 78
842 688 1195 754 ANNOTATIONES
1304 683 1306 685 ’

491 855 666 919 dicebatur.
713 854 957 938 (lhrysostomus
978 855 1120 919 Homilia
1135 857 1188 935 46.
1211 855 1244 918 in
1261 855 1538 938 Matthaeum.oi'1x

491 959 563 1040 ὁρᾷς
577 958 623 1018 ὅτι
638 958 678 1040 τῷ
695 958 770 1037 ἱερεῖ
780 958 860 1040 μόνῳ
876 955 960 1035 θέμις
970 957 1004 1019 τὸ
1015 962 1068 1019 τοῦ
1080 959 1202 1035 αἵματος
1216 958 1377 1020 ἐπιδιδόναι
1388 957 1537 1037 ποτήριον.

492 1057 530 1121 Id
546 1066 673 1121 estnon
689 1059 775 1121 vides
790 1059 926 1142 qualiter
941 1058 998 1122 soli
1019 1058 1177 1122 sacerdoti
1192 1058 1267 1122 licet
1281 1058 1410 1122 calicem
1425 1057 1539 1121 Domi-

490 1161 552 1223 nici
575 1160 736 1245 sanguinis
756 1161 907 1245 praebere.
953 1160 1004 1224 Ex
1027 1183 1089 1244 quo
1111 1160 1158 1224 ita
1180 1167 1423 1243 argumentatur
1437 1160 1538 1244 Chry-

491 1271 657 1325 sostomus.
705 1261 753 1324 Tu
776 1283 852 1346 ergo
874 1261 1023 1327 sacerdos
1044 1283 1089 1337 es,
1115 1283 1187 1325 cum
1213 1283 1327 1346 panem
1354 1270 1388 1326 et
1410 1262 1540 1326 calicem

489 1364 613 1450 praebes
638 1364 780 1449 pauperi.
838 1364 877 1426 In
901 1364 1090 1448 quibusdam
1118 1371 1227 1428 tamen
1253 1364 1391 1428 ecclesiis
1414 1364 1540 1429 diaconi

490 1466 715 1532 eucharistiam
738 1467 855 1551 populo
880 1466 1074 1531 dividebant.
1133 1466 1234 1551 quue
1260 1466 1389 1531 innuere
1413 1468 1541 1532 videtur

490 1578 603 1635 auctor
617 1569 811 1656 quaetionum
825 1569 942 1634 veteris
955 1577 989 1632 et
1008 1569 1080 1632 novi
1096 1569 1295 1633 Testamenti
1315 1591 1386 1653 cap.
1403 1590 1473 1634 101.
1489 1570 1540 1634 his

491 1674 603 1737 verbis.
648 1672 785 1736 Hieroni
807 1693 874 1758 erpo
898 1672 971 1735 orcle
996 1681 1038 1735 ert
1062 1673 1196 1756 occipere
1221 1694 1242 1737 α
1263 1673 1419 1751 sacerdote,
1443 1683 1471 1736 et
1495 1674 1540 1737 eie

489 1775 565 1840 dore
573 1773 668 1860 plebi.
713 1774 940 1857 Hieronymus,
961 1795 1017 1840 ssu
1040 1773 1110 1857 quis
1132 1774 1223 1851 alius,
1245 1774 1278 1837 in
1300 1774 1381 1837 libro
1403 1775 1443 1839 de
1465 1797 1538 1859 sep·

489 1889 554 1943 tem
570 1877 721 1962 gradibus
739 1876 896 1941 ccclesiae:
920 1878 1009 1939 δίναν
1027 1877 1062 1939 ia
1076 1877 1225 1941 secerdote
1239 1878 1429 1955 οοιυιοναιὶο,
1444 1879 1490 1940 ito
1504 1880 1539 1942 ia

489 1981 627 2045 neieietro
640 1989 681 2044 ert
695 1978 887 2044 decrementi
900 1979 1091 2063 ὦτ’τροπιαιίο.
1136 1979 1197 2043 Ille
1217 1977 1326 2044 oblata
1348 1980 1536 2058 sanctificat,

488 2083 541 2148 ille
553 2082 741 2164 tabeficata
755 2081 916 2166 dispereat
962 2081 1007 2144 Et
1024 2088 1100 2144 ante
1121 2101 1230 2144 omncs
1244 2081 1267 2143 J
1270 2081 1393 2145 ustinus
1410 2081 1539 2166 Martyr

490 2184 523 2249 in
541 2184 708 2269 Apologid,
723 2184 813 2267 cnjus
834 2184 937 2246 lecum
955 2183 1023 2267 jam
1043 2206 1140 2267 supra
1162 2184 1267 2249 citavi.
1313 2186 1474 2250 Ocdrenus
1495 2186 1538 2250 ad

489 2308 608 2351 annum
620 2288 668 2349 18.
685 2285 887 2350 Constantis:
910 2287 1180 2364 σκανδαλιζόμενος
1195 2289 1252 2368 γὰρ
1268 2289 1310 2353 εἰς
1325 2287 1426 2361 αὐτὸν,
1443 2288 1538 2367 ἔκειρε

489 2392 635 2470 πρότερον
649 2387 740 2450 αὐτὸν
755 2389 803 2450 διὰ
819 2389 944 2451 Παύλου
964 2388 1147 2470 πατριάρχου
1165 2389 1314 2465 διάκονον,
1331 2388 1365 2455 ὃς
1386 2390 1434 2452 καὶ
1452 2389 1537 2468 μετέ·

492 2495 566 2553 δοκε
589 2490 628 2574 τῷ
646 2495 774 2567 βασιλεῖ
791 2495 851 2553 τῶν
871 2488 1027 2571 ἆχράντων
1050 2493 1217 2570 μυστηρίων
1242 2493 1277 2554 ἐν
1300 2493 1374 2574 ἁγίῳ
1398 2493 1536 2576 ποτηρίῳ.

490 2592 633 2656 Tandem
644 2613 720 2655 vero
735 2599 903 2676 postquam
917 2592 1040 2655 diaconi
1055 2591 1143 2655 laicis
1156 2593 1381 2657 eucharistiam
1395 2594 1538 2677 praebere

489 2693 660 2771 desierunt,
677 2715 858 2758 conoessum
881 2694 942 2757 illis
958 2702 1018 2769 est,
1033 2701 1070 2758 ut
1084 2694 1190 2757 vinum
1205 2695 1293 2759 laicis
1308 2703 1382 2779 post
1396 2716 1535 2758 commu-

489 2797 614 2861 nionem
639 2797 836 2880 praeberent3
868 2796 964 2880 idque
986 2796 1160 2881 colligimus
1183 2819 1223 2860 ex
1245 2797 1312 2861 vita
1334 2797 1476 2874 Alcuini,
1497 2798 1537 2861 de

489 2921 552 2983 quo
564 2906 655 2963 vetus
670 2899 805 2983 scriptor
820 2898 866 2961 ita
880 2898 1001 2962 tradit:
1019 2900 1142 2962 Necnon
1151 2921 1218 2962 οτιοι
1226 2909 1296 2984 post
1306 2901 1537 2963 communiorem

488 3001 621 3084 eorporis
637 3000 750 3064 Christi
771 3010 797 3064 et
818 3000 976 3084 eenpoieis
991 3022 1083 3062 οιοιιυ
1099 3001 1234 3084 prepara
1252 3001 1296 3064 eie
1309 3002 1443 3065 miseeret
1457 3002 1537 3065 idem

488 3101 672 3176 Ιιυιίοοὶουο,
688 3101 857 3165 bumilitate
877 3101 1063 3165 clarissimos
1078 3125 1151 3187 pree
1167 3102 1311 3180 omuibus,
1324 3104 1417 3188 petri
1435 3115 1536 3168 ταοοτο

488 3203 693 3279 reinclinans,
708 3204 771 3287 ejus
787 3204 935 3267 οοοιιίαιιιο
949 3214 991 3268 est
1005 3227 1137 3270 οιαουυι.
1185 3206 1230 3270 Et
1252 3206 1284 3269 in
1306 3205 1438 3269 concilio
1453 3206 1535 3268 Are-

488 3307 602 3371 latensi
620 3325 648 3369 2.
670 3329 696 3369 c.
715 3325 761 3388 15.
785 3313 915 3371 cavetur
938 3315 975 3370 ut
998 3307 1149 3371 diaconus
1171 3316 1327 3391 praescntc
1350 3308 1536 3392 presbytero

488 3430 602 3493 corpus
616 3407 736 3471 Christi
758 3407 902 3470 fidelibus
924 3408 1052 3471 tradere
1075 3431 1137 3471 non
1161 3417 1343 3491 praesumat.
1368 3407 1534 3473 Vsnrsrus.

488 3512 587 3596 Apud
603 3510 776 3585 Valerium,
795 3511 941 3575 oblatione
954 3512 1055 3594 focio.
1107 3512 1151 3574 Et
1174 3512 1223 3574 hic
1246 3511 1404 3575 haerentes
1420 3513 1536 3576 Graeco

486 3613 660 3676 retinemus
681 3611 875 3676 oblationibus
888 3614 997 3696 factis,
1013 3612 1073 3675 hoc
1096 3620 1155 3686 est,
1174 3635 1256 3697 pane
1278 3620 1312 3676 et
1334 3612 1406 3675 vino
1428 3635 1535 3676 conse-

487 3714 594 3777 cratis.
639 3714 856 3777 Novatianum
885 3736 942 3797 per
966 3735 1011 3785 se,
1036 3736 1099 3777 non
1126 3714 1330 3777 diaconorum
1356 3714 1533 3779 ministerio

487 3837 602 3899 corpus
622 3816 743 3879 Christi
768 3816 832 3878 suis
854 3815 1033 3899 porrexisse
1058 3816 1151 3899 plane
1177 3815 1249 3878 hino
1274 3815 1433 3879 discimus.
1478 3818 1534 3879 An

488 3939 562 3982 vero
577 3916 718 3980 dissimili
741 3917 864 3980 ratione
880 3917 1058 3980 Servatoris
1080 3918 1181 3980 nostri
1203 3918 1388 4002 sanguinem
1409 3919 1448 3981 iis
1469 3927 1535 3982 tra-

487 4018 613 4094 diderit,
638 4019 784 4082 dubitare
809 4018 881 4081 licet
905 4026 1037 4101 propter
1059 4019 1201 4082 subnexa
1224 4019 1332 4095 verba,
1350 4019 1436 4081 ιῙιιια
1457 4019 1535 4082 midi

481 4144 662 4208 percorpus
680 4132 708 4185 et
726 4121 902 4206 mrapoieem
916 4120 1045 4184 Domini
1065 4122 1169 4184 bostri
1216 4122 1403 4206 Negandum
1426 4128 1535 4184 tamen

486 4242 551 4287 uon
579 4233 637 4301 est,
665 4246 723 4288 usu
749 4230 818 4287 tum
841 4230 1003 4307 receptum
1030 4245 1107 4299 esse,
1135 4231 1172 4286 ut
1198 4223 1306 4286 fideles
1332 4223 1535 4286 diaconorum

487 4326 660 4390 ministerio
676 4327 860 4409 sanguinem
875 4324 923 4388 vel
946 4325 1043 4410 etiam
1058 4346 1172 4408 corpus
1187 4323 1305 4388 Christi
1326 4324 1534 4410 perciperent.

487 4427 605 4492 Scribit
628 4429 743 4514 quippe
763 4428 913 4492 Justinus
929 4428 1065 4513 Apolog.
1084 4448 1113 4492 2.
1136 4427 1177 4490 ad
1192 4427 1412 4490 Antoninum:
1444 4428 1534 4489 Post-

485 4551 578 4613 quam
598 4532 719 4595 aethios
736 4532 912 4617 pretiorum
928 4531 1072 4594 estimes
1087 4530 1229 4613 perfecit,
1243 4538 1270 4592 et
1285 4528 1420 4614 popalus
1440 4528 1536 4591 omnis

485 4641 667 4716 oppreectee
694 4642 745 4708 est,
768 4632 890 4696 diambi
919 4655 956 4696 ec
979 4656 1075 4717 ραιιο,
1101 4633 1172 4696 cieo
1196 4642 1224 4696 et
1247 4652 1330 4717 oque
1358 4632 1536 4695 οοτιιιοταιὶι
