3700 5667
403 681 446 746 74
477 672 479 677 ’
749 672 1101 743 ANNOTATIONES

401 848 560 914 venissent
583 850 733 934 Anglicm
757 849 878 934 aliquot
901 872 919 912 c
944 849 1049 934 gentis
1070 849 1205 912 Scoticae
1231 844 1453 912 ecclesiasticis

401 952 565 1025 ministris,
591 952 736 1036 exempla
764 950 819 1015 illc
845 951 1007 1015 Ambrosii
1032 959 1130 1034 etque
1155 950 1296 1014 Nectarii
1320 949 1451 1012 dubium

400 1054 568 1131 tol-lebant,
592 1061 700 1119 utrum
723 1047 777 1118 isti
800 1053 940 1115 nondum
965 1051 1141 1137 presbyteri
1165 1050 1241 1114 scoti
1266 1051 1308 1113 cd
1333 1051 1451 1134 episco-

400 1177 515 1241 porum
538 1174 670 1219 munera
699 1154 877 1219 consecrari
903 1155 1066 1219 deberent.
1101 1153 1185 1217 Vide
1212 1152 1341 1237 Heylini
1364 1153 1449 1215 Hist.

399 1256 708 1341 Presbytesimcrscn,
723 1257 776 1320 lib.
795 1256 836 1321 xi.
859 1279 886 1320 c.
900 1279 931 1336 4.
956 1281 986 1342 p.
1001 1257 1078 1341 382.
1123 1256 1304 1321 conivere
1325 1254 1449 1340 Spotis-

401 1361 503 1424 wocdi
524 1361 607 1424 Hist.
624 1359 711 1423 Eccl.
727 1360 837 1424 Scctic.
858 1359 911 1423 lib.
924 1360 974 1423 vii.
999 1383 1030 1444 p.
1043 1376 1117 1444 514.
1142 1367 1175 1422 et
1200 1356 1347 1421 Skinneri
1362 1357 1450 1419 Hist.

401 1462 495 1546 ιηίιιιί.
510 1461 594 1526 sel.
611 1462 671 1526 vol.
687 1461 718 1525 ii.
739 1484 765 1526 e.
779 1481 830 1546 43.
851 1485 883 1546 p.
898 1478 970 1545 252.
1015 1461 1135 1523 Postea
1154 1468 1272 1534 cutem,
1289 1480 1361 1522 cum
1380 1459 1450 1522 red·

401 1564 470 1630 dito
485 1566 527 1629 ed
542 1565 629 1629 avite
643 1586 740 1649 regna
755 1563 870 1629 Cerolo
884 1561 1022 1626 secundo
1045 1561 1191 1624 rediisset
1206 1582 1277 1624 cum
1292 1581 1330 1623 eo
1345 1559 1450 1643 pristi-

399 1689 475 1731 num
500 1666 639 1731 ecclesiae
663 1665 813 1752 regimen,
837 1666 900 1728 duo
924 1664 1039 1728 scltem
1062 1686 1101 1728 ex
1126 1663 1279 1727 ministris
1304 1661 1449 1738 Scotieis,

400 1769 453 1856 qui
469 1770 608 1833 nondum
624 1769 833 1853 episcopalem
848 1766 1079 1830 ordinationem
1094 1773 1309 1849 susceperant,
1325 1763 1450 1827 diaconi

397 1869 628 1956 etpresbyteri
652 1870 741 1953 prius
760 1869 836 1933 facti
861 1867 1009 1952 deinceps
1031 1868 1169 1952 episcopi
1189 1867 1365 1931 consecrati
1385 1866 1451 1929 sue-

397 1980 483 2038 runt.
509 1962 593 2036 Vide
614 1970 723 2036 Jcccdi
747 1971 877 2055 Stcrpii
898 1969 1115 2054 archicpiscopi
1134 1973 1170 2034 S.
1189 1969 1321 2032 Andrece
1340 1969 1450 2044 Vitem,

397 2097 483 2141 enno
502 2093 595 2160 1723.
619 2074 748 2151 editam,
774 2098 802 2158 p.
812 2092 866 2158 55.
893 2094 964 2136 eum
980 2071 1104 2137 Oollieri
1121 2072 1204 2135 Hist.
1220 2071 1307 2135 Εοοί.
1323 2072 1451 2155 Μαριιιο

399 2177 581 2242 Britannice
593 2175 653 2240 vol.
665 2174 696 2238 ii.
712 2197 743 2260 p.
762 2174 834 2256 887.
851 2175 1009 2253 collatam,
1032 2186 1065 2239 et
1080 2174 1229 2239 Burnetti
1244 2175 1327 2238 Hie.
1348 2174 1449 2258 Τουιρ.

396 2280 447 2345 sui
460 2279 521 2344 vol.
534 2279 554 2342 i.
570 2298 685 2363 p.319.
703 2277 778 2341 edit.
797 2277 899 2340 Oxcn.
934 2277 1082 2342 Ceterum
1099 2276 1252 2342 ἐπιθέντος
1267 2277 1345 2360 αὐτῷ
1361 2282 1450 2357 χεῖρα

399 2404 460 2468 pro
479 2387 583 2465 χεῖρας
603 2387 760 2464 praestcnt
776 2380 875 2442 Mes,
891 2381 982 2444 Bodi.
1004 2394 1037 2444 et
1056 2379 1197 2463 Norsolc.
1242 2378 1335 2441 Nunc
1357 2377 1450 2442 eddit

397 2482 535 2568 reliquos
559 2490 677 2567 praeter
698 2481 781 2546 codd.
805 2483 935 2566 Repicm
950 2483 1137 2547 Parisiecses
1157 2483 1355 2565 Venetosque
1369 2480 1450 2543 Bur·

397 2596 512 2661 tonus3
534 2584 661 2648 codicem
681 2606 806 2671 quoque
822 2585 1022 2649 Drasdenseo.
1040 2584 1258 2648 Hcinichenus
1273 2583 1305 2646 in
1320 2582 1451 2667 διηηνίο-

396 2697 491 2752 mente
506 2689 660 2752 Νοιαιυιιι
680 2689 714 2751 in
732 2686 907 2752 Ecseticm.
955 2688 1089 2752 Menum
1102 2697 1136 2751 et
1150 2706 1262 2750 manus
1277 2670 1449 2770 imponere,

398 2802 570 2874 utrumque
585 2789 723 2853 obvium.
770 2791 850 2852 Mox
865 2791 903 2856 ὥς
917 2812 976 2874 pro
991 2790 1025 2856 ὃς
1040 2790 1170 2874 Synceli.

441 2893 479 2956 P.
492 2895 542 2955 26.
557 2893 578 2955 l.
590 2896 619 2955 6.
642 2892 700 2955 ὑπὸ
717 2892 828 2958 παντὸς
842 2897 894 2954 τοΰ
910 2891 1020 2971 κλήρου
1036 2893 1083 2955 καὶ
1097 2897 1210 2954 λαϊκῶν
1226 2889 1295 2975 δια]
1311 2889 1449 2974 Presby⁴

396 2994 456 3058 teri
473 2993 547 3057 clim
562 2993 766 3078 abepiscopo
789 2992 929 3056 ordinari
950 3016 1011 3055 non
1034 3000 1183 3077 poterant
1205 2992 1271 3056 sine
1293 3012 1449 3055 consensu

396 3096 471 3160 cleri
487 3103 521 3159 et
535 3095 654 3181 populi.
692 3095 797 3158 Aede
814 3096 920 3180 populi
937 3095 1065 3180 quidem
1080 3095 1232 3180 suffragio
1246 3095 1278 3158 in
1294 3092 1448 3157 electione

395 3200 666 3284 presbyterorum,
683 3205 845 3262 testentur
859 3206 969 3282 potres
984 3199 1106 3262 concilii
1122 3198 1248 3262 Nicaeni
1265 3197 1298 3260 in
1312 3196 1449 3280 epistola

396 3303 548 3388 synodice
572 3304 614 3367 sd
641 3301 805 3387 episcopos
826 3301 977 3388 AEgypti,
999 3303 1054 3366 ubi
1079 3303 1119 3366 de
1144 3301 1264 3365 clericis
1289 3301 1343 3385 qui
1370 3323 1404 3365 se
1427 3323 1449 3365 α

399 3405 522 3470 Meletii
553 3404 723 3470 schismate
749 3427 844 3489 puros
869 3416 968 3489 etque
997 3405 1138 3490 integros
1162 3410 1373 3481 servaverant,
1400 3404 1449 3468 ite

396 3508 596 3593 praecipiunt,
613 3511 639 3572 εί
654 3507 688 3571 δέ
704 3507 772 3571 τινά
791 3533 864 3572 ποτε
885 3511 1018 3587 συμβαίη
1036 3508 1268 3571 ἀναπαύσασθαι
1288 3511 1348 3568 τῶν
1362 3505 1447 3592 ἐντῇ

398 3613 551 3695 ἐκκλησίᾳ,
575 3616 733 3689 τηνικαῦτα
755 3612 991 3690 συναναβαίνειν
1006 3613 1049 3677 είς
1070 3609 1124 3688 τὴν
1138 3609 1225 3688 τιμὴν
1239 3611 1291 3671 τοῦ
1311 3616 1447 3671 τετελευ-

397 3712 518 3790 τηκότος
533 3711 600 3776 τοὺς
613 3712 679 3790 ἄρτι
693 3712 956 3791 προσληφθέντας,
969 3714 1064 3792 μόνον
1079 3714 1106 3776 εί
1121 3713 1198 3789 ἄξιοι
1213 3713 1381 3790 φαίνοιντο,
1398 3710 1447 3773 καὶ

396 3811 413 3872 d
437 3809 514 3876 λαὸς
534 3812 646 3889 αίροῖτο
670 3813 963 3893 ιηννεπιψηφίζοντος
986 3815 1086 3879 αὐτοῖς
1109 3813 1157 3876 καὶ
1179 3813 1447 3892 ἔπισφραγίζοντος

397 3916 449 3974 τοῦ
464 3915 515 3989 τῆς
528 3909 757 3991 Ἀλεξανδρείας
772 3915 943 3978 ἐπισκόπου.
990 3916 1068 3993 Quae
1083 3914 1180 3977 verba
1195 3915 1387 3976 Sozomenus
1405 3912 1446 3976 de

397 4011 519 4077 clericis
534 4011 704 4088 intellexit,
712 4035 784 4076 cnm
799 4022 907 4078 tomen
923 4017 963 4080 de
978 4016 1132 4101 episcopis
1147 4013 1447 4101 potiuseccipicndc

398 4136 467 4178 esse
482 4113 659 4178 videantur.
705 4113 788 4177 Nem
808 4137 880 4178 cum
902 4124 1011 4201 patres
1026 4117 1137 4201 synodi
1154 4116 1291 4179 Nicaenae
1306 4122 1446 4179 contem-

397 4217 539 4302 platione
553 4214 641 4300 pecie
656 4215 854 4293 statuissent,
866 4227 903 4281 nt
918 4217 1055 4303 episcopi
1066 4241 1087 4282 e
1100 4217 1232 4282 Meletio
1243 4217 1446 4281 schismatico

395 4319 535 4382 ordinati
558 4319 591 4381 in
610 4339 667 4381 suo
688 4319 790 4402 gradu
810 4329 1020 4398 remanerent,
1037 4322 1093 4385 sed
1113 4320 1180 4385 sine
1201 4320 1264 4384 ulle
1283 4319 1446 4384 functione

394 4419 581 4504 episcopalis
599 4420 710 4483 officii:
743 4442 826 4485 nunc
847 4412 1045 4508 praecipiunt,
1062 4429 1099 4487 nt
1120 4424 1146 4487 si
1169 4426 1250 4487 forte
1270 4422 1446 4486 catholicus

393 4522 557 4606 episeopus
571 4524 612 4585 ab
627 4523 854 4589 Alexandrinae
869 4524 958 4589 urbis
975 4526 1122 4611 episcopo
1138 4525 1303 4590 ordinatus
1318 4524 1444 4600 obierit,

393 4630 462 4686 tum
481 4624 671 4689 Meleticnns
694 4625 747 4709 qni
762 4647 783 4689 s
797 4627 918 4711 synodo
938 4628 998 4692 sub
1012 4649 1051 4691 ee
1068 4627 1249 4691 conditione
1265 4649 1360 4713 quem
1376 4626 1444 4690 dixi
