3700 5667
576 669 626 733 IN
652 671 882 735 CONCILIA
907 672 1156 738 CARTHAG.
1325 678 1390 743 207

343 837 386 902 eb
412 836 534 903 Octuvo
562 839 644 904 infre
669 841 747 906 dioit
771 841 959 927 medabam
980 866 1195 929 premerem
1224 845 1389 910 rocelino.

345 939 478 1003 Fessus.
524 944 580 1004 An
605 943 797 1007 Pudentiani
821 946 918 1008 verbe
943 946 1060 1009 nocitus
1084 948 1268 1031 episcopatus
1290 948 1392 1012 lucem

343 1043 479 1108 efferent
501 1043 562 1108 illis
585 1046 618 1110 S.
638 1045 757 1131 Ignatii
780 1046 812 1109 in
830 1048 931 1132 Epist.
952 1048 997 1110 ad
1015 1049 1196 1133 Magnetes,
1211 1049 1265 1128 τὴν
1286 1059 1391 1132 φαινο·

342 1144 437 1225 μένην
459 1147 633 1228 νεωτερικῆν
655 1148 746 1227 τάξιν,
763 1147 833 1212 aliis
855 1149 1091 1234 disquirendum
1114 1151 1266 1234 relinquo.
1312 1152 1391 1237 Sup-

344 1248 432 1333 plent
451 1249 579 1334 quidem
603 1272 777 1335 pronomen
800 1251 860 1314 cnei
879 1259 953 1335 post
977 1253 1162 1337 episcopatus
1186 1254 1288 1318 codex
1309 1255 1391 1319 Novi

344 1351 421 1416 0011.
438 1351 525 1437 prior
542 1359 577 1417 et
597 1360 731 1439 uterque
752 1374 850 1430 meus,
871 1354 927 1417 sed
948 1376 1019 1417 eum
1039 1354 1169 1439 reliquis
1190 1356 1293 1421 nescit
1313 1356 1391 1422 illud

345 1454 556 1539 Augustinus,

387 1558 426 1622 P.
445 1577 516 1641 129.
539 1557 560 1621 l.
576 1572 609 1642 5.
634 1557 766 1644 Petrus]
791 1557 949 1642 Martyris
972 1558 1064 1623 titulo
1090 1565 1223 1625 ornatus
1246 1560 1279 1623 in
1302 1560 1391 1626 libris

344 1659 443 1736 editis,
459 1682 538 1745 quoe
553 1658 628 1724 dixi.

390 1762 472 1827 Ibid.
494 1762 644 1848 Hippone
660 1762 922 1848 Diarrhytorum]
943 1765 1068 1850 (Hippo
1078 1763 1246 1829 Diarrltite
1262 1765 1342 1830 Fell.
1356 1773 1391 1831 et

344 1866 422 1948 alii.)
440 1867 562 1931 Plinius
576 1867 630 1930 lib.
645 1889 673 1930 v.
691 1888 758 1951 cap.
774 1889 806 1945 4.
828 1865 867 1929 od
888 1867 998 1951 oppido
1020 1867 1101 1951 quod
1113 1868 1289 1951 Hipponem
1309 1868 1391 1932 dilu-

344 1979 408 2034 tum
427 1980 541 2042 cecant,
558 1969 765 2052 Diarrhytum
783 1991 805 2033 o
825 1969 944 2032 Grecis
965 1969 1079 2033 drotum
1093 1978 1221 2053 propter
1238 1990 1391 2053 equorum

343 2074 492 2158 irripue-
513 2073 610 2137 situm
631 2072 727 2137 fuisse
749 2071 783 2135 in
803 2072 912 2137 littore
930 2072 1052 2137 Africae
1074 2073 1190 2137 docent
1213 2071 1335 2136 Plinius
1347 2065 1391 2136 'et

345 2173 443 2238 Mela.
472 2172 556 2237 Vide
570 2180 664 2238 notes
679 2180 806 2238 nostres
820 2175 862 2238 ud
877 2173 1079 2239 collationem
1093 2171 1390 2258 Carthaginensem,

344 2296 376 2359 p.
394 2293 467 2339 222.
490 2274 656 2338 Beuuzrus.

388 2375 470 2440 Ibid.
492 2376 512 2440 l.
529 2395 578 2442 22.
601 2375 779 2464 Lumesbe]
803 2376 911 2443 Fcllus
930 2376 1059 2462 quidem
1077 2376 1320 2462 imprimendum
1337 2397 1390 2442 cu·

343 2479 427 2544 revit
444 2479 603 2557 Lcmbeeu,
620 2489 654 2544 et
676 2482 716 2544 ud
738 2480 931 2566 suffragium
950 2504 994 2544 m.
1015 2480 1154 2545 occurrit
1175 2479 1350 2544 Janusrius
1370 2499 1392 2543 s

343 2581 510 2658 Lembese,
525 2583 580 2647 ubi
602 2583 726 2647 notavit
748 2582 796 2647 vir
818 2583 1019 2647 doctissimus
1042 2582 1250 2647 Ptolemaeum
1272 2581 1391 2646 hebere

343 2686 454 2750 urbem
469 2687 620 2765 Λαμαίσα,
637 2686 701 2750 sive
715 2687 891 2766 Λαμβαίσα.
924 2686 980 2749 Sin
995 2707 1069 2750 vero
1083 2683 1234 2749 Lomdoee
1247 2685 1299 2748 hic
1314 2705 1396 2769 quc·-

344 2809 405 2872 que
419 2788 622 2873 reciperetur,
638 2795 707 2852 tum
722 2810 796 2852 vero
810 2793 868 2851 eut
883 2786 999 2872 duplex
1014 2787 1107 2851 unius
1121 2785 1260 2852 civitatis
1274 2791 1392 2870 praeter

343 2912 463 2954 morem
488 2889 653 2975 episeopus
678 2889 864 2966 efficeretur,
889 2897 947 2954 cut
972 2889 1049 2953 urbs
1074 2888 1269 2975 cognominis
1294 2887 1391 2951 fuisse

343 2991 515 3056 statuenda
529 2991 623 3056 foret.
661 2992 753 3073 Quod
769 2991 896 3076 quidem
910 2991 998 3055 haud
1012 3013 1086 3056 raro
1100 2990 1148 3056 fit.
1186 2991 1252 3064 Ite,
1268 3010 1341 3054 cum
1357 2987 1391 3050 in

344 3093 499 3180 Suffmgio
515 3117 565 3156 nn.
588 3094 664 3158 urbs
691 3094 810 3157 thccc
831 3094 879 3158 vel
903 3093 1004 3158 Tucca
1026 3093 1190 3157 nominate
1211 3097 1307 3168 esset,
1322 3090 1391 3154 hoec

343 3197 470 3282 scripsit
495 3197 537 3261 ed
564 3197 757 3284 Suffragium
781 3197 822 3261 eb
846 3197 906 3261 hoo
932 3196 1065 3260 tertium
1089 3195 1218 3268 Fellus;
1250 3201 1270 3230 ‘⁴
1286 3193 1392 3256 Tucca

345 3305 367 3338 “
380 3299 457 3364 urbs
481 3299 685 3364 Mauritaniae
709 3298 792 3363 Sitit.
836 3298 886 3362 De
909 3320 973 3384 que
995 3297 1117 3361 Plinius
1138 3296 1191 3360 lib.
1206 3318 1235 3359 v.
1260 3317 1288 3358 c.
1305 3313 1334 3358 2.
1357 3301 1392 3358 et

345 3407 366 3439 “
380 3400 506 3466 Notitie
520 3400 621 3465 Alrio.
636 3400 699 3466 elie
713 3424 734 3466 s
747 3400 854 3466 Tucca
868 3397 1106 3475 Terebinthine,
1118 3404 1153 3463 et
1167 3397 1265 3461 tertia
1279 3394 1389 3459 Numi·

345 3507 365 3540 “
381 3501 472 3566 die?
515 3503 674 3567 Attamen
688 3501 824 3565 fortasse
839 3500 1055 3565 lemceuenec's
1068 3498 1206 3564 Pusillus
1226 3497 1392 3583 episcopus

344 3604 415 3681 fuit,
437 3625 512 3668 nem
534 3603 568 3667 in
590 3604 715 3668 Notitic
736 3623 807 3681 112,
831 3610 864 3668 et
887 3602 921 3666 in
947 3601 1052 3666 Collot.
1079 3600 1222 3686 Oarttop.
1243 3605 1392 3664 monente

344 3706 484 3792 aninio
498 3706 531 3770 in
551 3705 745 3791 Geoprapdt'o
758 3707 883 3790 Africoe
897 3708 1009 3782 Sacra,
1023 3704 1225 3789 episcopatus
1242 3701 1303 3767 iste
1320 3723 1393 3787 pno-

345 3808 453 3875 vineiee
469 3807 628 3872 Numidiae
643 3816 848 3872 memoretur.
879 3807 932 3871 Sic
946 3828 1030 3871 nunc
1046 3805 1218 3870 Morcellus
1232 3804 1266 3868 in
1276 3805 1392 3888 Africa

346 3910 535 3988 Ctmetiane,
556 3909 615 3973 vol.
637 3909 658 3974 i.
683 3932 713 3992 p.
733 3929 805 3991 194.
849 3916 870 3947 “
883 3909 1053 3986 Lamesue,
1077 3929 1149 3992 quae
1171 3914 1205 3972 et
1225 3904 1392 3981 Lamasba,

346 4020 365 4050 “
378 4013 412 4077 in
434 4011 584 4077 Numidia
606 4018 688 4087 erat,
709 4011 792 4075 inter
814 4010 954 4075 Dienem
968 4011 1201 4075 Vetemnomm
1222 4014 1256 4071 et
1277 4008 1391 4084 Zemt,

345 4122 367 4155 “
381 4121 419 4180 ut
445 4113 601 4179 Antonini
632 4111 839 4177 Itinererium
867 4109 1039 4176 ostendit?
1083 4109 1208 4174 Deinde
1237 4107 1393 4171 Pusillum

344 4217 526 4305 episcopum
555 4224 783 4281 commemoret
808 4215 994 4292 Morcellus‚
1018 4220 1116 4299 etque
1147 4213 1217 4278 hoeo
1245 4212 1285 4275 de
1310 4210 1391 4275 urbe

343 4319 455 4397 utem,
471 4318 562 4404 cujus
579 4319 745 4404 episeopus
758 4320 782 4381 J
783 4317 936 4383 uouemus
950 4316 1023 4395 fuit,
1038 4314 1161 4392 scribit,
1185 4323 1207 4347 ‘¹
1223 4312 1324 4376 Heud
1338 4311 1393 4375 ob-

343 4430 364 4462 “
381 4443 474 4487 scura
489 4421 648 4486 Numidiae
666 4420 742 4485 urbs
756 4418 909 4497 Laudes,
925 4440 997 4503 quae
1018 4418 1194 4483 Ptolemoeo
1215 4414 1394 4480 Lemboees

345 4532 365 4564 ‘⁴
380 4531 442 4603 est,
456 4530 490 4589 et
505 4523 604 4589 statio
619 4523 751 4608 legionis
765 4525 924 4608 Augustae
939 4520 1076 4586 tertiae.''
1090 4542 1124 4606 p.
1144 4534 1214 4602 195.

388 4626 474 4693 Ibid.
489 4627 511 4691 l.
528 4643 579 4711 25.
597 4625 776 4710 Salvianus]
790 4627 921 4710 Martyr
935 4621 1127 4709 appelletur,
1141 4619 1195 4686 ubi
1211 4640 1319 4707 supro.
