3700 5667
689 657 875 721 CONCIL.
901 654 1150 721 CARTHAG.
1170 659 1246 721 VII.
1432 658 1492 720 121

489 822 592 887 XIX.
625 822 828 887 Privatianus
857 846 877 887 a
907 822 1053 888 Sufetula
1086 825 1178 888 dixit.
1237 824 1298 905 Qui
1328 823 1495 888 haeretieos

444 940 638 1017 potestatem
661 933 845 1017 baptizandi
867 934 985 998 habere
1000 933 1089 1012 dicit,
1104 933 1190 997 dieat
1207 933 1294 1019 prius
1308 933 1378 1017 quis
1392 933 1493 997 haere·

443 1041 504 1106 sim
529 1042 716 1107 condiderit.
762 1043 796 1106 Si
827 1043 911 1107 enim
935 1042 1065 1107 haeresis
1087 1066 1108 1107 a
1133 1043 1206 1106 Deo
1231 1050 1293 1120 est,
1316 1043 1433 1106 habere
1460 1050 1494 1107 et

443 1153 674 1239 indulgentiam
704 1154 842 1218 divinam
868 1162 986 1240 potest.
1043 1153 1078 1217 Si
1102 1176 1176 1218 vero
1201 1177 1222 1218 a
1245 1154 1316 1218 Deo
1345 1176 1409 1218 non
1434 1162 1493 1230 est

416 1265 603 1347 squomodo
632 1264 771 1348 gratiam
801 1265 862 1328 Dei
891 1273 951 1330 aut
986 1266 1105 1330 habere
1134 1274 1192 1330 aut
1228 1265 1372 1330 conterre
1399 1264 1492 1329 elicui

422 1355 573 1457 ⁸potest?

487 1483 571 1546 XX.
596 1484 746 1549 Privatus
765 1508 786 1550 a
806 1486 934 1550 Sufibus
954 1486 1045 1550 dixit.
1092 1486 1153 1567 Qui
1173 1486 1395 1551 haeretieorum
1415 1487 1493 1570 bap

443 1594 572 1657 tismum
587 1595 713 1679 probat,
731 1596 806 1680 quid
821 1596 907 1660 aliud
923 1618 1019 1681 quam
1033 1596 1190 1662 haeretiois
1205 1597 1437 1661 eommunieatl

488 1703 589 1769 XXI.
614 1704 850 1770 Hortensianae
873 1729 893 1771 a
918 1706 1055 1771 Laribus
1080 1707 1172 1771 dixit.
1218 1707 1304 1787 Quot
1327 1708 1392 1771 sint
1415 1707 1493 1790 bap·

399 1813 529 1876 rotismi
544 1814 680 1879 viderint
695 1823 753 1880 aut
770 1823 1017 1902 presumptores
1032 1826 1089 1882 aut
1104 1819 1245 1882 fautores
1259 1818 1491 1883 haeretieorum.

444 1926 514 1988 Nos
538 1948 636 1990 unum
661 1927 832 2012 baptisma,
848 1929 934 2013 quod
958 1951 1022 1992 non
1044 1930 1104 1993 nisi
1128 1930 1160 1993 in
1185 1930 1317 1994 eoelesia
1339 1931 1492 2007 novimus,

442 2037 582 2101 eoelesiae
611 2035 816 2101 vindicamus.
871 2039 942 2102 Aut
968 2039 1127 2123 quomodo
1152 2046 1286 2123 possunt
1309 2039 1342 2103 in
1367 2040 1493 2104 nomine

443 2146 563 2212 Christi
584 2147 723 2231 aliquem
740 2147 904 2233 baptizare
927 2171 1007 2232 quos
1029 2149 1096 2233 ipse
1116 2147 1262 2213 Christus
1281 2149 1359 2213 dieit
1383 2151 1492 2214 adver-

443 2258 544 2322 sarios
559 2280 634 2322 suos
649 2261 738 2322 esset

396 2379 432 2436 Ι5
487 2369 615 2432 XXII.
650 2369 781 2433 Cassius
804 2392 825 2434 a
848 2370 1095 2434 Macomadibus
1120 2371 1212 2435 dixit.
1265 2371 1345 2436 (lum
1371 2373 1492 2458 baptis·

442 2487 531 2543 mata
547 2481 610 2543 duo
625 2502 694 2544 esse
707 2502 772 2543 non
787 2481 921 2565 possint,
935 2481 989 2564 qui
1004 2481 1162 2546 haeretiois
1177 2482 1337 2566 baptisma
1348 2483 1493 2547 concedit

442 2590 502 2654 sibi
531 2591 625 2655 tollit.
670 2590 792 2656 Oenseo
821 2592 930 2675 itaque
959 2592 1078 2656 flebiles
1107 2600 1140 2657 et
1169 2594 1296 2657 tabidos
1325 2595 1492 2659 haeretioos

443 2702 650 2786 baptizandos
672 2724 742 2767 esse
767 2725 840 2766 oum
868 2703 911 2766 ad
940 2703 1104 2768 ecelesiam
1133 2704 1239 2767 venire
1264 2705 1430 2789 coeperint,
1457 2713 1491 2768 et

443 2834 534 2877 saera
547 2820 582 2878 et
596 2813 703 2877 divina
722 2814 881 2879 lavatione
901 2814 994 2892 lotos,
1009 2823 1043 2879 et
1063 2814 1180 2878 lumine
1194 2814 1268 2879 vitae
1288 2815 1490 2892 illuminatos,

396 2937 505 2986 20non
531 2924 651 3002 hostes,
675 2925 731 2988 sed
754 2925 914 3010 paeifioos,
940 2946 1003 2988 non
1027 2925 1156 3002 alienos,
1183 2925 1239 2988 sed
1263 2925 1338 2990 fidei
1360 2925 1491 2991 Domini

442 3034 642 3110 domesticos,
658 3056 722 3098 non
744 3034 917 3110 adulteros,
938 3034 994 3098 sed
1016 3033 1078 3098 Dei
1097 3033 1190 3109 filios,
1205 3055 1269 3097 non
1293 3036 1411 3100 erroris
1434 3037 1490 3100 sed

442 3142 565 3221 salutis,
591 3143 730 3222 effeotos,
756 3144 789 3208 in
818 3142 984 3208 eeclesiam
1013 3142 1120 3227 recipi,
1150 3143 1271 3228 absque
1296 3142 1346 3207 Iris
1371 3145 1425 3228 qui
1450 3146 1490 3210 de

441 3254 573 3319 ecelesia
598 3254 708 3320 fideles
732 3255 930 3341 supplantati
953 3255 995 3318 ad
1020 3253 1149 3319 haeresis
1179 3254 1329 3319 tenebras
1353 3254 1490 3317 transie-

443 3372 530 3443 rant,
549 3367 606 3429 sed
626 3389 681 3430 eos
706 3388 763 3451 per
784 3388 898 3430 manus
920 3365 1154 3451 impositionem
1169 3364 1396 3428 restituendos.

395 3487 432 3546 25
486 3475 635 3540 XXIII.
658 3474 753 3538 Alius
767 3475 943 3539 «Ianuarius
957 3498 978 3538 a
994 3474 1072 3538 Vieo
1087 3473 1224 3538 Caesaris
1238 3473 1331 3537 dixit.
1375 3472 1409 3536 Si
1427 3495 1491 3535 non

442 3586 642 3672 obtemperat
665 3609 754 3652 error
774 3586 913 3662 veritati,
938 3586 1039 3650 multo
1064 3584 1166 3670 magis
1189 3584 1306 3649 veritas
1329 3605 1393 3647 non
1417 3604 1491 3647 eon-

440 3697 540 3762 sentit
565 3697 674 3761 errori.
719 3696 765 3761 Et
790 3695 862 3760 ideo
886 3718 945 3760 nos
975 3696 1114 3760 eoolesiae
1143 3694 1337 3770 adsistimus,
1363 3694 1396 3757 in
1426 3717 1490 3778 qua

441 3808 655 3892 praesidemus,
676 3815 714 3872 ut
739 3808 935 3893 baptismum
956 3808 1025 3892 ejus
1048 3807 1107 3892 ipsi
1132 3806 1189 3870 soli
1207 3806 1414 3885 vindicantes,
1435 3828 1490 3871 eos

442 3941 520 4003 quos
535 3919 666 3983 eeclesia
680 3940 744 3982 non
759 3918 935 4002 baptizavit
950 3917 1157 4002 baptizemus.

384 4041 433 4099 30
487 4028 620 4093 XXIV.
653 4028 746 4092 Alius
772 4027 969 4092 Secundinus
997 4049 1019 4091 a
1047 4026 1161 4113 Oarpis
1189 4028 1281 4091 dixit.
1336 4026 1490 4091 Haeretioi

441 4138 605 4203 christiani
622 4149 707 4216 sunt.
722 4160 764 4202 an
780 4141 865 4204 nont
911 4139 945 4202 Si
960 4138 1125 4203 christiani
1140 4144 1227 4214 sunt,
1241 4159 1298 4201 our
1312 4138 1345 4199 in
1360 4135 1491 4201 eeclesia

441 4249 503 4314 Dei
522 4272 586 4313 non
611 4251 707 4314 sunt!
750 4249 784 4313 Si
807 4248 973 4314 christiani
994 4271 1059 4312 non
1082 4254 1170 4322 sunt,
1192 4247 1293 4311 fiant?
1337 4249 1407 4310 Aut
1427 4268 1490 4331 quo

439 4360 611 4446 pertinebit
640 4382 744 4426 senno
770 4361 898 4425 Domini
924 4361 1078 4425 dicentis:
1111 4358 1193 4439 lQui
1218 4379 1278 4421 non
1300 4367 1342 4422 est
1364 4379 1489 4433 memm,

865 4594 872 4632 ι
884 4592 958 4642 uas
968 4592 1011 4641 xe.
1023 4604 1063 4653 30.

486 4703 555 4745 vot..
569 4703 612 4743 111.
962 4703 981 4741 B
