3700 5667
396 678 447 740 IN
471 676 503 740 S.
520 675 758 739 GREGORII
781 676 989 741 NEOCAES.
1006 677 1077 741 ΕΡ.
1093 677 1264 741 CANON.
1307 677 1371 743 275

328 869 359 931 p.
374 863 449 928 447.
463 845 587 910 notavi.
632 845 678 908 Et
699 850 868 929 propterea
890 845 974 929 quod
996 845 1090 928 hujus
1111 844 1253 909 historici
1273 844 1371 909 verba

328 970 399 1012 cum
414 947 577 1010 occasione
592 944 745 1031 epistolae,
761 968 856 1030 quam
871 945 1130 1030 interpretamur,
1141 946 1284 1031 apprime
1297 968 1370 1010 oon-

324 1050 511 1134 j‘unguntur,
531 1048 594 1112 hue
610 1049 722 1112 eadem
742 1048 857 1113 afferre
876 1048 963 1112 haud
981 1048 1149 1132 gravabor.
1189 1050 1317 1129 Βορανοί
1338 1050 1371 1113 δὲ

328 1151 376 1216 καί
396 1152 501 1214 Γότθοι
519 1151 567 1213 καί
585 1149 710 1230 Kapros,
732 1151 779 1212 καί
798 1151 1018 1231 Οῦρουγοῦνδοι
1035 1149 1121 1231 (γένη
1141 1152 1174 1213 δὲ
1192 1154 1285 1213 ταῦτα
1302 1150 1372 1230 περί

327 1255 381 1317 τὸν
391 1251 512 1332 Ἴστρον
527 1253 678 1333 οἰκοῦντα)
694 1250 784 1332 μέρος
798 1252 885 1314 οῦδὲν
899 1255 950 1329 τῆς
962 1249 1094 1317 Ἰταλίας
1106 1247 1126 1330 ἢ
1142 1255 1195 1330 τῆς
1206 1249 1373 1331 Ἰλλυρίδος

328 1354 542 1420 καταλιπόντες
562 1351 692 1432 όδὴωτον
713 1352 874 1426 διετέλουν,
896 1353 1015 1419 οῦδενδς
1036 1352 1252 1432 ἆνθισταμέυου
1273 1351 1373 1417 πόντα

328 1455 544 1533 ἐπινεμόμενοι.
590 1454 716 1534 Βορανοί
742 1457 775 1516 δὲ
798 1455 847 1517 καί
870 1457 920 1532 τῆς
942 1456 984 1520 εἰς
1005 1453 1059 1531 τὴν
1075 1451 1184 1518 Ἀσίαν
1205 1452 1374 1533 διαβόσεως

329 1558 497 1636 ἐπειρῶντο.
520 1555 569 1617 καὶ
582 1557 656 1637 ῥᾷόν
670 1580 707 1635 γε
722 1553 942 1634 κατεπρόξαντο
957 1557 1066 1633 ταύτην
1078 1557 1127 1618 διδ
1140 1561 1199 1618 τῶν
1214 1555 1372 1618 οἰκούντων

328 1655 381 1720 τόν
399 1658 565 1737 Βόσπορον,
582 1656 643 1719 δέει
663 1661 783 1735 μῦλλον
804 1654 822 1734 ἢ
843 1657 945 1737 γνόμῃ
966 1656 1059 1720 πλοῖό
1079 1682 1112 1720 τε
1133 1657 1302 1720 δεδωκότων
1324 1655 1373 1719 καί

328 1757 525 1840 ἡγησαμένων
539 1760 589 1835 τῆς
603 1756 779 1836 διαβάσεως.
805 1758 859 1824 ἕως
871 1761 929 1837 μὲν
943 1761 1000 1839 γδρ
1014 1764 1155 1838 βασιλεῖς
1169 1759 1268 1825 αὐτοῖς
1281 1756 1371 1836 ἦσαν,

328 1867 398 1929 παῖς
423 1864 503 1942 παρὰ
527 1861 645 1942 πατρὸς,
670 1863 859 1944 ἐκδεχόμενοι
884 1861 938 1940 τὴν
964 1861 1069 1945 ἀρχὴν,
1094 1861 1143 1924 διό
1164 1887 1197 1925 τε
1220 1860 1275 1938 τὴν
1297 1858 1372 1940 πρδς

327 1962 487 2041 Ῥωμαίους
510 1964 627 2044 φιλίαν,
651 1963 699 2025 καὶ
722 1963 755 2024 τδ
779 1967 838 2024 τῶν
862 1963 1009 2042 ἰμποριῶν
1035 1962 1235 2041 εῦσύμβολον,
1261 1960 1309 2024 καί
1333 1962 1371 2023 τδ

328 2068 409 2146 παρδ
422 2071 482 2128 τῶν
494 2064 651 2144 βασιλέων
666 2064 765 2131 atron
780 2064 862 2131 ἔτους
878 2063 1004 2127 έκόστου
1018 2065 1193 2143 πεμπόμενα
1207 2070 1294 2144 δῶρα,
1311 2067 1369 2125 διε-

329 2167 436 2231 τέλουν
460 2169 607 2249 εἴργοντες
633 2168 682 2230 ἐπὶ
705 2166 758 2244 τὴν
779 2165 889 2229 Ἀσίαν
912 2170 1052 2244 διαβῆναι
1075 2166 1279 2245 βουλομένους
1305 2164 1372 2230 τοὺς

329 2271 453 2335 Σκύθας.
484 2270 549 2332 έπεί
572 2272 604 2332 δὲ
629 2273 682 2332 τοῦ
705 2271 866 2347 βασιλικοῦ
892 2266 997 2349 γένους
1019 2267 1234 2348 διαφθαρέντος
1256 2266 1372 2344 δυαξίοι

329 2372 406 2436 τινίς
429 2372 477 2433 καὶ
501 2369 711 2452 θπεῤῥιμμένοι
733 2373 785 2447 τῆς
807 2370 966 2450 ἡγεμονίας
988 2367 1175 2447 κατέστησαν
1197 2368 1298 2448 κύριοι,
1322 2371 1370 2431 δε-

329 2475 422 2538 διότες
442 2472 491 2553 ἐφ’
507 2474 631 2545 ἑαυτοῖς,
647 2472 701 2550 τὴν
721 2473 769 2534 διδ
788 2474 840 2533 τοῦ
855 2472 1011 2551 Βοσπόρου
1028 2477 1090 2537 τοῖς
1109 2471 1235 2536 Σκύθαις
1252 2470 1301 2533 ort
1315 2468 1370 2548 τὴν

329 2575 437 2637 Ἀσίαν
455 2574 599 2638 δεδύκασι
619 2572 759 2654 πόροδον,
775 2575 892 2640 πλοίοις
910 2572 1014 2638 αὐτοὺς
1033 2572 1151 2637 οἰκείοις
1169 2571 1371 2650 διαβιβόσανι,

329 2699 386 2744 τες·
420 2678 440 2741 t
463 2678 558 2742 πόλιν
582 2678 789 2756 ἀναλαβόντες
815 2677 1011 2758 θνεχιύρησαν
1036 2673 1081 2738 ἐπ’
1107 2676 1200 2738 οἰκον.
1240 2678 1310 2736 Τῶν
1334 2673 1368 2736 δδ

330 2785 451 2843 Σκυθῶν
473 2782 511 2842 τδ
534 2781 567 2842 ἐν
590 2781 662 2843 ποσί
685 2776 783 2842 πάντα
804 2777 996 2857 ληιζομένων,
1017 2778 1046 2840 οἰ
1067 2778 1124 2856 μὲν
1144 2776 1198 2854 τὴν
1218 2774 1370 2855 παραλίαν

329 2885 478 2948 οἰκοῦντες
496 2887 548 2945 τοῦ
566 2883 686 2945 Πόντου
703 2881 775 2962 πρδς
795 2884 830 2945 τδ
847 2882 991 2961 μεσόγεια
1006 2879 1054 2942 καί
1071 2878 1244 2960 ὀχυρύτατα
1257 2874 1371 2958 ἀνεχαί-

329 3006 409 3062 ρουν·
431 2985 461 3046 οἰ
475 2985 507 3046 δί
521 2983 671 3064 βάρβαροι
685 2987 725 3068 τῷ
739 2986 897 3047 Πιτυοῦντι
911 2980 968 3044 &c
1014 2982 1096 3044 Haeo
1115 2979 1261 3042 Zosimus
1280 2977 1335 3042 lib.
1349 2976 1370 3040 i.

330 3085 416 3149 Hert.
432 3108 463 3170 p.
481 3086 531 3148 28.
547 3086 597 3149 ed.
611 3084 714 3148 Onon.
759 3084 907 3149 Getenrm
925 3082 1063 3148 Oanonis
1083 3081 1175 3165 hujus
1189 3079 1281 3144 initio
1295 3086 1371 3143 πολ-

328 3188 379 3249 λοὶ
395 3208 453 3270 pro
468 3188 558 3250 ἄλλοι
571 3187 692 3251 habeut
707 3186 874 3250 Pedalium
891 3192 925 3248 et
940 3184 1066 3268 θγθορο,
1081 3183 1115 3246 in
1133 3182 1247 3267 quibus
1266 3181 1372 3247 αὐτοὺς

330 3309 388 3372 pro
403 3289 502 3354 αὐτοῖς
516 3287 600 3350 sicut'
613 3286 646 3349 in
660 3286 805 3371 Gregorii
820 3285 1021 3361 editionibus,
1036 3290 1137 3347 extat.
1175 3281 1248 3345 Hoc
1262 3289 1371 3344 tamen

331 3388 434 3454 αὐτοὺς
449 3409 520 3451 eum
539 3388 641 3450 altero
662 3390 761 3454 αὐτοῖς
778 3386 979 3451 θουοίθίοτντι
993 3391 1027 3448 et
1040 3383 1175 3447 codicum
1193 3382 1373 3466 seriptomm

330 3488 465 3553 lectione
481 3495 687 3552 mutaveram.

375 3591 412 3652 Ρ.
428 3590 498 3655 262.
515 3588 535 3652 l.
547 3591 575 3652 6.
595 3592 632 3652 τὰ
646 3588 793 3674 πολέμου]
811 3589 867 3652 Ita
881 3585 1043 3651 indefinite
1057 3585 1143 3649 οοθθ.
1158 3584 1375 3668 comptiorem

332 3697 450 3775 praeter
464 3711 561 3752 unum
579 3705 651 3774 205.
667 3688 909 3773 edit.·principis
926 3686 1092 3751 lectionem
1110 3687 1286 3761 firmantes,
1300 3683 1377 3748 dum

332 3799 446 3855 oeterae
469 3794 505 3854 τὸ
527 3796 579 3854 τοῦ
601 3792 734 3870 πολέμου
755 3791 885 3856 habent.
925 3791 1067 3853 Praestat
1088 3792 1125 3853 τὰ
1146 3794 1205 3851 τῶν
1226 3786 1377 3865 πολεμίων

333 3893 512 3957 Pedalium.

375 3994 459 4058 Ibid.
486 3994 507 4056 l.
532 3995 564 4056 8.
596 3995 795 4077 ουγγέροντα]
826 3995 900 4057 Ηαο
924 3992 1137 4078 appellatione
1164 3990 1256 4054 nixus
1281 3987 1375 4051 Tille-

329 4095 468 4158 montius
488 4094 707 4179 presbyterum
722 4095 969 4179 Euphrosynum
985 4093 1081 4157 fnisse
1100 4090 1216 4156 statuit
1230 4089 1263 4152 in
1279 4090 1377 4155 Mem..

329 4195 416 4259 Erat.
434 4194 501 4258 Vit.
519 4196 550 4258 S.
567 4195 725 4280 Gregorii.
744 4195 819 4259 Art.
840 4213 888 4259 12.
919 4196 1002 4259 Vere
1022 4196 1166 4259 fortasse.
1196 4191 1331 4262 Contra,
1346 4185 1375 4255 si

330 4296 531 4382 Euphrosyni
543 4303 632 4373 aetas,
643 4318 705 4363 non
719 4295 864 4372 officium,
876 4296 928 4361 hic
942 4304 1115 4382 spectatur,
1129 4293 1202 4375 (etsi
1213 4291 1265 4355 vix
1277 4309 1373 4352 senex

327 4399 395 4481 jam
409 4398 513 4462 factus
528 4420 596 4461 esse
611 4398 678 4481 ipse
693 4396 820 4482 quidem
834 4398 1007 4483 Gregorius
1023 4397 1191 4472 videbitur,
1206 4393 1233 4458 si
1248 4399 1374 4474 tempus

331 4499 516 4585 irruptionis
534 4498 725 4573 Gothorum,
742 4505 776 4563 et
791 4498 946 4582 juveniles
963 4521 1062 4563 annos
1080 4499 1147 4584 ejus
1164 4495 1293 4581 cogites,
1310 4511 1374 4574 quo

332 4607 474 4685 tempore
504 4599 674 4686 Origenem
703 4599 890 4681 laudasset)
917 4601 1148 4665 advertendum
1178 4605 1286 4661 tamen
1315 4597 1377 4668 est,

809 4725 830 4764 N
845 4722 867 4765 n
883 4722 901 4766 2
