3700 5667
506 671 557 734 IN
582 672 815 736 SYNODUM
842 673 1214 737 ANTIOCHENAM.
1316 675 1377 737 321

283 897 285 901 ,
337 841 503 926 epistolam
518 864 586 906 esse
602 849 727 914 censet;
752 865 815 927 qua
837 843 964 928 quidem
986 843 1018 906 in
1040 866 1075 907 re
1096 866 1147 909 me
1169 844 1228 906 sibi
1248 865 1379 911 consen·

337 945 469 1009 tientem
496 945 602 1008 babet.
647 945 728 1009 (lum
753 967 826 1009 vero
852 945 899 1009 vir
925 944 1126 1010 doctissimus
1151 945 1301 1008 instituta
1325 946 1380 1011 ad-

337 1069 444 1111 versus
465 1046 518 1124 τὴν
540 1048 719 1127 γνησιότητα
736 1047 849 1110 burum
863 1045 1028 1111 literarum
1043 1047 1268 1131 disputatione,
1284 1069 1380 1131 quam

336 1149 522 1212 adverbum
543 1148 688 1232 repetivit
708 1148 883 1233 Lumperus
904 1149 939 1212 in
959 1150 1101 1212 Historia
1121 1149 1379 1233 Ttaupicocrit.

337 1250 396 1314 vol.
413 1249 477 1312 xiii.
500 1273 530 1334 p.
548 1270 620 1330 7¹1·
643 1250 727 1314 inter
750 1251 814 1314 alia
834 1259 1024 1336 argumenta
1046 1251 1243 1315 extrinsecus
1266 1251 1378 1334 petita,

337 1374 470 1436 quaequo
492 1352 568 1415 mibi
594 1352 722 1436 quidem
745 1353 809 1417 cito
832 1376 869 1418 nc
893 1354 984 1417 facile
1008 1353 1157 1417 diluenda
1180 1353 1381 1430 videbantur,

337 1455 451 1517 hocin
473 1455 638 1538 epistolam
661 1457 855 1540 opposuerit,
875 1456 1006 1542 privatis
1029 1478 1091 1519 non
1112 1455 1205 1519 licere
1227 1455 1381 1541 episcopis

337 1555 431 1618 editae
457 1556 660 1619 consessionis
685 1557 949 1642 subscriptionem
972 1566 1030 1623 aut
1053 1557 1288 1644 responsionem
1311 1561 1381 1626 An·

337 1656 484 1720 tiocheno
505 1658 662 1742 imperare
682 1659 808 1743 praesuli
819 1684 828 1735 ;
850 1660 923 1724 huic
944 1682 1069 1744 quoque
1091 1668 1280 1745 argumento
1302 1659 1382 1724 sutis

337 1757 405 1821 lieri
420 1782 512 1843 posse
532 1782 603 1825 uren
622 1768 672 1825 est
691 1763 861 1827 sententie.
906 1764 1011 1843 Quum
1031 1762 1124 1836 enim,
1141 1768 1222 1826 teste
1242 1760 1381 1826 Eusebio

337 1882 434 1944 supra
456 1861 566 1938 allato,
586 1862 687 1926 multa
707 1862 820 1928 habita
841 1862 960 1927 fuerint
982 1862 1015 1925 in
1036 1863 1096 1925 hac
1120 1883 1216 1930 cansa
1238 1861 1381 1940 eoncilia,

337 1961 631 2051 disputationesque
660 1971 694 2028 et
724 1964 915 2048 quaestiones
947 1965 980 2029 iu
1012 1985 1202 2047 unoquoque
1234 1984 1381 2028 consessu

336 2064 518 2148 frequentor
543 2065 687 2150 ugitatoe,
710 2066 791 2130 hanc
814 2066 982 2150 epistolum
1007 2066 1107 2130 amice
1131 2086 1194 2128 non
1216 2064 1382 2149 imperiose

336 2163 488 2247 scriptam
510 2172 583 2248 post
604 2164 733 2248 aliquod
755 2165 944 2249 colloquium
966 2166 1094 2229 missam
1115 2165 1211 2230 luisse
1232 2165 1381 2244 dicerem,

337 2266 500 2350 aliquanto
519 2277 596 2332 aute
618 2269 708 2332 Pauli
730 2269 969 2353 depositionem,
988 2278 1022 2335 et
1041 2276 1214 2352 autequam
1234 2267 1380 2354 versipel-

337 2367 375 2435 lis
403 2368 538 2432 hominis
565 2370 680 2434 occulti
710 2393 821 2434 sensus
847 2370 1037 2455 fraudesque
1061 2393 1082 2435 a
1111 2370 1301 2446 Malchione,
1326 2371 1380 2455 qui

337 2470 421 2533 solus
441 2471 473 2533 id
492 2471 608 2554 potuit,
625 2472 743 2536 detecti
757 2487 874 2536 essent.
920 2472 1139 2537 Veruntamen
1154 2472 1186 2534 in
1201 2470 1306 2545 titulo,
1322 2470 1380 2534 ὑπὸ

336 2578 395 2635 τῶν
413 2575 579 2652 ὀρθοδόξων
599 2576 778 2647 ἐπισκόπων,
798 2581 878 2651 tota,
893 2574 1007 2652 fateor,
1025 2575 1164 2660 synodus
1183 2573 1379 2657 designatur,

337 2674 392 2738 sed
408 2675 447 2738 de
463 2675 557 2739 titulo
572 2676 694 2740 interea
709 2676 823 2743 viderit
838 2678 905 2761 eJus
920 2685 1042 2743 auctor.

381 2777 426 2841 Et
441 2778 466 2841 si
483 2778 552 2861 quis
567 2786 697 2862 propter
711 2778 823 2842 hurum
837 2779 1000 2844 literamm
1015 2779 1255 2857 conclusionem,
1269 2779 1301 2841 in
1316 2799 1380 2863 qua

338 2880 377 2942 de
395 2880 508 2943 unione
525 2889 713 2945 naturarum
729 2879 849 2945 Christi
867 2884 985 2968 agitur,
1001 2883 1128 2947 eusdem
1143 2882 1249 2967 potius
1267 2888 1380 2945 contra

338 2980 543 3045 Nestorianos
565 2978 760 3067 conscriptas
781 2984 876 3048 fuisse
898 2985 1086 3069 suspicatur,
1108 2982 1286 3048 meminisse
1307 3004 1379 3046 eum

337 3085 508 3168 oportebit,
525 3086 660 3150 Paulum
678 3109 802 3171 quoque
826 3089 1067 3152 Samosntenum
1089 3087 1131 3151 ad
1153 3108 1296 3150 normam
1316 3087 1381 3151 hae-

336 3187 414 3249 resis
437 3209 502 3250 suae
525 3187 630 3251 Deum
653 3190 694 3252 nb
717 3189 843 3254 homine
865 3190 993 3254 Christo
1015 3211 1188 3273 separasse.
1234 3189 1318 3252 Nam
1343 3196 1380 3254 ut

337 3288 400 3363 illu,
417 3312 487 3373 quae
506 3290 538 3352 in
564 3291 752 3354 Malchionis
773 3301 807 3355 et
829 3291 923 3355 Pauli
942 3293 1134 3376 Ἐλορυιουιὶι
1154 3298 1226 3376 post
1246 3313 1379 3374 sequun-

338 3399 402 3468 tur,
425 3400 560 3467 tuceam,
586 3392 628 3455 ad
654 3393 736 3455 hunc
762 3392 903 3476 epistolae
928 3402 1053 3477 partem
1078 3391 1299 3456 illustrandam
1325 3413 1381 3474 ap·

338 3492 437 3576 prime
452 3494 528 3558 facit
545 3494 704 3579 Ephraemi
722 3495 914 3558 Antiocheni
934 3495 1020 3558 locus
1039 3495 1125 3579 opud
1142 3493 1292 3557 Photium
1309 3493 1381 3556 cod.

338 3618 461 3659 ccxxix.
477 3598 580 3660 Εἰπὼν
598 3598 755 3678 μέντοιγε
775 3601 791 3659 ό
813 3599 984 3664 πολύαθλος
996 3596 1178 3662 Ἀθανόσιος
1200 3597 1293 3677 φύσιν
1310 3595 1382 3674 μίαν

338 3702 390 3759 τοῦ
418 3704 498 3762 Θεοῦ
524 3701 617 3779 λόγου
643 3698 883 3780 σεσαρκωμένην·
919 3700 971 3762 οὐκ
997 3702 1039 3766 εἷς
1065 3700 1220 3780 ἀναίρεσιν
1245 3697 1304 3777 ἔφη
1330 3702 1382 3758 τοῦ

339 3802 531 3881 γνωρίζεσθαι
550 3800 605 3878 τὴν
624 3805 771 3883 διαφορὰν
791 3808 849 3865 τῶν
872 3803 1004 3882 φύσεων,
1021 3801 1052 3865 nl
1070 3801 1123 3879 τὴν
1139 3799 1202 3864 καθ’
1218 3801 1384 3862 ὑπόστασιν

340 3901 488 3983 ἐπλήρουν
511 3903 629 3976 ἕνωσιν,
654 3905 736 3966 ἀλλὰ
762 3905 810 3967 καὶ
834 3904 920 3970 αὐτὸς
943 3902 1038 3981 δεῖξαι
1060 3905 1255 3983 βουλόμενος,
1280 3903 1319 3967 ὧς
1342 3902 1385 3967 εἶς

339 4004 423 4065 ἐστὶν
433 4006 449 4064 ὁ
461 4003 524 4069 υἱὸς
537 4005 765 4085 σεσαρκωμένος
780 4006 828 4068 καὶ
844 4005 1082 4085 ἔνανθρωπήσας·
1102 4005 1149 4068 καὶ
1163 4004 1296 4084 μόλιστα
1311 4004 1385 4064 κατὰ

340 4106 464 4168 Παύλου
483 4111 535 4168 rori
552 4106 752 4186 Σαμοσατέως
772 4109 996 4187 ἀγωνιζόμενος·
1026 4106 1058 4173 ὃς
1079 4108 1176 4170 ἄλλον
1190 4108 1245 4183 μὲν
1261 4104 1315 4165 τὸν
1328 4102 1386 4182 πρὸ

338 4209 453 4270 αἰώνων
471 4210 549 4280 υἱὸν,
572 4206 676 4288 ἕτερον
696 4211 728 4271 δὲ
750 4208 804 4271 τὸν
827 4207 871 4270 ἐπ’
893 4209 1032 4290 ἐσχάτων
1053 4211 1277 4288 φρενοβλαβῶι
1299 4205 1383 4282 ἐδογ-

338 4309 447 4386 μάτιζε.
463 4333 496 4394 p.
515 4312 587 4374 812.
613 4310 665 4374 lta
685 4321 719 4374 et
739 4310 883 4375 Oedreno
902 4311 988 4372 Hict.
1010 4308 1167 4393 Οοιυροαό.
1188 4331 1219 4392 p.
1242 4310 1315 4369 260.
1336 4303 1385 4371 ed.

340 4410 442 4475 Paris.
463 4436 493 4497 p.
512 4433 585 4491 214.
602 4414 652 4476 ed.
670 4412 840 4499 Xylnndri,
860 4412 950 4476 Pauli
970 4411 1133 4496 opiniones
1152 4409 1299 4473 videntur
1318 4427 1386 4469 esse

341 4516 371 4576 al
384 4521 497 4595 πρῶται
512 4516 587 4593 φυαὶ
600 4520 654 4577 τοῦ
667 4516 739 4594 μίαν
750 4516 844 4594 φύσιν
860 4515 907 4577 καὶ
921 4517 975 4580 τὰς
989 4518 1041 4577 δύο
1057 4519 1150 4578 κακῶς
1166 4513 1213 4574 καὶ
1229 4507 1388 4588 δυσφόρως

342 4616 390 4679 ἐπὶ
405 4620 526 4700 Χριστῷ
542 4616 697 4696 λέγεσθαι,
714 4616 774 4679 hoc
788 4624 848 4688 ost,
861 4625 897 4679 ut
912 4623 986 4699 post
1000 4613 1148 4700 liquidius
1163 4611 1321 4687 scribitur,
1336 4614 1389 4673 τοῦ

384 4741 454 4784 ναι.
468 4741 513 4780 ιιι.
849 4725 897 4780 rt
