3700 5667
478 675 543 743 206
812 674 1190 740 ANNOTATIONES

478 847 558 913 loco.
601 849 655 912 De
673 846 768 932 hujus
787 846 875 911 urbis
897 846 1046 931 episcopo
1067 845 1188 911 mentio
1206 845 1345 910 habetur
1364 846 1397 910 in
1420 847 1527 912 collat.

478 948 632 1036 carthag.
662 949 794 1013 annns.
839 949 880 1011 In
905 947 1068 1035 provincia
1093 955 1144 1013 est
1167 948 1240 1026 sito,
1266 970 1338 1032 qnae
1362 949 1530 1035 Byzacena
1569 957 1571 962 ’

479 1055 566 1121 diota
589 1061 647 1120 est.
693 1053 865 1119 Mor-uellus
885 1052 919 1115 in
940 1053 1060 1136 Africo
1081 1052 1269 1130 Christiano,
1288 1052 1347 1116 vol.
1364 1052 1383 1117 i.
1404 1076 1436 1138 p.
1456 1074 1528 1117 111.

481 1157 733 1243 “Episcopatus
755 1156 808 1220 hie
826 1155 869 1220 ad
889 1154 1047 1220 coloniam
1065 1154 1217 1239 pertinet,
1238 1175 1310 1240 quse
1331 1154 1439 1220 Bisica
1461 1157 1528 1220 Lu-

480 1268 502 1300 “
516 1282 597 1325 cana
611 1259 787 1338 dicebatur,
802 1266 837 1323 et
850 1258 925 1323 inde
940 1257 1140 1321 Buslscensis
1154 1257 1284 1322 evasit.”

523 1362 561 1426 P.
580 1361 689 1427 128.1.
709 1381 758 1440 14·
782 1361 824 1426 ab
844 1359 972 1446 Aggya]
993 1359 1128 1423 Videtur
1149 1380 1219 1423 esse
1238 1357 1378 1445 Aggiva,
1401 1358 1442 1422 de
1463 1379 1528 1444 qua

478 1463 616 1528 hebetur
636 1463 757 1528 montio
778 1462 812 1526 in
835 1461 951 1527 Collat.
975 1459 1128 1547 Carthag.
1160 1461 1290 1524 annus
1334 1461 1408 1524 Mu.
1431 1470 1529 1525 cosm

478 1566 640 1644 Abechia,
653 1567 738 1631 unde
752 1564 910 1631 incertum
928 1585 970 1628 an
989 1585 1011 1628 a
1024 1563 1155 1641 Bachia,
1170 1584 1212 1627 au
1233 1563 1276 1627 ab
1292 1561 1407 1640 thie,
1423 1562 1527 1649 legen·

478 1669 554 1734 dum
570 1669 622 1734 sit.
645 1669 848 1733 Hannumus.
892 1666 957 1730 Hic
972 1666 1081 1751 reponi
1096 1673 1204 1751 potest
1218 1664 1304 1730 habet
1317 1687 1376 1751 pro
1390 1664 1528 1730 Masis

479 1792 520 1836 ex
534 1770 719 1856 Augustino
733 1776 767 1835 et
782 1767 942 1855 Cypriani,
958 1767 1072 1853 quibus
1087 1776 1170 1846 utor,
1186 1767 1323 1853 scriptis.

522 1873 605 1938 Ibid.
620 1871 641 1937 l.
659 1892 711 1958 23.
733 1871 827 1938 Alius
847 1870 974 1956 Victor]
997 1871 1180 1954 Couscuoric
1198 1871 1295 1937 titulo
1314 1878 1457 1947 umatus,
1472 1870 1528 1935 ubi

478 1995 584 2060 supra.
629 1973 780 2040 (ictorum
798 1979 893 2038 notat
908 1971 1108 2050 Hardninns,
1123 1972 1206 2036 hano
1224 1994 1294 2037 esse
1308 1971 1454 2049 Tenacis‚
1472 1972 1526 2056 qui

477 2075 650 2162 praecessit,
671 2075 863 2140 sententiam
885 2074 919 2138 in
939 2075 1016 2139 Mu.
1038 2074 1198 2139 &cisium
1218 2097 1292 2153 suu,
1314 2074 1462 2159 illamque
1483 2073 1527 2137 ri·

478 2179 582 2244 cissim
594 2200 663 2243 esse
674 2178 770 2263 hujus
779 2177 927 2242 Victoris.
952 2177 1066 2242 Adduo
1077 2199 1176 2241 unum
1186 2179 1227 2242 de
1237 2177 1371 2243 Pamelii
1382 2175 1525 2255 MSStis,

477 2288 511 2358 et
526 2279 612 2343 Novi
626 2278 705 2345 0011.
723 2277 800 2344 cod.
818 2296 846 2341 2.
863 2286 897 2341 et
911 2285 1083 2363 utmmqne
1098 2301 1211 2343 meum.

521 2381 604 2445 Ibid.
619 2381 640 2444 l.
658 2382 710 2444 26.
731 2379 864 2445 ecclesia
885 2401 950 2444 non
971 2383 1033 2464 est]
1055 2380 1104 2445 Ut
1126 2381 1158 2444 in
1181 2380 1336 2467 superiori
1359 2380 1526 2468 Suffragio.

478 2485 683 2568 Quapropter
704 2480 847 2545 voculam
871 2502 936 2545 ccco
961 2488 1035 2567 post
1059 2483 1191 2557 cocleas
1216 2505 1313 2569 quem
1334 2483 1436 2548 nescit
1458 2486 1528 2548 An-

477 2584 633 2673 gustinus,
645 2582 720 2648 hino
735 2582 922 2669 ejiciendam
937 2584 1053 2649 censui.
1084 2587 1115 2648 N
1118 2607 1179 2650 uno
1192 2586 1395 2651 firmantibus
1408 2587 1527 2651 nostris

478 2686 651 2752 codicibus.

521 2789 604 2853 Ibid.
621 2788 641 2853 l.
659 2804 711 2870 27.
733 2787 914 2854 Donatulus
935 2788 1086 2874 aOupsa]
1109 2797 1128 2828 “
1143 2790 1216 2854 Non
1231 2791 1363 2855 dubium
1378 2797 1437 2868 est,
1454 2790 1527 2856 huic

479 2892 575 2975 “ipsi
598 2890 751 2976 scriptam
772 2912 841 2955 esse
862 2891 1031 2975 epistolam
1052 2893 1150 2978 (epist.
1165 2912 1218 2978 53.
1240 2894 1286 2957 od
1305 2895 1524 2976 Fortunatam)

478 3003 500 3033 ‘⁴
515 2994 606 3080 cujus
627 2999 677 3057 est
696 3000 919 3078 argumentum
934 2996 983 3057 Dc
997 2994 1048 3072 iis,
1063 2996 1117 3079 qui
1130 3017 1192 3079 per
1213 3005 1359 3059 tormento
1379 3017 1525 3080 superou-

479 3101 501 3134 “
516 3105 579 3172 tur,
593 3095 626 3158 in
648 3095 717 3180 ipso
736 3094 820 3158 enim
841 3095 972 3158 exordio
992 3103 1026 3159 et
1041 3094 1222 3160 Donatulus
1243 3118 1314 3161 cum
1332 3097 1402 3160 aliis
1419 3098 1526 3181 appel·

479 3205 501 3240 “
514 3197 610 3278 latur,
626 3207 660 3264 et
675 3197 843 3283 capsensis
858 3196 995 3261 civitatis
1010 3196 1048 3261 fit
1062 3198 1215 3261 menti0.’'
1253 3199 1396 3264 Moroelli
1412 3201 1526 3283 Africa

480 3299 668 3378 Christiana,
684 3300 744 3364 vol.
760 3299 783 3362 i.
799 3321 830 3384 p.
846 3318 917 3383 119.

522 3400 604 3466 Ibid.
620 3403 640 3467 l.
656 3423 708 3488 30.
730 3402 880 3487 Vemlus]
898 3402 1029 3486 Martyr
1048 3401 1084 3466 dc
1104 3400 1301 3466 suiumoticis
1321 3401 1445 3466 Veratius
1465 3402 1526 3486 (sic

479 3503 560 3567 Felli
575 3504 770 3588 aliorumque
785 3505 883 3589 edu).
911 3505 972 3583 Eo,
986 3511 1024 3568 ut
1034 3503 1169 3581 videtur,
1181 3504 1329 3589 loquendi
1343 3526 1459 3588 genere
1470 3527 1526 3589 po-

478 3604 587 3680 situm,
602 3627 666 3688 quo
681 3605 800 3669 dicitur
815 3605 876 3689 Ep.
891 3604 956 3667 xlii.
972 3607 1119 3690 Repertus
1133 3607 1170 3671 de
1184 3606 1360 3671 uctmmbm.
1393 3609 1526 3672 Venulus

478 3706 543 3770 scil.
560 3707 714 3790 martyrio
728 3706 854 3784 nobilis,
870 3706 945 3770 licet
960 3707 1034 3770 olim
1049 3708 1276 3774 schismaticus.
1310 3711 1414 3795 Supra
1427 3711 1525 3774 uduo

478 3814 583 3873 tatum
598 3808 700 3892 elogia
715 3809 782 3872 haec
802 3808 910 3881 omnia
930 3808 963 3871 in
978 3808 1135 3894 plerisque
1156 3812 1388 3897 exemplaribus
1408 3813 1524 3879 omitti.

479 3907 609 3973 Fsrnus.

522 4011 607 4075 Ibid.
626 4012 647 4076 l.
662 4032 716 4098 31.
739 4015 841 4079 multo
864 4015 966 4100 magis
988 4015 1208 4083 schismaticus
1227 4018 1298 4104 δια]
1323 4020 1378 4082 Ita
1399 4039 1528 4102 respon·

477 4116 533 4180 det
546 4115 767 4200 Augustinus:
791 4119 867 4180 June
885 4117 1066 4181 ostendimus
1084 4141 1130 4182 cos
1142 4120 1261 4197 lichene,
1275 4122 1349 4205 quio
1363 4142 1420 4184 croc
1437 4121 1528 4184 uricit-

478 4227 545 4281 tuut
563 4239 631 4281 cum
646 4220 806 4291 recoctum
830 4239 889 4281 coc
909 4219 991 4282 cuim
1013 4219 1166 4305 rccipiunt
1185 4244 1253 4285 cum
1274 4223 1406 4286 redeunt.
1452 4221 1530 4285 Pro

478 4318 567 4383 butio
585 4328 691 4384 estex
709 4320 848 4404 ipsorum
864 4320 1090 4397 Africanorum
1105 4324 1209 4407 praxi,
1224 4346 1295 4387 cum
1312 4346 1374 4387 non
1389 4323 1528 4407 rebapti-

478 4431 588 4486 zarent
612 4423 781 4487 redeuntes
801 4422 843 4486 ab
863 4423 986 4502 haeresi,
1010 4424 1117 4510 quiin
1140 4424 1261 4490 ecclesio
1285 4426 1419 4490 inissent
1436 4424 1524 4510 prius

478 4522 643 4607 baptizati.

520 4626 557 4687 P.
577 4642 646 4708 129.
662 4626 680 4690 l.
703 4647 729 4689 1.
747 4635 783 4691 nt
797 4629 999 4716 sustinerem]
1020 4632 1243 4716 Expectarem.
1265 4632 1395 4696 Pariter
1411 4631 1521 4693 Victor
