3700 5667
494 666 537 727 58
834 658 1212 722 ANNOTATIONES

495 850 554 893 nou
569 828 616 892 ila
630 847 676 891 res
690 834 741 903 est,
756 835 791 889 ul
804 826 849 890 ed
869 836 896 890 le
914 825 1043 911 pertulit
1064 848 1169 888 rumor
1183 836 1209 889 et
1229 826 1420 889 essedarium
1437 826 1547 911 malie*

494 952 613 996 acreio.
624 929 827 993 ...fredolo
839 927 907 991 illic
921 950 988 990 cum
1003 928 1118 1012 eollepis
1129 929 1273 1012 plurimis
1286 926 1386 990 labile
1399 938 1549 1012 susceptus

494 1044 536 1098 est
555 1031 747 1116 Trophimae,
762 1052 824 1115 pro
839 1052 895 1115 quo
909 1030 1114 1113 calefaciebat
1125 1032 1269 1113 fratrum
1287 1030 1402 1092 reditus
1421 1040 1447 1092 el
1462 1033 1547 1094 rosti-

495 1144 563 1198 tuto
577 1133 738 1196 inultorum
751 1131 843 1196 salus.
889 1133 944 1195 Sic
958 1141 1056 1195 lemen
1076 1141 1224 1215 srisceplus
1244 1140 1284 1193 est
1304 1131 1498 1214 Trophimae,
1514 1139 1548 1195 ut

496 1234 595 1299 hierus
617 1236 817 1308 comrnunirrt,
846 1256 905 1298 ocu
929 1234 1091 1298 secandum
1115 1234 1196 1318 quod
1221 1233 1266 1297 cd
1294 1243 1320 1296 le
1345 1233 1548 1317 irrelipnorom

497 1336 607 1401 littere
628 1336 831 1421 pertulerunt,
859 1336 947 1420 quasi
971 1335 1066 1399 locum
1089 1335 1249 1397 sacerdotii
1277 1344 1408 1418 usurpet.
1467 1334 1547 1398 Haec

496 1446 605 1502 autem
625 1438 751 1521 aliaque
766 1436 916 1521 Cypriani
940 1438 978 1500 de
995 1436 1159 1522 Trophimi
1182 1436 1362 1520 receptione
1377 1438 1473 1500 verba
1492 1439 1546 1521 qui

497 1536 717 1623 expenderint,
740 1539 976 1624 deprehendent
1004 1554 1043 1600 1⁰.
1069 1537 1275 1622 Trophimum
1300 1537 1547 1602 sacrificantium

496 1640 569 1704 labe
590 1640 685 1704 luisse
704 1642 902 1725 adspersum,
920 1653 963 1704 2⁰.
980 1662 1052 1704 eum
1073 1641 1115 1702 ad
1136 1639 1299 1703 ecclesiam
1322 1640 1451 1703 rediisse
1474 1663 1547 1704 cum

497 1742 638 1806 maximo
654 1744 787 1808 fratrum
805 1765 949 1820 numero,
963 1743 1017 1829 qui
1034 1764 1131 1805 ornnes
1152 1743 1316 1826 repressori
1335 1742 1380 1804 ad
1394 1742 1546 1805 ecclesiam

496 1864 555 1907 nort
570 1854 675 1920 essert,
686 1847 748 1909 ursi
762 1868 830 1909 eum
845 1846 1014 1930 Trophimo,
1026 1845 1069 1930 3⁰.
1087 1866 1159 1908 eum
1170 1867 1190 1908 a
1201 1843 1348 1907 Cornelio
1364 1855 1546 1929 susceptum

497 1968 565 2010 esse
595 1954 739 2011 tractatu
769 1955 844 2012 ante
868 1949 980 2012 habito
1006 1970 1069 2009 non
1095 1968 1166 2009 curn
1190 1946 1280 2030 plebe
1304 1967 1370 2021 sua,
1396 1947 1546 2029 quomad-

500 2049 629 2111 modum
650 2050 682 2112 in
698 2051 891 2114 ordinatoris
907 2050 1077 2113 Novatiani
1098 2047 1277 2131 receptione
1292 2056 1399 2110 actum
1414 2055 1476 2124 est,
1490 2049 1546 2111 sed

500 2172 567 2215 mint
592 2152 707 2236 callepio
730 2152 890 2236 plurim—is,
915 2152 976 2215 hoc
1005 2159 1054 2214 est
1084 2150 1116 2212 in
1141 2149 1296 2233 frequenti
1327 2148 1547 2233 episcoporum

497 2252 650 2327 concilio;
682 2250 818 2336 indeque
836 2253 1033 2316 mendaciter
1054 2251 1250 2335 divulgatum
1271 2273 1350 2326 esse,
1366 2251 1546 2314 Cornelium

497 2375 569 2417 cum
585 2348 836 2417 sacrificantibus
848 2354 1092 2430 communicare,
1102 2364 1135 2417 et
1148 2354 1320 2437 Trophimo
1336 2354 1429 2437 hujus
1445 2353 1547 2417 crimi-

497 2456 546 2519 nis
561 2477 616 2518 reo
631 2455 799 2540 pristinum
811 2456 981 2519 sacerdotii
993 2457 1095 2519 locum
1111 2456 1292 2519 reddidisse.
1332 2456 1365 2519 Si
1382 2456 1478 2520 etiam
1494 2478 1547 2518 ex-

497 2557 656 2621 cutiamus
665 2557 718 2640 qui
729 2558 847 2621 fuerint
861 2557 905 2622 illi
920 2557 1058 2643 malique,
1072 2580 1206 2642 quorum
1218 2558 1326 2620 litteris
1335 2567 1368 2621 et
1377 2557 1547 2622 munoribus

498 2657 567 2721 haeo
591 2658 756 2721 mendacia
779 2666 852 2722 sata
875 2667 962 2736 sunt,
982 2681 1046 2722 non
1069 2660 1122 2724 alii
1147 2659 1280 2722 forsitan
1305 2657 1504 2723 invenientur
1527 2683 1548 2724 a

498 2758 688 2834 Novatiano‚
706 2760 795 2845 cujus
809 2761 925 2825 litteris
941 2769 1117 2824 commotus
1133 2761 1337 2824 Antonianus
1352 2761 1546 2845 Cyprianum

497 2862 537 2924 dc
561 2861 740 2944 hujusmodi
766 2862 938 2925 mendaciis
963 2862 1182 2946 interrogavit.
1239 2862 1364 2925 Horum
1388 2871 1474 2926 certe
1499 2862 1546 2926 uel

497 2961 703 3039 Novatianus,
720 2963 768 3026 vol
790 2961 866 3026 socii
889 2964 957 3048 ojus
978 2978 1101 3028 satores
1123 2966 1260 3028 luerunt.
1308 2965 1413 3028 Nemo
1436 2978 1545 3028 autem

496 3063 530 3127 id
546 3062 726 3127 Novatiano
747 3064 853 3149 ejusve
871 3065 999 3129 asseclis
1014 3065 1208 3149 displicuisse
1231 3073 1264 3130 et
1284 3066 1406 3130 crimini
1423 3088 1548 3129 versum

497 3186 566 3228 esse
581 3164 640 3228 sibi
656 3166 859 3248 persuaserit,
869 3167 955 3250 quod
970 3167 1135 3231 ordinator
1150 3168 1248 3252 ipsius
1264 3168 1304 3230 ab
1317 3167 1370 3229 illo
1383 3175 1548 3251 susceptus

497 3273 595 3350 atquc
610 3267 829 3330 communione
848 3269 987 3334 donatus
1002 3278 1095 3334 esset.
1119 3269 1294 3332 Cousrsur.
1338 3267 1395 3333 Ὡς
1414 3269 1546 3351 perinde

496 3374 594 3451 atque
608 3368 655 3431 ed.
671 3369 775 3453 Steplr.
791 3370 946 3435 omittunt
962 3373 1034 3435 MS.
1052 3372 1189 3455 Norfole.
1205 3379 1238 3434 et
1254 3369 1381 3452 Sparsit.
1427 3370 1549 3448 Quibus

498 3491 580 3533 nunc
595 3472 732 3536 addendi
751 3481 826 3537 sunt
842 3472 1016 3538 Florentio-i
1034 3475 1105 3549 duo,
1120 3473 1240 3554 Repius,
1259 3471 1362 3532 Poris.
1379 3479 1500 3551 uterq-ue
1515 3480 1548 3532 et

505 3573 637 3650 Venetus,
655 3574 723 3659 ipso
744 3597 868 3660 quoque
891 3577 1036 3639 Burtono
1059 3586 1144 3636 recte
1164 3573 1299 3634 sortasse
1318 3568 1403 3630 idem
1426 3590 1546 3651 expun—

497 3681 602 3757 gente.
649 3675 711 3738 Sed
734 3676 776 3739 ad
795 3699 884 3739 oram
906 3678 977 3740 edit.
994 3674 1095 3759 Steplr.
1112 3675 1150 3738 ὡς
1166 3669 1379 3752 adscripscrat
1394 3666 1545 3752 Scaliger,

500 3775 586 3856 quod
602 3775 634 3837 in
650 3776 757 3839 codiee
773 3799 830 3839 suo
845 3777 974 3861 reperit.

544 3877 580 3938 P.
600 3895 650 3959 23.
673 3876 694 3939 l.
708 3897 736 3956 7.
768 3879 1007 3957 ἔκοινωνήσαμεν
1029 3875 1068 3939 ὣς
1089 3874 1199 3960 λαϊκῷ]
1226 3872 1299 3935 Mos
1321 3870 1395 3935 olim
1417 3873 1489 3949 suit,
1512 3884 1549 3940 ut

498 3976 569 4041 la'r'ei
593 3985 665 4062 post
687 3977 912 4041 eucharistiam
934 3979 975 4042 ab
997 3976 1144 4061 episcopo
1166 3981 1341 4059 acceptam,
1358 3975 1386 4038 ei
1407 3975 1548 4039 osculum

499 4080 623 4144 darent.
670 4079 884 4164 Hieronymus
907 4080 940 4142 in
962 4077 1108 4163 Epistola
1135 4079 1186 4141 62.
1212 4078 1363 4140 adversus
1387 4076 1409 4139 J
1413 4099 1548 4140 oannem

500 4180 836 4268 Hierosolyrnitanum.
884 4181 1050 4266 Quisquam
1067 4201 1104 4243 ue
1124 4178 1179 4242 tili
1193 4180 1308 4242 irruitur
1324 4180 1548 4242 eommunicet?

501 4285 666 4370 Quisquam
676 4307 713 4348 ue
726 4294 844 4348 meato
858 4306 952 4348 erran-u
966 4282 1054 4345 vertit
1060 4283 1190 4367 soe-iem,
1203 4292 1229 4345 et
1244 4282 1436 4345 intereamus
1447 4280 1551 4364 pules

498 4386 597 4449 Jedae
625 4387 755 4451 osculum
776 4387 921 4471 percipit.
979 4384 1098 4449 Paulus
1125 4385 1286 4448 Diaconus
1315 4384 1355 4447 de
1380 4383 1453 4446 vitis
1482 4383 1550 4445 ΡΡ.

501 4484 746 4550 Emeritensium
770 4509 837 4570 cop.
856 4506 884 4569 7.
908 4488 948 4551 de
970 4487 1072 4551 Fideli
1093 4488 1240 4571 episcopo
1266 4486 1406 4570 loquens.
1458 4485 1549 4563 Valle,

500 4585 613 4670 inquit,
630 4589 823 4661 communica,
841 4599 868 4652 et
888 4590 930 4651 clo
950 4588 1033 4654 nobis
1051 4590 1190 4654 orertlrrm.
1243 4589 1315 4651 Vale
1327 4590 1388 4672 sae
1405 4585 1549 4660 amitibus,
