3700 5667
584 656 631 721 IN
652 654 688 721 S.
703 653 914 721 CORNELII
940 654 1236 719 FRAGMENTA.
1390 656 1431 720 75

395 836 560 913 suseeptus
579 835 638 903 est,
657 827 692 890 iu
713 827 817 890 looum
836 826 953 890 mortui
975 826 1133 900 sueoedst,
1148 826 1320 889 dummodo
1343 825 1432 910 plebs

396 951 468 993 eum
491 929 630 1015 elegerit,
652 937 687 994 et
709 928 873 1014 episeopus
897 929 1133 993 Alexandrinus
1154 929 1338 993 electionem
1363 928 1433 1013 ejus

398 1031 634 1097 ooullrmaverit
680 1031 745 1095 Sed
759 1038 846 1095 etex
859 1031 930 1095 aliis
945 1031 1021 1095 loeis
1035 1031 1176 1116 ejusdem
1191 1031 1333 1116 epistolae
1354 1030 1433 1094 satis

398 1133 562 1219 colligitur,
577 1134 785 1203 neoessarium
805 1133 900 1197 hrisse
921 1133 1029 1219 populi
1051 1132 1233 1218 mffmgium
1253 1133 1286 1196 in
1308 1133 1433 1196 ordina·

398 1235 483 1301 tione
496 1236 685 1300 olerioorum.
729 1234 853 1299 Vetant
866 1235 951 1299 enim
966 1236 1075 1298 eadem
1090 1235 1222 1320 epistola
1243 1234 1433 1299 sanctissimi

399 1346 514 1422 patres,
529 1360 568 1402 ne
580 1337 734 1423 episeopis
748 1337 800 1423 qui
817 1338 949 1403 Meletio
968 1338 1181 1413 adhaeserant,
1192 1339 1245 1423 jus
1260 1338 1370 1423 fasque
1391 1337 1434 1401 sit

399 1440 591 1525 proponendi
612 1440 741 1503 nomina
765 1461 873 1503 eorum
899 1439 953 1525 qui
982 1441 1024 1504 ad
1053 1439 1280 1503 ecclesiasticos
1309 1439 1436 1503 ordines

399 1552 473 1614 suut
497 1543 717 1628 promovendi:
751 1542 806 1605 sed
831 1543 906 1606 solis
929 1542 1092 1606 catholicoe
1116 1542 1253 1606 eeclesiae
1280 1541 1436 1627 episeopis

399 1646 452 1729 qui
465 1646 507 1710 ab
521 1645 605 1708 omni
626 1646 794 1709 schismate
815 1645 930 1730 integri
952 1668 1076 1731 semper
1093 1645 1236 1721 luissent,
1251 1645 1326 1708 illud
1351 1667 1435 1708 eoru-

400 1756 506 1834 petere
520 1748 736 1834 pronuntiant.
760 1747 930 1813 Pontifioes
946 1749 1061 1834 quippe
1071 1748 1305 1813 annuntiabant
1320 1749 1437 1834 populo

401 1850 528 1915 nomina
540 1872 647 1914 eorum
661 1849 715 1935 qui
734 1850 900 1914 ordinandi
917 1861 1023 1915 essent
1044 1852 1220 1937 presbyteri
1236 1851 1283 1913 vel
1301 1850 1436 1927 diaconi,

400 1960 437 2022 ut
460 1953 488 2016 si
511 1954 582 2037 quis
599 1951 682 2017 torte
705 1951 838 2016 haberet
859 1953 945 2036 quod
967 1951 1151 2016 ordinandis
1174 1951 1337 2037 objiceret,
1360 1950 1436 2013 illud

401 2054 505 2139 palam
526 2059 707 2129 testaretur,
726 2053 807 2117 siout
828 2053 944 2138 legitur
968 2054 1000 2117 in
1022 2052 1269 2118 sacramentario
1292 2049 1437 2136 Gregorii

401 2155 518 2242 magni.
564 2156 665 2237 Quam
685 2155 719 2218 in
733 2177 800 2219 rem
814 2155 980 2241 singularis
995 2165 1044 2220 est
1058 2156 1146 2219 locus
1166 2154 1204 2218 B.
1219 2152 1437 2237 chrysostomi

401 2259 434 2323 iu
448 2258 589 2324 Humilia
602 2259 649 2323 18.
664 2258 698 2321 in
709 2257 886 2342 Epistolam
899 2279 926 2325 a.
942 2260 984 2322 ad
996 2257 1187 2323 Corinthios.
1216 2256 1312 2334 Audi,
1324 2255 1436 2340 inquit,

401 2361 661 2445 quemadmodum
689 2361 903 2446 apostolorum
939 2370 1093 2446 tempore,
1124 2360 1183 2446 ipsi
1213 2381 1354 2446 persaepe
1383 2381 1439 2422 eos

402 2464 514 2548 quibus
538 2472 705 2550 praeerant,
729 2463 926 2528 oonsiliorum
952 2486 1081 2527 suorum
1106 2464 1208 2527 socios
1234 2463 1438 2526 adhibebant.

403 2566 486 2628 Nam
508 2573 542 2630 et
559 2588 630 2630 eum
649 2573 769 2650 septem
789 2566 938 2630 diaconos
960 2582 1115 2640 crearent,
1137 2567 1178 2630 ad
1206 2565 1328 2650 plebem
1351 2564 1440 2651 prius

402 2668 593 2733 retulerunt:
630 2676 665 2732 et
690 2689 760 2731 oum
789 2667 967 2734 Matthiam
992 2667 1153 2752 eligerent,
1179 2667 1220 2731 de
1242 2688 1283 2730 ea
1307 2688 1342 2729 re
1367 2688 1440 2731 oum

402 2770 546 2836 omuibus
557 2771 611 2854 qui
625 2780 701 2839 tuuo
711 2770 844 2834 aderant
855 2776 922 2833 tam
934 2768 1008 2833 viris
1019 2791 1114 2853 quam
1130 2768 1311 2832 mulieribus
1324 2768 1442 2831 Petrus

401 2873 545 2957 agitavit.
600 2875 712 2958 Neque
737 2874 820 2937 euim
847 2873 907 2937 hoo
938 2872 1114 2956 imperium,
1141 2871 1173 2934 in
1203 2870 1440 2956 praesidentium

403 2974 487 3038 lustu
511 2988 545 3039 et
567 2975 761 3058 arrogantia,
781 2997 838 3039 neo
864 2975 896 3041 in
920 2974 1150 3058 subjacentium
1174 2972 1278 3036 servili
1303 2972 1441 3057 quadam

403 3075 589 3141 demissione
617 3076 773 3151 eonsistit,
801 3077 857 3140 sed
888 3076 1052 3160 spirituale
1081 3084 1154 3139 est:
1192 3075 1253 3138 hoo
1285 3074 1443 3159 praecipue

402 3178 565 3255 ereellens,
579 3180 664 3263 quod
678 3201 736 3262 pro
751 3187 864 3243 restrae
885 3177 996 3242 salutis
1011 3200 1087 3241 eura
1108 3177 1213 3261 plures
1231 3177 1355 3240 labores
1375 3197 1442 3238 sus-

402 3278 508 3362 oipiat,
534 3302 597 3343 non
621 3292 728 3345 autem
755 3279 839 3363 quod
866 3279 937 3364 plus
963 3279 1092 3342 honoris
1117 3279 1270 3363 requirat.
1326 3276 1444 3339 Omnes

403 3381 486 3443 euim
504 3388 656 3465 tanquam
676 3383 802 3445 domum
824 3403 931 3456 unam,
945 3381 1108 3445 ecelesiam
1130 3380 1298 3450 habitare;
1334 3397 1443 3439 omnes

405 3488 440 3543 ut
464 3503 560 3545 unum
589 3504 702 3566 eorpus
730 3482 860 3546 affeotos
890 3504 959 3545 esse
988 3481 1143 3545 convenit.
1188 3478 1336 3560 Denique
1364 3475 1445 3539 adeo

406 3583 612 3646 necessarium
635 3583 696 3646 luit
720 3584 820 3667 plebis
841 3584 1024 3668 suffragium
1046 3584 1078 3646 in
1102 3579 1255 3644 eleetione
1282 3576 1445 3661 presbyte-

406 3704 520 3760 rorum,
535 3699 572 3749 ut
588 3707 802 3769 saepenumero
817 3687 850 3748 in
864 3686 995 3749 ecelesia
1010 3685 1099 3769 plebs
1114 3679 1318 3747 tumultuosis
1333 3678 1445 3743 vooile·

406 3787 576 3851 rationibus
591 3789 808 3872 presbyterum
824 3787 961 3871 aliquem
983 3787 1050 3850 fieri
1067 3785 1244 3870 postularet
1259 3789 1293 3846 et
1308 3790 1446 3867 cogeret.

405 3888 495 3968 Quod
510 3890 638 3974 quidem
653 3890 827 3953 Baroinone
849 3889 910 3952 sibi
925 3889 1068 3952 evenisso
1091 3896 1232 3951 testatur
1247 3885 1402 3949 Paulinus
1416 3884 1448 3945 in

406 3989 548 4074 Epistola
562 3998 655 4055 sexta
668 3991 710 4053 ad
725 3991 883 4054 Severum.
932 3990 1022 4053 Idem
1037 3990 1077 4052 de
1093 3988 1228 4052 Piniano
1242 3987 1368 4050 Albium
1384 3984 1448 4051 filio

405 4094 499 4156 refert
514 4092 712 4177 Augustinus
734 4091 766 4154 in
789 4091 892 4176 Epist.
911 4108 983 4174 225.
1006 4091 1047 4153 ad
1068 4091 1230 4153 Albinam.
1276 4088 1352 4151 Jam
1375 4108 1449 4149 vero

405 4194 476 4258 oleri
496 4217 622 4279 quoque
641 4214 826 4257 eonsensum
850 4192 892 4255 ad
915 4192 976 4255 hoe
999 4191 1095 4255 luisse
1120 4189 1331 4254 necessarium
1355 4188 1449 4250 dooot

405 4304 492 4361 retus
513 4307 627 4361 suetor
641 4294 859 4375 Quaestionum
874 4292 990 4356 veteris
1013 4301 1046 4356 ot
1069 4291 1141 4354 novi
1160 4287 1357 4352 Testamenti
1377 4310 1447 4372 oap.

408 4412 473 4459 101.
496 4397 550 4465 ubi
572 4396 683 4469 soribit
706 4395 925 4479 presbyterum
950 4392 1003 4476 qni
1024 4390 1219 4455 ordinandus
1241 4396 1300 4464 est,
1321 4388 1450 4472 perduoi

404 4498 569 4566 adiaoono
592 4508 627 4563 et
646 4499 751 4563 offerri
772 4500 942 4584 episcopm
978 4507 1011 4561 et
1039 4498 1097 4559 sub
1123 4491 1305 4558 testimonio
1329 4488 1452 4552 diaconi

405 4600 549 4667 ordinari.
596 4600 660 4665 Sed
675 4601 851 4677 tosti-remulo,
867 4599 984 4683 inquit,
997 4597 1121 4661 diaconi
1133 4593 1180 4681 fit
1195 4589 1362 4678 presbyter.
1408 4588 1453 4650 Et

902 4722 919 4760 L
935 4716 953 4762 2
