3700 5667
589 667 776 731 CONClL.
800 668 1051 731 CARTHAG.
1069 669 1126 730 lV.
1321 669 1384 733 107

330 836 442 900 aliena
464 858 521 899 nec
548 835 775 921 persecutionis
801 834 938 899 assiduae
963 834 1166 899 infestatione
1192 834 1383 900 deterritum

330 946 513 1032 frequenter
525 967 564 1009 ac
579 944 707 1009 fortiter
719 944 859 1029 gloriosa
873 943 998 1008 dedisse
1015 944 1181 1029 martyria,
1196 943 1285 1008 atres
1303 944 1381 1008 item

329 1082 446 1146 pueros
460 1081 518 1123 nac
532 1059 625 1124 anuis
639 1080 697 1123 nec
711 1058 805 1122 minis
819 1058 939 1122 fractos
953 1066 1067 1122 contra
1081 1059 1171 1142 ignes
1186 1057 1381 1141 Babylonios

329 1169 467 1235 fideliter
477 1169 639 1234 obstitisse
654 1177 687 1233 et
702 1170 854 1233 victorem
869 1190 977 1253 regem
991 1168 1024 1231 in
1036 1167 1105 1254 ipsa
1119 1191 1178 1232 sua
1192 1168 1381 1253 captivitate

302 1280 449 1349 Svicisse.
495 1279 624 1343 Viderit
638 1279 687 1343 vel
707 1279 986 1363 praevaricatorum
1004 1299 1153 1342 numerus
1167 1278 1216 1342 vel
1235 1278 1380 1362 prodito·

329 1412 399 1454 rum
414 1390 468 1475 qui
489 1411 572 1453 nnnc
591 1391 623 1452 in
638 1389 771 1454 ecclesia
785 1396 898 1453 contra
912 1388 1075 1452 eeclesiam
1092 1410 1221 1473 surgere
1236 1396 1269 1452 et
1284 1387 1379 1451 fidem

329 1500 450 1584 pariter
478 1522 516 1563 ac
544 1499 713 1563 veritatem
743 1499 938 1562 labefactare
967 1507 1144 1582 coeperunt.
1206 1500 1379 1563 Permanet

328 1610 414 1695 apud
435 1611 587 1696 plurimos
603 1611 725 1674 sincera
742 1631 831 1673 mens
845 1616 879 1673 et
894 1609 1004 1694 religio
1024 1609 1160 1693 integra,
1177 1616 1211 1672 et
1233 1630 1296 1670 non
1319 1607 1379 1671 nisi

328 1721 466 1784 Domino
480 1728 514 1785 et
530 1723 601 1784 Dec
617 1742 674 1783 suo
692 1719 799 1783 anima
819 1720 953 1792 devota;
979 1740 1036 1781 nec
1057 1718 1263 1781 christianam
1284 1718 1378 1781 tidem

281 1829 431 1894 10aliena
453 1830 587 1914 perfidia
609 1830 759 1915 deprimit
778 1830 821 1893 ad
843 1829 979 1906 ruinam,
999 1829 1056 1892 sed
1079 1829 1181 1913 magis
1204 1828 1325 1892 excitat
1344 1837 1378 1892 et

327 1940 450 2004 exaltat
462 1941 504 2003 ad
518 1940 662 2023 gloriam,
674 1939 846 2002 secundum
858 1938 943 2022 quod
959 1937 1072 2001 beatus
1083 1936 1246 2021 apostolus
1258 1937 1378 2001 Paulus

326 2049 476 2114 bortatur
490 2059 523 2114 et
538 2051 632 2115 dicit:
658 2049 764 2128 ‘Quid
781 2050 860 2113 caim
882 2050 909 2112 ei
929 2048 1104 2112 madenam
1125 2069 1147 2111 a
1162 2048 1229 2131 fida
1251 2048 1378 2133 qnidam

325 2181 436 2232 eman,
467 2160 618 2245 namquid
644 2158 809 2242 infidelitate
832 2158 955 2221 illectam
973 2157 1075 2244 fidem
1101 2159 1165 2221 Dci
1193 2158 1377 2221 evacuavit?

325 2267 422 2333 Absit.
465 2271 523 2332 Eat
545 2269 625 2331 enim
648 2269 732 2331 Deus
758 2289 860 2344 aaran,
887 2267 983 2329 cannis
1005 2277 1114 2331 actam
1129 2267 1212 2330 licem
1237 2267 1376 2332 mendac.

278 2379 361 2454 15ὃί
384 2387 492 2443 autem
515 2378 616 2442 omnis
641 2378 736 2441 homo
759 2378 897 2441 mendax
922 2386 972 2441 est
994 2385 1028 2442 et
1049 2377 1135 2441 solus
1158 2379 1247 2442 Deus
1267 2400 1375 2454 verax,

325 2488 402 2572 quid
415 2489 499 2552 aliud
516 2489 607 2565 servi,
620 2494 653 2553 et
668 2487 805 2552 maxime
820 2489 1002 2552 sacerdotes
1017 2488 1087 2564 Dei,
1104 2488 1208 2552 facere
1223 2489 1375 2554 debemus

324 2599 384 2663 nisi
400 2608 436 2663 ut
451 2600 606 2663 humanos
621 2621 744 2663 errores
763 2606 797 2663 et
816 2598 983 2662 mendacia
1000 2599 1223 2683 relinquamus,
1240 2608 1274 2663 et
1294 2622 1374 2684 proe-

324 2718 418 2795 cepta
435 2710 605 2774 Dominica
627 2709 841 2773 custodientes
864 2707 896 2769 in
922 2707 984 2771 Dei
1007 2709 1141 2773 veritate
1167 2712 1374 2774 maneamus!

325 2820 431 2900 Quare
460 2821 520 2885 etsi
550 2820 646 2904 aliqui
676 2821 717 2883 de
745 2818 871 2903 collegis
901 2818 1019 2881 nostris
1048 2819 1224 2897 extiterint,
1256 2820 1372 2884 fratres

273 2955 315 2994 20
324 2930 530 3007 dilectissimi,
553 2931 606 3016 qui
627 2931 771 2994 deificam
791 2929 988 3015 disciplinam
1010 2930 1230 3014 negligendam
1255 2938 1372 3015 putant

322 3050 358 3106 et
376 3065 448 3106 cum
466 3042 605 3106 Basilide
622 3049 655 3105 at
674 3041 826 3105 Martiale
843 3047 964 3104 temere
984 3039 1229 3116 communicant,
1245 3048 1372 3105 contur-

323 3150 400 3214 bare
428 3150 522 3214 fidem
552 3166 694 3214 nostram
728 3172 778 3213 res
808 3151 871 3215 ista
900 3171 963 3213 non
993 3151 1098 3227 debet,
1129 3172 1201 3213 cum
1231 3150 1371 3235 Spiritus

322 3266 452 3322 sanctus
473 3259 505 3321 in
527 3258 655 3344 psalmis
677 3258 795 3322 talibus
810 3258 1020 3322 comminetur
1042 3258 1166 3322 dicens:
1190 3258 1257 3322 ‘Ta
1271 3269 1371 3323 catam

321 3367 412 3431 edicti
425 3368 630 3454 disciplinam,
642 3378 670 3433 et
683 3367 818 3452 oty’cciati
830 3390 977 3433 sermones
989 3389 1064 3432 mccc
1077 3379 1167 3432 retro.
1198 3369 1237 3433 Si
1250 3369 1372 3433 videbas

274 3505 291 3544 2
292 3499 311 3564 5
312 3479 431 3561 farem,
461 3477 653 3543 mnoarrcbca
680 3480 721 3556 ci,
749 3489 777 3543 ct
814 3501 882 3543 cam
910 3479 1060 3543 adnitens
1088 3480 1258 3564 pontonem
1286 3489 1370 3543 tama

314 3588 454 3673 portabas
500 3593 674 3655 Consortes
697 3600 731 3654 et
754 3590 925 3676 participes
951 3590 1093 3655 ostendit
1116 3612 1171 3654 eos
1194 3589 1368 3654 alienorum

321 3699 508 3764 delictorum
523 3700 591 3765 fieri
606 3700 660 3786 qui
674 3700 792 3765 suerint
807 3701 1062 3785 delinquentibus
1083 3700 1231 3786 copulati
1257 3701 1320 3765 Sed
1335 3707 1369 3765 et

208 3813 211 3818 “
320 3808 380 3872 hcc
397 3809 482 3872 idem
497 3810 616 3874 Paulus
638 3811 801 3895 apostolus
821 3810 932 3876 scribit
955 3817 988 3876 et
1003 3811 1098 3876 dicit:
1123 3815 1366 3890 sSasarrctcres,

319 3919 505 3998 detractores,
528 3919 716 3986 admoram
737 3922 812 4000 Dec,
828 3921 982 4006 bajoriam,
1000 3921 1130 4007 mapali,
1142 3924 1295 4007 jactantes
1306 3923 1367 3999 sai,

270 4053 311 4111 30
319 4029 526 4095 adiacentcras
545 4031 704 4105 malorena,
731 4033 784 4116 qai
808 4054 875 4095 cam
890 4031 1048 4115 justitiam
1074 4032 1139 4095 Dei
1163 4033 1367 4116 ccpnoctascnt,

321 4161 378 4203 aon
392 4140 609 4215 intellaacrant,
625 4142 766 4226 quereiam
787 4143 842 4226 qai
863 4141 942 4206 talaia
962 4150 1057 4226 murat
1071 4151 1165 4204 mma
1181 4151 1250 4205 sant
1269 4141 1366 4226 clipei,

319 4271 378 4314 aon
391 4261 509 4315 mntem
528 4253 581 4337 qai
591 4253 720 4335 sociant
736 4274 781 4326 cc,
797 4253 850 4316 sat
867 4263 895 4317 at
913 4253 968 4338 qai
982 4253 1167 4317 consentiant
1180 4252 1222 4316 cia
1236 4252 1290 4337 qni
1305 4251 1368 4318 loec

318 4373 422 4446 meat.
464 4364 611 4442 &waiam
628 4366 682 4450 qai
699 4365 790 4439 taba,
809 4366 922 4450 inquit,
938 4375 1044 4450 ayant,
1064 4375 1156 4428 morte
1178 4374 1247 4428 eant
1268 4365 1367 4450 dipni,

483 4525 574 4573 enan.
587 4525 620 4573 iii.
638 4528 673 4574 18.
952 4537 965 4566 θ
978 4527 1048 4575 Rom.
1063 4527 1097 4574 iii.
1109 4539 1133 4587 3,
1146 4540 1169 4585 ⁴·

485 4606 495 4645 l
510 4607 574 4655 Pul.
586 4608 645 4655 xllx.
662 4620 697 4669 17,
713 4609 749 4656 18.
950 4620 964 4656 s
979 4610 1048 4658 llam.
1061 4611 1077 4656 i.
1090 4623 1130 4669 30,
1142 4623 1182 4668 31,
1194 4622 1234 4669 ³²·

822 4720 840 4758 P
857 4718 875 4764 2
