3700 5667
534 666 584 746 IN
610 685 641 747 S.
661 684 911 747 VICTORINI
938 685 1299 749 FRAGMENTUM.
1375 689 1441 755 477

440 854 476 915 P.
491 873 565 935 459.
581 852 601 915 l.
624 872 648 917 r.
663 852 752 938 ignes
769 853 975 938 conglobant]
995 853 1127 931 Dubito,
1143 863 1250 918 utrum
1266 853 1440 918 rescriben-

395 956 471 1019 dum
493 955 546 1030 sit,
565 956 647 1040 ipses
667 956 906 1040 conglobantur,
928 955 986 1031 vel,
1010 956 1095 1040 ipuca
1117 979 1151 1021 ss
1173 957 1377 1042 conglobant,
1399 978 1441 1021 an

395 1065 508 1120 auctor
521 1055 581 1119 hoo
596 1078 689 1119 sensu
704 1057 836 1120 verbum
851 1054 985 1141 mrtplobo
999 1055 1162 1121 adhibeat.

440 1158 522 1223 lbid.
546 1159 566 1223 l.
588 1180 617 1225 2.
641 1181 740 1223 comm
763 1159 900 1223 orribilis
925 1159 1102 1244 curabitur]
1127 1161 1280 1224 Fortasse
1305 1160 1443 1223 scriben-

395 1261 481 1334 dum,
497 1271 607 1325 cometa
622 1260 782 1325 horribilis
800 1262 942 1337 crinitur,
959 1262 990 1325 h.
1007 1283 1035 1324 e.
1051 1261 1136 1326 crine
1152 1262 1331 1347 insignitur.
1361 1264 1442 1326 (lon-

392 1363 470 1447 jecit
496 1364 712 1448 reponendum
735 1385 816 1440 csse,
838 1386 928 1427 come
951 1363 1108 1428 amabiles
1132 1375 1271 1442 carmel,
1295 1365 1440 1429 Crellius.

399 1466 469 1528 Vi‹l.
487 1465 581 1529 infra.

444 1567 524 1630 lbid.
539 1568 558 1631 l.
569 1589 600 1650 3.
617 1568 851 1652 Nonnunquam
867 1567 991 1632 accedit
1006 1567 1103 1632 etiam
1118 1568 1165 1631 sol
1176 1576 1210 1631 et
1220 1569 1295 1632 luna
1310 1569 1441 1633 invicem

397 1668 581 1754 visitantur]
611 1670 766 1756 Legerim,
790 1691 1006 1756 rmnaeqacm
1031 1670 1153 1743 accidit,
1178 1680 1213 1733 ut
1236 1671 1326 1734 ctiam
1350 1671 1396 1735 sol
1415 1680 1443 1734 cl

397 1773 472 1836 lacera
492 1773 524 1835 in
542 1771 643 1837 vicino
663 1773 817 1837 visantur.
863 1772 902 1835 In
924 1772 1040 1849 verbiS,
1057 1794 1127 1857 quie
1150 1779 1335 1856 sequuntur,
1352 1772 1442 1836 forsi-

397 1884 454 1937 tan
469 1875 684 1958 reponendum
703 1884 753 1939 est
772 1885 906 1960 aspectus
920 1897 979 1960 pro
998 1884 1126 1960 aspectu
1143 1880 1177 1939 et
1196 1876 1367 1959 ffcicalrcr
1383 1896 1442 1960 pro

398 1977 537 2058 ffeiulnt.

441 2078 523 2142 lbid.
546 2080 566 2142 l.
588 2083 618 2143 6.
645 2083 772 2144 Auctor
794 2089 902 2144 autern
930 2081 1030 2145 tetius
1054 2087 1210 2146 creaturae
1234 2080 1343 2166 Jesus]
1370 2080 1442 2145 MS.

396 2183 551 2264 effici-urat:
589 2183 796 2247 aratoritctsm
825 2183 914 2247 totius
943 2193 1093 2247 crcalmoe
1113 2183 1216 2266 justus
1242 2183 1299 2246 bc.
1357 2182 1443 2246 Hinc

397 2284 478 2367 lego,
497 2284 645 2348 efficiunt.
674 2286 789 2347 Auctor
805 2295 903 2348 catara
922 2285 1022 2350 totius
1042 2293 1197 2350 creaturae
1214 2285 1323 2357 ist-iun
1347 2284 1443 2348 verbo

397 2405 569 2468 cognomen
592 2396 651 2448 est.
696 2385 763 2458 Vel,
784 2387 902 2448 Amor
921 2395 1022 2449 autem
1044 2385 1145 2450 totius
1167 2392 1322 2449 creaturae
1344 2385 1442 2448 Jonas.

398 2486 450 2550 Sic
472 2509 579 2570 supra,
599 2487 706 2550 Homo
728 2487 874 2552 Christus
895 2488 984 2550 Jcsus
1005 2499 1095 2551 autor
1116 2509 1234 2551 eorum.
1280 2487 1360 2549 Vide
1382 2488 1443 2549 Ar-

398 2588 582 2665 temoninm,
606 2589 638 2651 id
662 2597 723 2665 cst,
748 2589 926 2652 Samuelem
951 2589 1110 2665 Orellium,
1136 2589 1267 2653 Prael'at.
1293 2611 1366 2673 pag.
1392 2607 1442 2650 21.

397 2701 472 2754 ante
489 2690 620 2753 Initium
637 2689 800 2775 Evangelii
814 2690 972 2754 Johannis
990 2690 1046 2754 &a
1068 2691 1137 2755 haeo
1159 2713 1304 2775 perverse
1324 2690 1366 2753 ad
1387 2688 1444 2774 hy·

399 2792 545 2877 pothesin
578 2815 668 2856 suam
698 2792 890 2869 trahentem,
919 2801 953 2857 et
982 2800 1245 2876 corrumpentem.
1284 2790 1444 2855 Wnnurn.

401 2898 454 2961 lta
473 2896 513 2958 ab
531 2897 663 2967 Irenaeo,
680 2895 730 2957 vel
747 2895 882 2959 fortasse
901 2894 998 2958 etiam
1017 2894 1196 2978 antiquiore
1215 2894 1323 2978 aliquo
1338 2892 1444 2957 Chris-

397 3000 496 3072 tiano,
522 2998 653 3062 Verbum
667 2999 731 3063 Dei
743 3008 836 3084 palor
851 2999 969 3083 pencris
987 2998 1115 3061 lamani
1136 2996 1325 3082 appellatur.
1370 2994 1444 3057 Vid.

398 3102 451 3165 lib.
468 3102 506 3164 iv.
524 3102 637 3164 Ircnaes'
656 3123 682 3163 c.
698 3120 752 3183 31.
767 3100 808 3164 al.
825 3118 877 3184 51.
894 3123 924 3184 p.
943 3116 1015 3184 259.
1030 3099 1080 3163 ed.
1098 3098 1267 3171 Massueti,
1283 3097 1332 3162 vel
1347 3117 1445 3180 supra

399 3226 470 3287 pag.
486 3205 539 3285 56.
565 3202 623 3265 vol.
645 3202 707 3265 mei
729 3202 757 3264 Ι.
803 3202 920 3265 Itidem
943 3201 1139 3264 Tertulliano
1161 3200 1193 3262 in
1215 3198 1269 3261 lib.
1284 3220 1315 3281 5.
1339 3205 1444 3259 contra

400 3305 552 3365 Marcion.
578 3304 714 3365 Christus
735 3302 793 3363 viri
816 3309 929 3364 auctor
950 3311 1001 3373 est,
1025 3322 1094 3383 cap.
1119 3301 1148 3362 8.
1195 3299 1300 3361 Verba
1325 3306 1443 3371 autem,

399 3404 605 3466 caementatam
634 3404 723 3465 lotias
752 3411 901 3465 meatum
930 3401 961 3464 in
991 3400 1130 3465 Gaulane
1158 3398 1344 3483 apographo
1373 3419 1445 3461 cum

399 3504 611 3588 superioribus
637 3503 806 3587 conjuncta
832 3510 915 3565 sunt.
963 3500 1007 3565 Et
1031 3501 1078 3563 vir
1099 3500 1137 3564 cl.
1162 3502 1197 3563 l'.
1215 3498 1260 3560 W
1262 3497 1446 3581 esselingius

400 3604 529 3669 Probat.
546 3628 616 3690 cap.
633 3605 694 3667 xiv.
711 3627 742 3688 p.
761 3619 832 3686 117.
852 3625 924 3667 cum
945 3604 1085 3666 nondum
1106 3601 1194 3666 editu
1214 3607 1299 3665 esset
1319 3599 1446 3682 egregia

400 3709 462 3771 ista
479 3708 624 3771 lValkeri
640 3707 834 3790 conjectura,
840 3706 923 3790 justa
938 3707 986 3771 vel
997 3706 1114 3790 jastius
1127 3704 1274 3789 primitus
1292 3702 1446 3787 scriptum

399 3811 494 3873 fuisse
523 3833 582 3894 pro
602 3811 704 3893 justus
733 3802 859 3873 statuit.
915 3808 996 3873 Cum
1025 3830 1100 3873 vero
1128 3816 1259 3892 propter
1286 3802 1445 3869 Victorini

400 3914 505 3986 verba,
520 3934 590 3997 quie
608 3934 704 3997 supra
718 3933 792 3996 pag.
809 3913 883 3996 456.
899 3911 919 3974 l.
942 3928 988 3994 17.
1005 3911 1157 3986 existunt,
1175 3907 1322 3973 Walkeri
1337 3914 1443 3993 poste-

400 4016 514 4078 riorem
529 4014 614 4078 illam
629 4013 881 4077 emendationem
895 4013 1125 4097 praeferendam
1140 4011 1297 4086 duxerim,
1312 4009 1446 4073 eandem

401 4116 485 4180 haud
507 4115 649 4180 dubitavi
671 4114 721 4177 his
742 4114 846 4179 verbis
867 4114 1013 4178 subdere.
1059 4113 1164 4198 Siquis
1183 4123 1292 4177 tamen
1311 4110 1446 4174 alteram

400 4219 486 4283 illam
501 4218 602 4302 magis
619 4217 813 4301 probaverit,
829 4226 935 4279 elamor
951 4226 1052 4280 aulem
1070 4216 1160 4278 lotias
1180 4225 1327 4278 creatura
1343 4213 1445 4286 istius,

401 4321 471 4383 ideo
486 4320 700 4404 reponendum
716 4318 793 4381 mihi
808 4317 935 4401 quidem
951 4320 1121 4392 videretur,
1131 4317 1250 4380 auctori
1264 4324 1377 4389 autem,
1387 4337 1447 4399 pro

400 4423 618 4485 committerem.
664 4421 762 4484 Iulias
783 4429 951 4504 optaverat
972 4421 1099 4505 quidem
1119 4420 1252 4486 Orellius
1271 4439 1330 4504 pro
1344 4419 1448 4500 justae

402 4524 549 4599 scribere,
571 4532 607 4587 ut
628 4530 805 4606 reponeret,
826 4523 914 4586 inlisu
933 4522 1017 4586 cebo
1036 4542 1191 4607 capuanam
1210 4532 1249 4585 est
1268 4522 1308 4598 ci,
1329 4519 1376 4603 (id
1397 4529 1448 4584 est

400 4626 428 4689 ei
445 4627 549 4702 verbo,
567 4626 650 4709 quod
671 4647 767 4709 supra
787 4624 1039 4701 mernorarimus,
1053 4646 1225 4710 cognomen
1246 4630 1296 4689 ost
1308 4623 1447 4687 Verbum
