3700 5667
497 677 562 739 184
848 673 1201 738 ANNOTATIONES

497 840 599 910 sium;
623 859 758 923 quarum
777 846 885 902 tamen
907 840 947 902 de
967 838 1124 901 nonnullis
1145 837 1260 900 merito
1282 837 1420 913 dubites,
1437 859 1546 902 aunon

498 941 605 1026 potius
630 940 874 1005 ecelesiasticam
902 939 1083 1024 baptizandi
1109 940 1243 1002 somnam
1273 947 1390 1002 secutae
1416 939 1545 1003 fuerint.

498 1043 637 1107 Facilius
658 1044 856 1106 tranen-intuor
875 1041 1021 1115 deretini,
1045 1042 1093 1106 ait
1115 1042 1148 1105 S.
1172 1042 1386 1125 Augustinus,
1411 1042 1465 1126 qui
1485 1063 1547 1104 orn

498 1144 574 1208 nino
593 1166 651 1207 non
672 1143 837 1228 baptizent,
851 1165 943 1227 qnam
962 1144 1016 1229 qni
1034 1143 1098 1207 illis
1116 1142 1213 1207 oeulis
1233 1166 1292 1207 non
1310 1142 1477 1227 baptizant,
1491 1141 1545 1205 lib.

497 1247 538 1310 vi.
555 1249 603 1310 Do
616 1247 787 1330 Baptismo,
803 1267 873 1329 oap.
892 1264 942 1329 25.

545 1351 580 1412 P.
601 1366 669 1432 ¹¹5·
685 1347 707 1410 l.
724 1348 753 1411 8.
770 1347 849 1412 Cum
869 1346 902 1408 in
924 1349 1035 1431 uuum]
1056 1347 1158 1411 Gesta
1173 1348 1267 1431 hujus
1287 1347 1410 1411 consilii
1425 1347 1546 1431 primus

498 1451 637 1514 omnium
660 1450 760 1513 edidit
783 1450 946 1520 Erasmus,
971 1470 1042 1511 eum
1067 1449 1169 1512 titulis
1191 1448 1310 1533 gloriae,
1333 1450 1366 1512 id
1389 1457 1450 1525 est,
1473 1472 1544 1513 eum

498 1554 657 1619 vocabulis
686 1553 900 1617 confessorum
929 1561 963 1616 et
992 1560 1178 1637 martyrum,
1206 1576 1277 1637 quae
1307 1555 1440 1639 praefixa
1469 1561 1545 1619 sunt

499 1656 677 1721 nominibus
699 1655 907 1739 quorumdam
932 1655 1158 1739 episcoporum.
1205 1656 1275 1719 Hos
1299 1656 1409 1720 titulos
1431 1658 1545 1722 Graeoa

498 1760 600 1823 versio
619 1780 682 1820 uon
700 1757 810 1831 habet,
827 1777 928 1841 neque
949 1757 1049 1820 editio
1068 1757 1274 1821 Morelliana:
1299 1780 1353 1821 eos
1371 1781 1446 1822 vero
1466 1758 1546 1823 satis

497 1869 624 1925 constat
640 1883 702 1923 non
723 1860 858 1945 scriptos
873 1858 970 1922 fuisse
992 1860 1024 1922 in
1043 1862 1154 1944 gestis,
1170 1862 1225 1924 sed
1245 1862 1373 1925 additos
1395 1876 1507 1946 postea
1526 1884 1547 1925 a

497 1965 635 2048 quodum
658 1962 809 2027 studiose.
855 1963 961 2042 Quare
976 1961 1067 2025 valde
1087 1962 1202 2024 mirum
1222 1979 1272 2026 est
1293 1962 1363 2024 illos
1384 1962 1480 2026 fuisse
1499 1985 1547 2026 ro-

497 2074 605 2132 tentos
620 2067 652 2129 in
663 2065 803 2130 editione
815 2065 854 2127 R.
867 2065 904 2127 P.
919 2064 1089 2127 Harduini.
1106 2065 1284 2148 Respondit
1294 2073 1401 2128 autem
1417 2073 1548 2129 sanetus

497 2169 698 2255 Augustinus
719 2168 751 2230 iu
771 2167 852 2231 libro
872 2174 965 2230 sexto
985 2167 1025 2230 de
1041 2167 1207 2251 Baptismo
1229 2169 1380 2231 adversus
1395 2167 1547 2232 Donatis-

496 2285 549 2334 tas
563 2271 603 2333 ad
619 2291 656 2333 ea
672 2291 742 2352 quae
757 2268 893 2353 episcopi
909 2268 942 2330 iu
963 2291 1001 2331 eo
1021 2270 1152 2332 coneilio
1170 2271 1353 2354 congregati
1368 2269 1547 2334 attulerunt

496 2393 555 2457 pro
578 2370 795 2435 confirmanda
818 2370 965 2455 opinione
989 2393 1047 2434 sun
1071 2372 1111 2434 de
1135 2371 1294 2455 baptismo
1316 2372 1545 2436 haeretieorum.

498 2474 635 2537 Viderat
656 2472 716 2536 hoo
738 2473 904 2536 concilium
928 2472 1130 2537 Huurbertus
1152 2474 1318 2559 episcopus
1341 2474 1443 2560 Sylvae
1464 2475 1547 2540 Oan-

497 2576 591 2650 didae‚
613 2575 666 2659 qui
688 2575 744 2638 lib.
764 2575 784 2638 i.
807 2576 960 2639 adversus
983 2575 1179 2639 Simoniooos
1202 2599 1273 2662 cap.
1292 2577 1335 2641 ix.
1358 2578 1425 2641 nit:
1447 2577 1502 2640 sed
1521 2587 1549 2640 a

494 2680 639 2763 glorium
658 2688 778 2762 nmttyr
798 2687 826 2742 et
840 2679 983 2762 pontt-issa
999 2679 1176 2762 Cyprianus
1195 2680 1273 2764 qnid
1290 2680 1327 2743 de
1341 2679 1548 2743 hereticorum

496 2782 674 2866 baptismate
694 2781 839 2856 sanxerit,
855 2802 891 2843 en
913 2780 1035 2843 mollio
1057 2782 1154 2865 ipsius
1175 2781 1324 2845 onidmr
1344 2783 1475 2866 wpnosei
1491 2803 1548 2866 pn

497 2886 575 2949 terit.
620 2883 743 2945 Eadem
761 2883 842 2945 enim
859 2892 964 2945 eontra
983 2883 1064 2947 illud
1082 2905 1148 2946 oum
1167 2885 1231 2946 suis
1249 2884 1425 2969 coepiscopis
1445 2885 1549 2948 norwit

496 2986 578 3072 quod
600 2995 627 3048 et
648 2984 784 3069 praefati
808 3005 934 3047 canum
958 2984 1135 3069 Apostoliei.
1181 2985 1325 3049 Oenones
1352 2986 1436 3050 enim
1459 2986 1548 3071 Apo-

497 3087 611 3165 stolioi‚
626 3108 704 3170 quos
722 3086 819 3149 refert
836 3087 1046 3159 Humbertus,
1063 3086 1218 3151 damnant
1232 3089 1454 3153 haeretieorum
1469 3089 1547 3173 bap-

497 3190 603 3255 tisma.
648 3189 733 3253 Vide
751 3188 900 3253 notitiam
918 3188 1176 3253 Ecclesiastieam
1195 3191 1385 3267 cabassutii,
1401 3215 1432 3276 p.
1447 3210 1474 3274 7.
1490 3192 1546 3255 ubi

497 3293 565 3378 agit
587 3293 627 3355 de
648 3292 822 3356 canonibus
846 3291 1085 3377 Apostolorum.
1113 3291 1281 3356 Batonius.
1329 3293 1453 3357 Notatu
1477 3294 1546 3379 dig-

497 3416 572 3457 num
598 3401 657 3468 est,
683 3394 812 3459 mittere
835 3395 867 3457 S.
885 3394 1078 3478 Cyprianum
1102 3393 1281 3477 Epistolam
1304 3414 1355 3476 77,
1370 3395 1411 3458 nl.
1429 3398 1479 3476 76,
1502 3396 1546 3458 ad

497 3518 609 3560 novem
631 3496 835 3581 coepiscopos
859 3517 933 3558 suos
956 3495 988 3557 in
1014 3495 1143 3559 metallo
1173 3495 1318 3579 Siguensi
1342 3496 1544 3570 constitutos,

496 3618 630 3682 quorum
645 3599 785 3662 omnium
803 3599 932 3661 uomina
950 3597 981 3660 in
1000 3596 1049 3660 his
1064 3597 1158 3660 Actis
1175 3597 1352 3682 signantur.
1380 3597 1547 3682 Responsa

497 3698 669 3761 eorundem
683 3700 897 3762 confessorum
912 3699 945 3761 in
957 3698 1071 3773 tribus,
1084 3721 1154 3782 quae
1169 3701 1255 3784 apud
1270 3700 1462 3784 Cyprianum
1477 3722 1547 3764 suo-

497 3801 624 3876 eedunt,
641 3800 794 3884 Epistolis
814 3811 991 3864 servantur.
1030 3801 1089 3864 Ait
1109 3810 1218 3865 autom
1240 3801 1460 3867 iuuenalibus
1479 3803 1546 3867 suis

499 3900 695 3985 Oppidana-is
709 3901 922 3980 Pearsonius3
946 3910 967 3938 “
981 3901 1148 3966 Sententia
1165 3902 1198 3965 in
1214 3910 1308 3967 tanta
1327 3903 1453 3988 Synodo
1470 3903 1547 3968 lieet

498 4011 610 4067 “vera
629 4025 693 4066 nou
712 4002 763 4080 sit,
780 4012 813 4069 et
832 4025 853 4066 a
868 4001 899 4066 S.
917 4003 1100 4087 Augustino
1116 4013 1229 4088 postea
1247 4014 1379 4090 propter
1394 4006 1547 4071 Donatis-

498 4111 518 4140 “
533 4111 584 4168 tas
605 4104 756 4182 refutata,
771 4103 893 4188 insigne
915 4111 1023 4168 tamen
1046 4104 1106 4169 hoo
1128 4117 1178 4169 est
1200 4107 1387 4170 venerandae
1409 4108 1547 4193 antiqui-

499 4207 613 4271 “tatis
643 4206 910 4270 monumentum?
956 4207 1011 4269 Ad
1037 4229 1088 4271 nu.
1115 4213 1187 4290 156,
1214 4209 1243 4289 ᾗ,
1269 4208 1312 4272 ix.
1353 4209 1432 4274 Cum
1458 4210 1548 4274 Aeta

497 4307 586 4371 istoeo
608 4307 649 4371 ab
671 4307 853 4392 Augustino
875 4308 907 4370 in
930 4308 983 4372 lib.
1003 4308 1044 4372 vi.
1067 4319 1101 4374 et
1122 4309 1172 4374 vii.
1193 4312 1243 4373 Do
1262 4311 1422 4396 Baptitmo
1441 4322 1546 4375 eontra

497 4408 675 4472 Dmmtsstos
695 4409 786 4473 nobis
806 4419 994 4474 conservata
1015 4419 1133 4486 essent,
1150 4412 1223 4475 inde
1245 4436 1285 4476 ea
1307 4414 1476 4498 desumpta
1497 4415 1546 4478 fu·

497 4508 559 4572 isse
570 4508 603 4573 iu
614 4530 711 4593 opera
721 4510 869 4594 Cypriani
879 4511 921 4575 ab
932 4512 1000 4596 ejus
1012 4512 1197 4588 editoribus,
1208 4514 1275 4578 vult
1286 4516 1445 4580 Matthias
1455 4515 1547 4581 Dan-

497 4630 649 4694 neumayr
669 4610 701 4673 in
716 4611 964 4678 Institutionidas
978 4615 1064 4678 Hier.
1081 4614 1163 4678 It'ced
1179 4617 1225 4679 N.
1241 4618 1276 4680 Τ.
1296 4617 1367 4680 Per.
1380 4640 1401 4679 1.
1418 4639 1488 4703 cap.
1504 4617 1546 4682 iv.
