3700 5667
475 656 539 718 108
770 653 1021 730 RELIQUIAE
1048 652 1226 715 SACRAE.

475 824 661 889 manifestat
679 831 712 887 et
731 822 917 908 comprobat
940 829 1044 886 morte
1062 822 1175 906 dignos
1197 842 1265 883 esse
1280 826 1313 883 et
1331 819 1372 883 ad
1396 840 1524 903 poenam

474 935 589 1011 venire,
614 957 678 999 nou
700 942 829 999 tautum
848 933 918 997 illos
941 932 995 1017 qui
1015 932 1099 996 mula
1121 931 1253 1007 faciunt,
1268 930 1322 993 sed
1348 930 1446 993 etiam
1470 951 1524 992 eos

475 1046 529 1131 qui
544 1045 622 1110 talia
635 1044 805 1131 agentibus
825 1043 1039 1118 consentiunt,
1056 1042 1109 1126 qui
1125 1043 1201 1104 dum
1221 1041 1310 1104 malis
1324 1047 1357 1104 et
1376 1055 1522 1124 peccato-

474 1156 563 1220 ribus
588 1162 622 1219 et
647 1153 871 1240 poenitentiam
895 1175 959 1217 non
984 1153 1152 1238 agentibus
1177 1151 1287 1215 illicita
1312 1151 1523 1214 communica·

473 1259 561 1323 tione
576 1258 758 1334 miscentur,
775 1256 956 1320 nocentium
970 1255 1171 1319 contactibus
1188 1253 1384 1339 polluuntur,
1400 1260 1433 1316 et
1448 1253 1550 1326 dum5

470 1368 649 1453 junguntur
664 1366 696 1430 in
714 1365 818 1450 culpa,
834 1366 878 1429 sic
897 1388 956 1429 nec
976 1365 1008 1428 in
1029 1387 1124 1449 poena
1138 1371 1338 1448 separantur.
1386 1365 1524 1447 Propter

475 1478 561 1563 quod
583 1476 778 1561 integritatis
793 1483 826 1540 et
842 1476 915 1539 fidei
930 1482 1044 1538 vcstrae
1067 1474 1248 1558 religiosam
1270 1473 1522 1549 sollicitudinem,

474 1587 591 1651 fratres
613 1585 817 1662 dilectissimi,
834 1593 868 1650 et
889 1585 1056 1648 laudamus
1075 1584 1197 1670 pariter
1220 1590 1255 1647 et
1274 1583 1466 1668 probamus;
1491 1595 1524 1646 et

475 1704 630 1783 quantum
659 1718 826 1781 possumus
854 1696 1064 1760 adhortamur
1092 1695 1208 1759 litteris
1240 1695 1369 1770 nostris,
1399 1716 1439 1757 ne
1469 1716 1524 1757 voe

475 1829 548 1872 oum
569 1806 742 1892 prophanis
760 1812 793 1869 et
810 1805 978 1870 maculatis
1000 1806 1219 1869 sacerdotibus
1241 1805 1524 1868 communicatione
1538 1819 1573 1857 10

476 1916 631 2001 sacrilega
652 1915 822 1993 misceatis,
839 1916 896 1978 sed
917 1915 1075 2001 integram
1095 1926 1128 1980 et
1146 1917 1301 1980 sinceram
1322 1915 1395 1979 fidei
1411 1924 1524 1979 vestrae

476 2026 663 2091 imitatem
688 2025 834 2111 religioso
864 2026 979 2090 timore
1008 2027 1149 2090 servetis.
1206 2026 1294 2111 Opto
1317 2049 1382 2102 vos,
1409 2026 1525 2090 fratres

476 2135 641 2213 carissimi,
657 2156 782 2219 semper
797 2135 877 2198 bene
892 2135 1007 2200 valere.

865 2392 1142 2432 -4-

478 2609 885 2678 osnruucmmuss
906 2609 1161 2675 coucimuu
1182 2609 1270 2674 sus
1290 2610 1526 2676 orrnrsuo

889 2722 1121 2803 culusum
1539 2733 1574 2794 ιε
1618 2716 1621 2721 ·

773 2894 825 2948 DE
844 2893 1040 2948 BAPTISMO
1060 2893 1227 2956 PRIMUM,

653 3069 736 3108 Anno
752 3067 823 3109 Pom*
837 3069 989 3109 eumerus(
1006 3070 1115 3110 NATUM
1133 3065 1193 3132 255
1209 3070 1362 3109 flunmen.

480 3217 637 3302 synodica
657 3218 722 3281 loec
744 3217 885 3303 sponda
906 3217 1159 3281 adductorium
1182 3226 1210 3280 et
1234 3226 1342 3280 ceteros
1365 3217 1529 3280 nscia-tate

521 3331 695 3417 Episcepos,
714 3331 795 3395 inter
811 3330 963 3415 Cypriaci
985 3329 1141 3414 Epistola
1162 3338 1203 3392 est
1225 3351 1298 3393 axx.
1320 3339 1349 3392 ct
1363 3351 1439 3415 pap.
1459 3350 1528 3410 1²4·

520 3440 592 3504 edil.
607 3440 816 3505 Benedictinae
829 3450 918 3504 artat.
1540 3450 1579 3488 20

523 3572 709 3658 Cyprianus,
738 3573 902 3648 Liberalis,
931 3573 1116 3649 Caldonius,
1141 3572 1165 3635 J
1167 3572 1271 3651 unius,
1296 3573 1432 3650 Primus,
1457 3572 1528 3637 Cae·

480 3681 581 3760 cilius,
607 3683 814 3769 Polycarpus,
835 3684 1035 3761 Nicomedes,
1061 3682 1163 3760 Felix,
1183 3683 1375 3760 Marrutius,
1402 3687 1530 3749 Succes-

480 3814 542 3870 sus,
571 3792 744 3869 Lucienus,
769 3795 970 3872 Honoratus,
997 3793 1206 3870 Fortunatus,
1228 3794 1347 3872 Victor,
1372 3794 1530 3871 Donatus,

481 3902 613 3980 Lucius,
634 3902 845 3978 Herculanus,
863 3904 1070 3988 Pomponius,
1092 3904 1286 3980 Demetrius,
1303 3905 1449 3985 Quintus,
1474 3905 1532 3968 Sa-

481 4014 641 4091 turninus,
657 4013 797 4091 Marcus,
821 4014 902 4078 alius
922 4014 1124 4093 Saturninus,
1140 4015 1221 4079 alius
1241 4014 1397 4092 Donatus,
1422 4016 1529 4100 Roga·
1543 4035 1557 4074 2
1563 4032 1579 4093 5

479 4122 596 4200 tianus,
622 4123 770 4202 Sedatus,
794 4124 966 4202 Tertullus,
996 4126 1242 4201 Hortensiauus,
1270 4125 1346 4189 item
1370 4126 1451 4189 alius
1475 4126 1531 4189 Sa·

481 4233 639 4309 turninus,
664 4235 789 4298 Sattius
815 4236 981 4312 Januario,
1011 4236 1194 4313 Saturnino,
1222 4237 1377 4308 lllaximo,
1395 4236 1531 4312 Victori,

480 4342 544 4406 alio
561 4344 691 4420 Victori,
716 4344 835 4421 (lessio,
864 4347 1012 4425 Proculo,
1035 4347 1201 4423 Modiano,
1223 4349 1357 4423 Cittino,
1378 4348 1530 4431 Gargilio,

483 4452 674 4538 Eutyciauo‚
712 4455 775 4519 alio
812 4457 965 4543 Gargilio,
1003 4459 1066 4523 alio
1107 4461 1291 4533 Saturnine,
1331 4460 1532 4536 Nemesiano,

483 4563 651 4648 Nampulo,
691 4565 887 4646 Antoniano,
929 4569 1122 4654 Rogatiano,
1169 4571 1338 4635 Honorato
1379 4572 1579 4640 fratribus3⁰
