3700 5667
394 648 459 710 250
729 642 1098 709 ANNOTATIONES.

395 819 447 882 Do
465 814 710 903 participatione
731 837 857 900 quoque
877 822 937 879 τῶν
951 815 1040 880 θείων
1053 820 1222 897 pampica
1236 816 1287 881 hic
1302 817 1366 903 agi,
1383 826 1458 884 sta-

395 921 458 986 tuit
480 928 514 985 et
538 918 701 982 Blastares
724 919 879 1003 Syntapm.
903 917 1060 1003 Aptata.
1085 918 1152 983 Lit.
1174 919 1207 984 κ’.
1230 941 1298 1005 cap.
1316 922 1368 984 28.
1392 923 1456 987 ubi

394 1022 530 1088 adduxit
544 1019 697 1085 Basilium
713 1021 762 1082 M.
778 1019 812 1083 in
827 1021 975 1084 Asceticis
997 1020 1089 1084 simili
1111 1021 1279 1106 quaestioni
1301 1023 1457 1089 similiter

394 1125 648 1211 respondentem.
672 1122 744 1186 Vid.
764 1128 797 1186 et
814 1122 979 1187 Timothei
997 1123 1089 1186 Alex.
1110 1124 1215 1208 Episc.
1233 1126 1375 1209 Rsepoas.
1392 1126 1454 1192 xii.

394 1250 426 1314 p.
446 1227 517 1290 168.
534 1225 688 1309 Synodici.
735 1224 846 1308 Neque
868 1224 963 1289 aliter
984 1225 1172 1310 Dionysium
1191 1227 1322 1311 exponit
1338 1227 1455 1293 Balsa-

393 1329 496 1394 monis
511 1327 673 1414 Responde
687 1327 732 1391 ad
749 1328 895 1390 Marcam
910 1328 1113 1391 Alexandria
1128 1330 1361 1406 Patriorclam,
1377 1353 1455 1416 quae

393 1433 426 1495 in
441 1438 520 1496 tom.
534 1432 563 1493 1.
582 1430 675 1494 Jrcrie
697 1430 956 1493 Gracc-Romani
977 1453 1009 1515 p.
1026 1434 1101 1514 367.
1125 1439 1227 1506 extat,
1251 1433 1354 1497 tribus
1376 1434 1455 1500 istis

393 1531 535 1618 epistolis
564 1531 749 1596 memoratis
771 1530 1063 1596 Alexandrinorum
1087 1534 1269 1619 praesulum,
1291 1535 1452 1620 Dionysii,

394 1636 576 1709 Athanasii,
614 1634 861 1719 Timotheique3
900 1634 953 1698 ubi
986 1642 1095 1698 tamen
1131 1635 1306 1699 scribarum
1340 1659 1451 1702 errore

394 1739 511 1802 omissa
533 1745 609 1802 sunt
633 1736 778 1822 Dionysii
804 1743 838 1800 et
861 1737 1033 1801 Athanasii
1057 1738 1253 1816 testimonia,
1276 1761 1350 1803 nam
1373 1749 1451 1824 post

394 1841 501 1919 verba,
519 1843 595 1924 φησὶ
610 1843 668 1923 γὰρ
688 1841 706 1919 ἡ
726 1845 778 1903 τοῦ
800 1838 886 1919 ἁγίου
905 1842 1067 1903 Διονυσίου
1083 1841 1247 1920 ἀπόκρισις,
1264 1842 1375 1906 statim
1388 1865 1451 1927 po·

397 1942 461 2007 sita
476 1951 551 2008 suut
567 1945 668 2016 istaec,
687 1944 725 2006 El
738 1944 795 2022 μὲν
809 1943 961 2006 ὑπόκειται
974 1964 1074 2026 usque
1089 1942 1234 2006 advoces
1250 1941 1454 2023 ἐπιτιθέμενος

397 2046 485 2131 αὐτῷ,
513 2045 597 2130 quod
626 2043 705 2108 nihil
734 2043 821 2108 aliud
847 2051 897 2107 est
923 2053 1042 2131 praeter
1068 2044 1227 2109 Timothei
1253 2067 1452 2130 responsum.

397 2146 478 2210 Mox
489 2168 548 2230 pro
562 2149 682 2228 ἀγνοῶν
696 2151 853 2231 praestent
868 2146 990 2225 ἀγνοεῖς
1001 2147 1168 2211 Pedalium
1179 2157 1212 2213 et
1228 2147 1346 2233 Sylhpc
1361 2150 1453 2211 Grae-

397 2269 509 2311 οονυνυ.

440 2350 477 2412 Ρ.
497 2349 605 2433 2321.
620 2368 651 2434 5.
678 2349 783 2435 ἑαυτῷ]
808 2352 972 2415 Praestaut
992 2359 1059 2415 tres
1081 2352 1206 2416 codices
1228 2361 1262 2417 et
1281 2352 1451 2416 Pedalium

396 2455 521 2537 σεαυτῷ,
534 2472 636 2536 neque
651 2451 738 2515 eliud
754 2451 912 2537 significat
927 2452 1022 2518 lectio
1037 2466 1173 2539 recepte.
1213 2454 1361 2517 Proxime
1375 2461 1452 2538 post

395 2551 527 2616 additur
542 2552 632 2619 καλὸν
649 2553 682 2616 in
704 2553 828 2618 duobus
848 2577 866 2618 e
888 2555 992 2618 trihus
1009 2556 1080 2620 istis
1095 2555 1255 2620 codicibus
1270 2563 1342 2641 post
1357 2577 1451 2619 voces

395 2651 450 2734 οὔχ
472 2654 511 2719 ὡς
532 2652 721 2731 διδάσκαλος,
739 2655 822 2719 etin
840 2655 914 2719 Cod.
932 2659 1005 2739 625.
1023 2657 1128 2720 Rawl.
1146 2657 1209 2721 alia
1225 2678 1320 2721 manu
1342 2680 1449 2742 super-

395 2753 547 2837 scriptum
566 2761 616 2818 est
632 2755 716 2818 idem
731 2756 862 2819 verbum
882 2758 983 2832 καλὸς,
1001 2758 1056 2821 sed
1076 2780 1116 2821 ex
1132 2760 1245 2823 vitiosa
1260 2760 1449 2843 repetitione

398 2860 513 2917 ortum.

441 2955 524 3019 Ibid.
539 2955 560 3019 l.
577 2977 608 3038 9.
631 2959 658 3030 ὅ,
672 2983 701 3020 τι
723 2959 761 3021 dv
783 2983 833 3020 σοι
855 2959 936 3037 φανῇ
960 2960 1074 3022 δίκαιον
1097 2962 1145 3023 καὶ
1166 2961 1302 3043 βέλτιον]
1320 2963 1449 3027 Abeunt

397 3080 488 3124 voces
509 3059 623 3123 δίκαιον
643 3061 690 3123 καὶ
709 3082 729 3124 a
748 3065 871 3145 septem
894 3082 911 3123 e
932 3081 1043 3124 novem
1060 3061 1200 3136 ussus,
1217 3062 1449 3136 necmalc,n1c
1529 3127 1534 3133 ,

393 3162 512 3247 judice.
554 3161 748 3227 Retinentur
763 3170 871 3227 autem
889 3162 923 3225 in
943 3163 1085 3237 Pedalie,
1103 3165 1186 3247 quod
1210 3162 1398 3248 particulam
1422 3169 1449 3226 εἰ

396 3288 455 3351 pro
470 3263 499 3346 ἢ,
515 3273 611 3351 prout
626 3286 709 3329 nuuc
724 3265 794 3342 edo,
806 3264 985 3330 substituit.
1024 3267 1107 3330 Mox
1123 3264 1309 3348 ἀντιγράψῃς
1323 3286 1380 3348 pro
1396 3265 1446 3326 ἂν

396 3368 555 3451 τιγράψεις
569 3390 586 3433 e
602 3369 729 3453 scriptis
743 3367 857 3453 recepi.
889 3370 1041 3433 Ceterum
1056 3370 1176 3434 frustra
1191 3369 1242 3433 hic
1257 3389 1387 3452 quaeres‚
1404 3367 1448 3429 mi

399 3471 531 3548 Lector,
547 3492 617 3555 quae
640 3471 716 3535 olim
738 3471 770 3533 in
795 3470 845 3533 his
861 3471 1081 3536 Voluminibus
1102 3473 1206 3557 posita
1220 3495 1240 3535 a
1255 3493 1304 3534 me
1319 3470 1447 3545 luerint,

398 3594 438 3636 ex
461 3572 622 3637 codicibus
645 3571 878 3637 Oxoniensibus
901 3582 1056 3650 correcte,
1072 3574 1218 3658 Dionysii
1240 3572 1450 3637 Alexandrini

397 3672 577 3757 fragmenta
592 3674 625 3736 in
641 3673 763 3738 Niceten
780 3675 893 3738 Calena
908 3675 941 3738 in
956 3675 1067 3739 dodam
1081 3684 1278 3751 conservata,
1290 3683 1360 3739 tum
1376 3696 1450 3737 vero

397 3775 462 3839 alia
482 3775 637 3860 ampliora
660 3777 807 3862 Dionysii
829 3785 982 3864 excerpta
1004 3779 1046 3843 ab
1068 3779 1207 3844 Eusebio
1229 3780 1261 3842 in
1279 3781 1451 3863 Praepara-

398 3876 508 3939 tiorum
537 3896 627 3939 suam
657 3875 877 3961 Ecacpeiicom
905 3879 1083 3966 desumpta.
1127 3881 1206 3962 Quae
1233 3881 1335 3958 omisi,
1358 3903 1448 3966 prop-

398 3988 488 4046 terea
500 3979 584 4065 quod
595 3977 659 4042 cito
670 3988 851 4043 secuturam
862 3980 959 4047 luisse
971 4005 1083 4046 novom
1095 3983 1234 4048 omnium
1247 3984 1445 4069 reliquiarum

402 4083 496 4168 hujus
515 4080 714 4145 disertissimi
737 4081 901 4164 scriptoris
926 4085 1110 4162 emtionem,
1133 4108 1266 4169 eamque
1292 4081 1445 4153 eximiam,

401 4205 517 4268 magne
532 4205 591 4247 nos
606 4204 679 4268 spes
694 4181 835 4246 tenebat.
