<?xml version="1.0" encoding="UTF-8"?>
<!DOCTYPE html PUBLIC "-//W3C//DTD XHTML 1.0 Transitional//EN"
    "http://www.w3.org/TR/xhtml1/DTD/xhtml1-transitional.dtd">
<html xmlns="http://www.w3.org/1999/xhtml" xml:lang="en" lang="en">
 <head>
  <title>
</title>
<meta http-equiv="Content-Type" content="text/html;charset=utf-8" />
  <meta name='ocr-system' content='tesseract 3.04.00' />
  <meta name='ocr-capabilities' content='ocr_page ocr_carea ocr_par ocr_line ocrx_word'/>
</head>
<body>
  <div class='ocr_page' id='page_1' title='image "./reliquiaesacrae08routgoog_0515.png"; bbox 0 0 3700 5667; ppageno 0'>
   <div class='ocr_carea' id='block_1_1' title="bbox 682 674 1497 745">
    <p class='ocr_par' dir='ltr' id='par_1_1' title="bbox 682 674 1497 745">
     <span class='ocr_line' id='line_1_1' title="bbox 682 674 1497 745; baseline 0.007 -9"><span class='ocrx_word' id='word_1_1' title='bbox 682 674 1020 738; x_wconf 79' lang='lat' dir='ltr'>S.PAMPH11,US</span> <span class='ocrx_word' id='word_1_2' title='bbox 1042 674 1265 740; x_wconf 85' lang='lat' dir='ltr'><strong>MARTYR.</strong></span> <span class='ocrx_word' id='word_1_3' title='bbox 1433 678 1497 745; x_wconf 80' lang='grc'>497</span> 
     </span>
    </p>
   </div>
   <div class='ocr_carea' id='block_1_2' title="bbox 398 871 1498 3480">
    <p class='ocr_par' dir='ltr' id='par_1_2' title="bbox 449 871 1498 1176">
     <span class='ocr_line' id='line_1_2' title="bbox 449 871 1498 961; baseline 0.006 -27"><span class='ocrx_word' id='word_1_4' title='bbox 449 871 505 935; x_wconf 84' lang='lat' dir='ltr'>Da</span> <span class='ocrx_word' id='word_1_5' title='bbox 524 872 624 936; x_wconf 80' lang='grc' dir='ltr'>ιοόοιιι</span> <span class='ocrx_word' id='word_1_6' title='bbox 645 875 741 958; x_wconf 66' lang='lat' dir='ltr'>Opem</span> <span class='ocrx_word' id='word_1_7' title='bbox 761 875 807 938; x_wconf 78' lang='lat' dir='ltr'>ita</span> <span class='ocrx_word' id='word_1_8' title='bbox 828 873 934 939; x_wconf 69' lang='grc' dir='ltr'>ισιίδίι</span> <span class='ocrx_word' id='word_1_9' title='bbox 956 876 1120 959; x_wconf 71' lang='lat' dir='ltr'>Antipater</span> <span class='ocrx_word' id='word_1_10' title='bbox 1138 876 1308 939; x_wconf 74' lang='lat' dir='ltr'>Bottrotttit</span> <span class='ocrx_word' id='word_1_11' title='bbox 1329 875 1498 961; x_wconf 75' lang='grc' dir='ltr'>Ερίιοοριιι</span> 
     </span>
     <span class='ocr_line' id='line_1_3' title="bbox 492 981 1498 1071; baseline 0.005 -27"><span class='ocrx_word' id='word_1_12' title='bbox 492 982 527 1043; x_wconf 79' lang='lat' dir='ltr'>iu</span> <span class='ocrx_word' id='word_1_13' title='bbox 542 981 638 1046; x_wconf 78' lang='lat' dir='ltr'><em>Libro</em></span> <span class='ocrx_word' id='word_1_14' title='bbox 648 984 753 1067; x_wconf 83' lang='lat' dir='ltr'>primo</span> <span class='ocrx_word' id='word_1_15' title='bbox 767 985 974 1068; x_wconf 66' lang='grc' dir='ltr'>Βιβιιαίίοιιίι</span> <span class='ocrx_word' id='word_1_16' title='bbox 987 984 1146 1071; x_wconf 77' lang='grc' dir='ltr'>Αροίορία</span> <span class='ocrx_word' id='word_1_17' title='bbox 1161 983 1285 1049; x_wconf 76' lang='grc' dir='ltr'>Ειιοιδίί</span> <span class='ocrx_word' id='word_1_18' title='bbox 1302 986 1498 1050; x_wconf 64' lang='grc' dir='ltr'>θσιαιίαιοιζι</span> 
     </span>
     <span class='ocr_line' id='line_1_4' title="bbox 489 1092 702 1176; baseline 0.009 -24"><span class='ocrx_word' id='word_1_19' title='bbox 489 1112 547 1172; x_wconf 79' lang='lat' dir='ltr'>pro</span> <span class='ocrx_word' id='word_1_20' title='bbox 566 1092 702 1176; x_wconf 75' lang='grc' dir='ltr'>Οκιῗριιιι.</span> 
     </span>
    </p>

    <p class='ocr_par' dir='ltr' id='par_1_3' title="bbox 398 1224 1498 3286">
     <span class='ocr_line' id='line_1_5' title="bbox 487 1224 1494 1314; baseline 0.006 -25"><span class='ocrx_word' id='word_1_21' title='bbox 487 1224 587 1290; x_wconf 86' lang='grc' dir='ltr'>Ὥστε</span> <span class='ocrx_word' id='word_1_22' title='bbox 607 1228 653 1306; x_wconf 72' lang='grc' dir='ltr'>δὴ,</span> <span class='ocrx_word' id='word_1_23' title='bbox 670 1230 720 1292; x_wconf 77' lang='grc' dir='ltr'>ἵνα</span> <span class='ocrx_word' id='word_1_24' title='bbox 737 1230 777 1308; x_wconf 77' lang='grc' dir='ltr'>μὴ</span> <span class='ocrx_word' id='word_1_25' title='bbox 797 1232 928 1308; x_wconf 78' lang='grc' dir='ltr'>δόξωμεν</span> <span class='ocrx_word' id='word_1_26' title='bbox 944 1231 1136 1309; x_wconf 73' lang='grc' dir='ltr'>ἐπεμβαίνειν</span> <span class='ocrx_word' id='word_1_27' title='bbox 1150 1234 1191 1314; x_wconf 78' lang='grc' dir='ltr'>τῷ</span> <span class='ocrx_word' id='word_1_28' title='bbox 1207 1230 1291 1312; x_wconf 77' lang='grc' dir='ltr'>ἀνδρί</span> <span class='ocrx_word' id='word_1_29' title='bbox 1306 1232 1382 1312; x_wconf 82' lang='lat' dir='ltr'>(scii.</span> <span class='ocrx_word' id='word_1_30' title='bbox 1401 1237 1494 1296; x_wconf 85' lang='lat' dir='ltr'>Euse-</span> 
     </span>
     <span class='ocr_line' id='line_1_6' title="bbox 424 1337 1496 1422; baseline 0.007 -25"><span class='ocrx_word' id='word_1_31' title='bbox 424 1342 523 1415; x_wconf 78' lang='lat' dir='ltr'>5bio),</span> <span class='ocrx_word' id='word_1_32' title='bbox 543 1337 610 1416; x_wconf 82' lang='grc' dir='ltr'>περὶ</span> <span class='ocrx_word' id='word_1_33' title='bbox 632 1337 673 1399; x_wconf 88' lang='grc' dir='ltr'>ῶν</span> <span class='ocrx_word' id='word_1_34' title='bbox 693 1338 728 1401; x_wconf 80' lang='grc' dir='ltr'>οὐ</span> <span class='ocrx_word' id='word_1_35' title='bbox 747 1340 898 1419; x_wconf 88' lang='grc' dir='ltr'>πρόκειται</span> <span class='ocrx_word' id='word_1_36' title='bbox 919 1340 989 1418; x_wconf 83' lang='grc' dir='ltr'>ἡμῖν</span> <span class='ocrx_word' id='word_1_37' title='bbox 1010 1341 1059 1403; x_wconf 75' lang='grc' dir='ltr'>ἐπὶ</span> <span class='ocrx_word' id='word_1_38' title='bbox 1078 1345 1129 1402; x_wconf 88' lang='grc' dir='ltr'>τοῦ</span> <span class='ocrx_word' id='word_1_39' title='bbox 1149 1342 1296 1420; x_wconf 84' lang='grc' dir='ltr'>παρόντος</span> <span class='ocrx_word' id='word_1_40' title='bbox 1315 1340 1429 1422; x_wconf 79' lang='grc' dir='ltr'>λέγειν,</span> <span class='ocrx_word' id='word_1_41' title='bbox 1446 1341 1496 1404; x_wconf 82' lang='grc' dir='ltr'>ίνα</span> 
     </span>
     <span class='ocr_line' id='line_1_7' title="bbox 448 1447 1496 1532; baseline 0.009 -25"><span class='ocrx_word' id='word_1_42' title='bbox 448 1447 663 1522; x_wconf 78' lang='grc' dir='ltr'>βασανίζοντες</span> <span class='ocrx_word' id='word_1_43' title='bbox 685 1448 760 1528; x_wconf 86' lang='grc' dir='ltr'>πρὸς</span> <span class='ocrx_word' id='word_1_44' title='bbox 782 1450 938 1528; x_wconf 77' lang='grc' dir='ltr'>ἀκρίβειαν</span> <span class='ocrx_word' id='word_1_45' title='bbox 959 1450 1013 1528; x_wconf 77' lang='grc' dir='ltr'>τὴν</span> <span class='ocrx_word' id='word_1_46' title='bbox 1035 1449 1201 1531; x_wconf 79' lang='grc' dir='ltr'>γενομένην</span> <span class='ocrx_word' id='word_1_47' title='bbox 1223 1452 1401 1532; x_wconf 81' lang='grc' dir='ltr'>ἀπολογίαν,</span> <span class='ocrx_word' id='word_1_48' title='bbox 1418 1454 1496 1532; x_wconf 83' lang='grc' dir='ltr'>αίρε-</span> 
     </span>
     <span class='ocr_line' id='line_1_8' title="bbox 449 1554 1495 1642; baseline 0.008 -27"><span class='ocrx_word' id='word_1_49' title='bbox 449 1556 544 1620; x_wconf 83' lang='grc' dir='ltr'>τικοδς</span> <span class='ocrx_word' id='word_1_50' title='bbox 563 1554 766 1634; x_wconf 77' lang='grc' dir='ltr'>ἀποδείξωμεν</span> <span class='ocrx_word' id='word_1_51' title='bbox 780 1557 847 1624; x_wconf 84' lang='grc' dir='ltr'>τοὺς</span> <span class='ocrx_word' id='word_1_52' title='bbox 866 1558 1062 1639; x_wconf 77' lang='grc' dir='ltr'>ἀμφοτέρους,</span> <span class='ocrx_word' id='word_1_53' title='bbox 1077 1559 1167 1621; x_wconf 82' lang='grc' dir='ltr'>αὐτόν</span> <span class='ocrx_word' id='word_1_54' title='bbox 1182 1584 1213 1622; x_wconf 94' lang='grc' dir='ltr'>τε</span> <span class='ocrx_word' id='word_1_55' title='bbox 1234 1559 1288 1623; x_wconf 88' lang='grc' dir='ltr'>τὸν</span> <span class='ocrx_word' id='word_1_56' title='bbox 1303 1560 1495 1642; x_wconf 81' lang='grc' dir='ltr'>ἀπολογησό-</span> 
     </span>
     <span class='ocr_line' id='line_1_9' title="bbox 448 1666 1498 1751; baseline 0.012 -25"><span class='ocrx_word' id='word_1_57' title='bbox 448 1690 551 1741; x_wconf 89' lang='grc' dir='ltr'>μενον,</span> <span class='ocrx_word' id='word_1_58' title='bbox 574 1668 622 1729; x_wconf 87' lang='grc' dir='ltr'>καὶ</span> <span class='ocrx_word' id='word_1_59' title='bbox 643 1666 696 1730; x_wconf 85' lang='grc' dir='ltr'>τὸν</span> <span class='ocrx_word' id='word_1_60' title='bbox 716 1669 791 1748; x_wconf 74' lang='grc' dir='ltr'>ὑπὲρ</span> <span class='ocrx_word' id='word_1_61' title='bbox 813 1668 883 1731; x_wconf 85' lang='grc' dir='ltr'>ὅτου</span> <span class='ocrx_word' id='word_1_62' title='bbox 904 1667 959 1745; x_wconf 78' lang='grc' dir='ltr'>τὴν</span> <span class='ocrx_word' id='word_1_63' title='bbox 981 1668 1150 1748; x_wconf 78' lang='grc' dir='ltr'>ἀπολογίαν</span> <span class='ocrx_word' id='word_1_64' title='bbox 1172 1668 1325 1746; x_wconf 77' lang='grc' dir='ltr'>συνέταξε·</span> <span class='ocrx_word' id='word_1_65' title='bbox 1372 1683 1421 1737; x_wconf 73' lang='grc' dir='ltr'>Καὶ</span> <span class='ocrx_word' id='word_1_66' title='bbox 1441 1682 1498 1751; x_wconf 78' lang='grc' dir='ltr'>μεθ’</span> 
     </span>
     <span class='ocr_line' id='line_1_10' title="bbox 448 1776 1494 1862; baseline 0.01 -26"><span class='ocrx_word' id='word_1_67' title='bbox 448 1784 522 1855; x_wconf 77' lang='grc' dir='ltr'>ἔτερα</span> <span class='ocrx_word' id='word_1_68' title='bbox 538 1784 638 1854; x_wconf 80' lang='lat' dir='ltr'>(verba</span> <span class='ocrx_word' id='word_1_69' title='bbox 651 1794 720 1841; x_wconf 91' lang='lat' dir='ltr'>sunt</span> <span class='ocrx_word' id='word_1_70' title='bbox 734 1780 941 1861; x_wconf 73' lang='lat' dir='ltr'>excerptoris).</span> <span class='ocrx_word' id='word_1_71' title='bbox 969 1782 1079 1854; x_wconf 80' lang='grc' dir='ltr'>Δεῖξον</span> <span class='ocrx_word' id='word_1_72' title='bbox 1093 1776 1203 1856; x_wconf 86' lang='grc' dir='ltr'>τρανὸν</span> <span class='ocrx_word' id='word_1_73' title='bbox 1218 1777 1266 1839; x_wconf 81' lang='grc' dir='ltr'>καί</span> <span class='ocrx_word' id='word_1_74' title='bbox 1281 1779 1494 1862; x_wconf 78' lang='grc' dir='ltr'>ἀναμφιβολόν</span> 
     </span>
     <span class='ocr_line' id='line_1_11' title="bbox 404 1884 1491 1975; baseline 0.007 -26"><span class='ocrx_word' id='word_1_75' title='bbox 404 1884 517 1961; x_wconf 66' lang='lat' dir='ltr'>misor.</span> <span class='ocrx_word' id='word_1_76' title='bbox 537 1892 649 1967; x_wconf 83' lang='grc' dir='ltr'>τρανῶς</span> <span class='ocrx_word' id='word_1_77' title='bbox 670 1887 719 1949; x_wconf 81' lang='grc' dir='ltr'>καί</span> <span class='ocrx_word' id='word_1_78' title='bbox 741 1888 969 1967; x_wconf 76' lang='grc' dir='ltr'>όναμφιβολῶς,</span> <span class='ocrx_word' id='word_1_79' title='bbox 985 1892 1144 1950; x_wconf 87' lang='lat' dir='ltr'>secundum</span> <span class='ocrx_word' id='word_1_80' title='bbox 1167 1894 1301 1951; x_wconf 80' lang='lat' dir='ltr'>Latinam</span> <span class='ocrx_word' id='word_1_81' title='bbox 1324 1896 1491 1975; x_wconf 82' lang='lat' dir='ltr'><strong>interpret.)</strong></span> 
     </span>
     <span class='ocr_line' id='line_1_12' title="bbox 447 1995 1494 2082; baseline 0.006 -26"><span class='ocrx_word' id='word_1_82' title='bbox 447 2020 514 2058; x_wconf 93' lang='grc' dir='ltr'>τινα</span> <span class='ocrx_word' id='word_1_83' title='bbox 535 2001 594 2058; x_wconf 89' lang='grc' dir='ltr'>τῶν</span> <span class='ocrx_word' id='word_1_84' title='bbox 617 2000 669 2073; x_wconf 83' lang='grc' dir='ltr'>τῆς</span> <span class='ocrx_word' id='word_1_85' title='bbox 692 1997 850 2075; x_wconf 75' lang='grc' dir='ltr'>ἐκκλησίας</span> <span class='ocrx_word' id='word_1_86' title='bbox 874 2000 1029 2076; x_wconf 83' lang='grc' dir='ltr'>διαφανῶν</span> <span class='ocrx_word' id='word_1_87' title='bbox 1052 1995 1252 2072; x_wconf 72' lang='grc' dir='ltr'>διδασκάλων,</span> <span class='ocrx_word' id='word_1_88' title='bbox 1274 1998 1320 2060; x_wconf 82' lang='grc' dir='ltr'>ὅτι</span> <span class='ocrx_word' id='word_1_89' title='bbox 1344 2000 1494 2082; x_wconf 79' lang='grc' dir='ltr'>προῦπόρ-</span> 
     </span>
     <span class='ocr_line' id='line_1_13' title="bbox 447 2108 1495 2192; baseline 0.009 -24"><span class='ocrx_word' id='word_1_90' title='bbox 447 2131 555 2188; x_wconf 85' lang='grc' dir='ltr'>χουσιν</span> <span class='ocrx_word' id='word_1_91' title='bbox 575 2109 605 2169; x_wconf 80' lang='grc' dir='ltr'>αἱ</span> <span class='ocrx_word' id='word_1_92' title='bbox 625 2113 682 2169; x_wconf 91' lang='grc' dir='ltr'>τῶν</span> <span class='ocrx_word' id='word_1_93' title='bbox 703 2108 866 2187; x_wconf 77' lang='grc' dir='ltr'>ἀνθρώπων</span> <span class='ocrx_word' id='word_1_94' title='bbox 887 2109 996 2188; x_wconf 78' lang='grc' dir='ltr'>ψυχαὶ,</span> <span class='ocrx_word' id='word_1_95' title='bbox 1018 2108 1248 2185; x_wconf 84' lang='grc' dir='ltr'>δογματίσαντα.</span> <span class='ocrx_word' id='word_1_96' title='bbox 1273 2110 1321 2172; x_wconf 85' lang='grc' dir='ltr'>καὶ</span> <span class='ocrx_word' id='word_1_97' title='bbox 1340 2110 1380 2187; x_wconf 77' lang='grc' dir='ltr'>μὴ</span> <span class='ocrx_word' id='word_1_98' title='bbox 1399 2136 1495 2192; x_wconf 89' lang='grc' dir='ltr'>παρα·</span> 
     </span>
     <span class='ocr_line' id='line_1_14' title="bbox 446 2216 1491 2301; baseline 0.009 -24"><span class='ocrx_word' id='word_1_99' title='bbox 446 2218 609 2296; x_wconf 84' lang='grc' dir='ltr'>λογισμούς</span> <span class='ocrx_word' id='word_1_100' title='bbox 631 2241 714 2281; x_wconf 94' lang='grc' dir='ltr'>τινας</span> <span class='ocrx_word' id='word_1_101' title='bbox 737 2216 900 2296; x_wconf 83' lang='grc' dir='ltr'>προφέρειν</span> <span class='ocrx_word' id='word_1_102' title='bbox 922 2221 1013 2297; x_wconf 84' lang='grc' dir='ltr'>πειρῶ</span> <span class='ocrx_word' id='word_1_103' title='bbox 1038 2218 1078 2280; x_wconf 89' lang='grc' dir='ltr'>είς</span> <span class='ocrx_word' id='word_1_104' title='bbox 1102 2217 1261 2295; x_wconf 81' lang='grc' dir='ltr'>ἀπόδειξιν.</span> <span class='ocrx_word' id='word_1_105' title='bbox 1292 2219 1326 2281; x_wconf 89' lang='grc' dir='ltr'>τδ</span> <span class='ocrx_word' id='word_1_106' title='bbox 1351 2223 1409 2301; x_wconf 82' lang='grc' dir='ltr'>γδρ</span> <span class='ocrx_word' id='word_1_107' title='bbox 1433 2227 1491 2286; x_wconf 88' lang='grc' dir='ltr'>δει-</span> 
     </span>
     <span class='ocr_line' id='line_1_15' title="bbox 448 2326 1493 2407; baseline 0.006 -19"><span class='ocrx_word' id='word_1_108' title='bbox 448 2328 550 2389; x_wconf 85' lang='grc' dir='ltr'>κνύναι</span> <span class='ocrx_word' id='word_1_109' title='bbox 573 2352 609 2389; x_wconf 94' lang='grc' dir='ltr'>σε</span> <span class='ocrx_word' id='word_1_110' title='bbox 631 2327 779 2400; x_wconf 82' lang='grc' dir='ltr'>σπεύδειν,</span> <span class='ocrx_word' id='word_1_111' title='bbox 803 2326 857 2403; x_wconf 67' lang='grc' dir='ltr'>τὴν</span> <span class='ocrx_word' id='word_1_112' title='bbox 875 2328 928 2387; x_wconf 84' lang='grc' dir='ltr'>τοῦ</span> <span class='ocrx_word' id='word_1_113' title='bbox 949 2328 1013 2389; x_wconf 77' lang='lat' dir='ltr'>vieti</span> <span class='ocrx_word' id='word_1_114' title='bbox 1035 2326 1108 2403; x_wconf 86' lang='grc' dir='ltr'>πρὸς</span> <span class='ocrx_word' id='word_1_115' title='bbox 1130 2326 1184 2389; x_wconf 90' lang='grc' dir='ltr'>τδν</span> <span class='ocrx_word' id='word_1_116' title='bbox 1205 2327 1319 2407; x_wconf 77' lang='grc' dir='ltr'>πατέρα</span> <span class='ocrx_word' id='word_1_117' title='bbox 1340 2331 1493 2407; x_wconf 72' lang='grc' dir='ltr'>ὑπόβασιν</span> 
     </span>
     <span class='ocr_line' id='line_1_16' title="bbox 402 2437 1493 2521; baseline 0.005 -23"><span class='ocrx_word' id='word_1_118' title='bbox 402 2453 434 2509; x_wconf 82' lang='lat'>¹5</span> <span class='ocrx_word' id='word_1_119' title='bbox 447 2439 554 2514; x_wconf 87' lang='grc' dir='ltr'>ὁμοίως</span> <span class='ocrx_word' id='word_1_120' title='bbox 573 2437 649 2521; x_wconf 80' lang='grc' dir='ltr'>αὐτῶ</span> <span class='ocrx_word' id='word_1_121' title='bbox 672 2439 752 2501; x_wconf 76' lang='grc' dir='ltr'>τινας</span> <span class='ocrx_word' id='word_1_122' title='bbox 774 2437 935 2515; x_wconf 76' lang='grc' dir='ltr'>εἰρηκότας,</span> <span class='ocrx_word' id='word_1_123' title='bbox 954 2438 1145 2517; x_wconf 80' lang='grc' dir='ltr'>πρῶτονμὲν</span> <span class='ocrx_word' id='word_1_124' title='bbox 1166 2437 1201 2498; x_wconf 81' lang='grc' dir='ltr'>οὐ</span> <span class='ocrx_word' id='word_1_125' title='bbox 1221 2442 1412 2516; x_wconf 80' lang='grc' dir='ltr'>ξενισθῶμεν·</span> <span class='ocrx_word' id='word_1_126' title='bbox 1437 2447 1493 2503; x_wconf 86' lang='grc' dir='ltr'>σοΰ</span> 
     </span>
     <span class='ocr_line' id='line_1_17' title="bbox 446 2547 1491 2627; baseline 0.005 -18"><span class='ocrx_word' id='word_1_127' title='bbox 446 2547 566 2627; x_wconf 76' lang='grc' dir='ltr'>γὰρκαὶ</span> <span class='ocrx_word' id='word_1_128' title='bbox 584 2553 643 2609; x_wconf 95' lang='grc' dir='ltr'>τῶν</span> <span class='ocrx_word' id='word_1_129' title='bbox 662 2548 730 2626; x_wconf 81' lang='grc' dir='ltr'>περὶ</span> <span class='ocrx_word' id='word_1_130' title='bbox 750 2549 787 2609; x_wconf 74' lang='grc' dir='ltr'>σὲ</span> <span class='ocrx_word' id='word_1_131' title='bbox 806 2548 824 2625; x_wconf 84' lang='grc' dir='ltr'><em>ἡ</em></span> <span class='ocrx_word' id='word_1_132' title='bbox 845 2548 964 2624; x_wconf 76' lang='grc' dir='ltr'>τοιαύτη</span> <span class='ocrx_word' id='word_1_133' title='bbox 979 2548 1061 2624; x_wconf 87' lang='grc' dir='ltr'>δόξα.</span> <span class='ocrx_word' id='word_1_134' title='bbox 1084 2549 1155 2609; x_wconf 87' lang='grc' dir='ltr'>όθεν</span> <span class='ocrx_word' id='word_1_135' title='bbox 1169 2547 1238 2625; x_wconf 78' lang='grc' dir='ltr'>περί</span> <span class='ocrx_word' id='word_1_136' title='bbox 1256 2550 1360 2612; x_wconf 82' lang='grc' dir='ltr'>τούτου</span> <span class='ocrx_word' id='word_1_137' title='bbox 1376 2551 1425 2613; x_wconf 74' lang='grc' dir='ltr'>ἐπὶ</span> <span class='ocrx_word' id='word_1_138' title='bbox 1440 2557 1491 2614; x_wconf 87' lang='grc' dir='ltr'>τοῦ</span> 
     </span>
     <span class='ocr_line' id='line_1_18' title="bbox 446 2657 1492 2745; baseline 0.004 -25"><span class='ocrx_word' id='word_1_139' title='bbox 446 2661 591 2738; x_wconf 88' lang='grc' dir='ltr'>παρόντος</span> <span class='ocrx_word' id='word_1_140' title='bbox 615 2660 708 2738; x_wconf 80' lang='grc' dir='ltr'>λόγος</span> <span class='ocrx_word' id='word_1_141' title='bbox 732 2659 802 2737; x_wconf 75' lang='grc' dir='ltr'>ἡμῖν</span> <span class='ocrx_word' id='word_1_142' title='bbox 828 2659 934 2733; x_wconf 82' lang='grc' dir='ltr'>οὐδεὶς,</span> <span class='ocrx_word' id='word_1_143' title='bbox 961 2657 1055 2721; x_wconf 88' lang='grc' dir='ltr'>πόλαι</span> <span class='ocrx_word' id='word_1_144' title='bbox 1080 2660 1137 2736; x_wconf 72' lang='grc' dir='ltr'>μὲν</span> <span class='ocrx_word' id='word_1_145' title='bbox 1163 2660 1349 2745; x_wconf 78' lang='grc' dir='ltr'>οίκονμενικῇ</span> <span class='ocrx_word' id='word_1_146' title='bbox 1374 2661 1492 2741; x_wconf 75' lang='grc' dir='ltr'>ζητήσει</span> 
     </span>
     <span class='ocr_line' id='line_1_19' title="bbox 444 2765 1492 2850; baseline 0.008 -23"><span class='ocrx_word' id='word_1_147' title='bbox 444 2766 668 2845; x_wconf 79' lang='grc' dir='ltr'>ὑποβληθέντος</span> <span class='ocrx_word' id='word_1_148' title='bbox 691 2765 980 2846; x_wconf 82' lang='grc' dir='ltr'>(1.όποβληθε’ντος)</span> <span class='ocrx_word' id='word_1_149' title='bbox 1007 2767 1055 2829; x_wconf 76' lang='grc' dir='ltr'>καί</span> <span class='ocrx_word' id='word_1_150' title='bbox 1077 2767 1342 2850; x_wconf 81' lang='grc' dir='ltr'>δποκηρνχθίντος·</span> <span class='ocrx_word' id='word_1_151' title='bbox 1368 2770 1408 2848; x_wconf 79' lang='grc' dir='ltr'>μὴ</span> <span class='ocrx_word' id='word_1_152' title='bbox 1429 2770 1492 2835; x_wconf 87' lang='grc' dir='ltr'>πεί-</span> 
     </span>
     <span class='ocr_line' id='line_1_20' title="bbox 446 2875 1487 2967; baseline 0.005 -28"><span class='ocrx_word' id='word_1_153' title='bbox 446 2880 553 2939; x_wconf 90' lang='grc' dir='ltr'>θεσθαι</span> <span class='ocrx_word' id='word_1_154' title='bbox 579 2878 610 2938; x_wconf 72' lang='grc' dir='ltr'>δὲ</span> <span class='ocrx_word' id='word_1_155' title='bbox 638 2878 673 2939; x_wconf 72' lang='grc' dir='ltr'>ἓν</span> <span class='ocrx_word' id='word_1_156' title='bbox 698 2875 780 2955; x_wconf 82' lang='grc' dir='ltr'>(δέον</span> <span class='ocrx_word' id='word_1_157' title='bbox 804 2882 960 2961; x_wconf 86' lang='lat' dir='ltr'>legendum</span> <span class='ocrx_word' id='word_1_158' title='bbox 986 2883 1016 2939; x_wconf 90' lang='lat' dir='ltr'>iu</span> <span class='ocrx_word' id='word_1_159' title='bbox 1042 2904 1133 2960; x_wconf 80' lang='lat' dir='ltr'><strong>marg.</strong></span> <span class='ocrx_word' id='word_1_160' title='bbox 1159 2884 1359 2962; x_wconf 84' lang='lat' dir='ltr'>proponitur.)</span> <span class='ocrx_word' id='word_1_161' title='bbox 1385 2883 1487 2967; x_wconf 76' lang='grc' dir='ltr'>τούτῳ,</span> 
     </span>
     <span class='ocr_line' id='line_1_21' title="bbox 398 2983 1491 3070; baseline 0.011 -27"><span class='ocrx_word' id='word_1_162' title='bbox 398 3007 435 3044; x_wconf 80' lang='grc' dir='ltr'>ιο</span> <span class='ocrx_word' id='word_1_163' title='bbox 443 2987 516 3065; x_wconf 74' lang='grc' dir='ltr'>μηδὲ</span> <span class='ocrx_word' id='word_1_164' title='bbox 535 2983 570 3047; x_wconf 83' lang='grc' dir='ltr'>δι’</span> <span class='ocrx_word' id='word_1_165' title='bbox 587 2986 637 3051; x_wconf 84' lang='grc' dir='ltr'>οδς</span> <span class='ocrx_word' id='word_1_166' title='bbox 657 2990 749 3047; x_wconf 85' lang='grc' dir='ltr'>ταῦτα</span> <span class='ocrx_word' id='word_1_167' title='bbox 769 2986 839 3064; x_wconf 83' lang='grc' dir='ltr'>ἡμῖν</span> <span class='ocrx_word' id='word_1_168' title='bbox 856 2988 1007 3068; x_wconf 88' lang='grc' dir='ltr'>πρόκειται</span> <span class='ocrx_word' id='word_1_169' title='bbox 1018 2988 1206 3063; x_wconf 75' lang='grc' dir='ltr'>βασανίζειν·</span> <span class='ocrx_word' id='word_1_170' title='bbox 1228 2987 1262 3049; x_wconf 83' lang='grc' dir='ltr'>τό</span> <span class='ocrx_word' id='word_1_171' title='bbox 1277 2990 1309 3050; x_wconf 74' lang='grc' dir='ltr'>δὲ</span> <span class='ocrx_word' id='word_1_172' title='bbox 1325 2990 1422 3070; x_wconf 75' lang='grc' dir='ltr'>ψιλὴν</span> <span class='ocrx_word' id='word_1_173' title='bbox 1436 2991 1491 3069; x_wconf 77' lang='grc' dir='ltr'>τὴν</span> 
     </span>
     <span class='ocr_line' id='line_1_22' title="bbox 443 3096 1489 3182; baseline 0.005 -24"><span class='ocrx_word' id='word_1_174' title='bbox 443 3097 510 3176; x_wconf 81' lang='grc' dir='ltr'>περὶ</span> <span class='ocrx_word' id='word_1_175' title='bbox 526 3098 625 3177; x_wconf 82' lang='grc' dir='ltr'>ἀρχῶν</span> <span class='ocrx_word' id='word_1_176' title='bbox 645 3096 749 3176; x_wconf 74' lang='grc' dir='ltr'>φωνὴν</span> <span class='ocrx_word' id='word_1_177' title='bbox 770 3096 961 3176; x_wconf 81' lang='grc' dir='ltr'>διαβάλλειν,</span> <span class='ocrx_word' id='word_1_178' title='bbox 976 3096 1108 3175; x_wconf 80' lang='grc' dir='ltr'>οὐδαμῶς</span> <span class='ocrx_word' id='word_1_179' title='bbox 1128 3097 1208 3176; x_wconf 85' lang='grc' dir='ltr'>παρό</span> <span class='ocrx_word' id='word_1_180' title='bbox 1227 3123 1307 3164; x_wconf 89' lang='grc' dir='ltr'>τινος</span> <span class='ocrx_word' id='word_1_181' title='bbox 1328 3100 1416 3182; x_wconf 70' lang='grc' dir='ltr'>μέχρι</span> <span class='ocrx_word' id='word_1_182' title='bbox 1437 3107 1489 3163; x_wconf 84' lang='grc' dir='ltr'>τοῦ</span> 
     </span>
     <span class='ocr_line' id='line_1_23' title="bbox 444 3202 1488 3286; baseline 0.004 -18"><span class='ocrx_word' id='word_1_183' title='bbox 444 3213 497 3268; x_wconf 83' lang='grc' dir='ltr'>νῦν</span> <span class='ocrx_word' id='word_1_184' title='bbox 521 3204 660 3281; x_wconf 79' lang='grc' dir='ltr'>ἀκήκοας,</span> <span class='ocrx_word' id='word_1_185' title='bbox 682 3202 706 3265; x_wconf 77' lang='grc' dir='ltr'>ὦ</span> <span class='ocrx_word' id='word_1_186' title='bbox 729 3207 807 3267; x_wconf 76' lang='grc' dir='ltr'>δεινέ</span> <span class='ocrx_word' id='word_1_187' title='bbox 833 3204 980 3285; x_wconf 81' lang='grc' dir='ltr'>συνήγορε</span> <span class='ocrx_word' id='word_1_188' title='bbox 1006 3211 1066 3269; x_wconf 81' lang='grc' dir='ltr'>ταῖς</span> <span class='ocrx_word' id='word_1_189' title='bbox 1089 3203 1267 3285; x_wconf 81' lang='grc' dir='ltr'>Ὠριγένονς</span> <span class='ocrx_word' id='word_1_190' title='bbox 1293 3207 1488 3286; x_wconf 80' lang='grc' dir='ltr'>ἆτοπήμασιν.</span> 
     </span>
    </p>

    <p class='ocr_par' dir='ltr' id='par_1_4' title="bbox 445 3315 1488 3397">
     <span class='ocr_line' id='line_1_24' title="bbox 445 3315 1488 3397; baseline 0.005 -24"><span class='ocrx_word' id='word_1_191' title='bbox 445 3319 557 3375; x_wconf 77' lang='lat' dir='ltr'>Extant</span> <span class='ocrx_word' id='word_1_192' title='bbox 571 3317 632 3372; x_wconf 82' lang='lat' dir='ltr'>haec</span> <span class='ocrx_word' id='word_1_193' title='bbox 647 3315 724 3392; x_wconf 87' lang='lat' dir='ltr'>upud</span> <span class='ocrx_word' id='word_1_194' title='bbox 739 3316 903 3372; x_wconf 81' lang='lat' dir='ltr'><strong>Concilium</strong></span> <span class='ocrx_word' id='word_1_195' title='bbox 920 3316 1075 3373; x_wconf 82' lang='lat' dir='ltr'>Nicaenum</span> <span class='ocrx_word' id='word_1_196' title='bbox 1094 3315 1134 3371; x_wconf 90' lang='lat'>11.</span> <span class='ocrx_word' id='word_1_197' title='bbox 1150 3326 1221 3372; x_wconf 87' lang='lat' dir='ltr'>tom.</span> <span class='ocrx_word' id='word_1_198' title='bbox 1239 3316 1286 3372; x_wconf 84' lang='lat' dir='ltr'>vii.</span> <span class='ocrx_word' id='word_1_199' title='bbox 1304 3318 1406 3375; x_wconf 81' lang='lat' dir='ltr'>Concil.</span> <span class='ocrx_word' id='word_1_200' title='bbox 1423 3340 1488 3397; x_wconf 78' lang='lat' dir='ltr'><strong>pag.</strong></span> 
     </span>
    </p>

    <p class='ocr_par' dir='ltr' id='par_1_5' title="bbox 442 3419 891 3480">
     <span class='ocr_line' id='line_1_25' title="bbox 442 3419 891 3480; baseline -0.009 -1"><span class='ocrx_word' id='word_1_201' title='bbox 442 3423 513 3479; x_wconf 84' lang='lat'>368.</span> <span class='ocrx_word' id='word_1_202' title='bbox 530 3423 573 3479; x_wconf 83' lang='lat' dir='ltr'>ed.</span> <span class='ocrx_word' id='word_1_203' title='bbox 590 3420 707 3480; x_wconf 76' lang='lat' dir='ltr'>Lattaei</span> <span class='ocrx_word' id='word_1_204' title='bbox 721 3428 746 3477; x_wconf 83' lang='lat' dir='ltr'>et</span> <span class='ocrx_word' id='word_1_205' title='bbox 764 3419 891 3477; x_wconf 71' lang='lat' dir='ltr'>cassari.</span> 
     </span>
    </p>
   </div>
   <div class='ocr_carea' id='block_1_3' title="bbox 399 3580 1492 3794">
    <p class='ocr_par' dir='ltr' id='par_1_6' title="bbox 399 3580 1492 3794">
     <span class='ocr_line' id='line_1_26' title="bbox 399 3580 1492 3652; baseline 0.001 -13"><span class='ocrx_word' id='word_1_206' title='bbox 399 3587 431 3640; x_wconf 81' lang='lat'>25</span> <span class='ocrx_word' id='word_1_207' title='bbox 481 3585 492 3637; x_wconf 95' lang='lat' dir='ltr'>l</span> <span class='ocrx_word' id='word_1_208' title='bbox 539 3603 573 3638; x_wconf 88' lang='lat' dir='ltr'>ue</span> <span class='ocrx_word' id='word_1_209' title='bbox 587 3603 621 3638; x_wconf 86' lang='lat' dir='ltr'>ne</span> <span class='ocrx_word' id='word_1_210' title='bbox 633 3583 769 3637; x_wconf 84' lang='lat' dir='ltr'>videamur</span> <span class='ocrx_word' id='word_1_211' title='bbox 781 3581 889 3652; x_wconf 76' lang='lat' dir='ltr'>aggredi</span> <span class='ocrx_word' id='word_1_212' title='bbox 902 3582 941 3635; x_wconf 71' lang='lat' dir='ltr'>vi·</span> <span class='ocrx_word' id='word_1_213' title='bbox 991 3580 1183 3651; x_wconf 82' lang='lat' dir='ltr'>subjectionem</span> <span class='ocrx_word' id='word_1_214' title='bbox 1202 3582 1281 3635; x_wconf 82' lang='lat' dir='ltr'>etism</span> <span class='ocrx_word' id='word_1_215' title='bbox 1300 3582 1351 3636; x_wconf 80' lang='lat' dir='ltr'>sibi</span> <span class='ocrx_word' id='word_1_216' title='bbox 1372 3584 1492 3641; x_wconf 82' lang='lat' dir='ltr'>similiter</span> 
     </span>
     <span class='ocr_line' id='line_1_27' title="bbox 443 3651 1489 3725; baseline 0.002 -18"><span class='ocrx_word' id='word_1_217' title='bbox 443 3673 513 3718; x_wconf 86' lang='lat' dir='ltr'>rum,</span> <span class='ocrx_word' id='word_1_218' title='bbox 546 3654 670 3725; x_wconf 84' lang='lat' dir='ltr'>equibus</span> <span class='ocrx_word' id='word_1_219' title='bbox 682 3671 737 3706; x_wconf 90' lang='lat' dir='ltr'>non</span> <span class='ocrx_word' id='word_1_220' title='bbox 749 3662 790 3706; x_wconf 84' lang='lat' dir='ltr'>est</span> <span class='ocrx_word' id='word_1_221' title='bbox 801 3652 878 3706; x_wconf 91' lang='lat' dir='ltr'>uobis</span> <span class='ocrx_word' id='word_1_222' title='bbox 891 3654 940 3705; x_wconf 91' lang='lat' dir='ltr'>im·</span> <span class='ocrx_word' id='word_1_223' title='bbox 991 3652 1094 3723; x_wconf 81' lang='lat' dir='ltr'>sliquos</span> <span class='ocrx_word' id='word_1_224' title='bbox 1114 3651 1259 3720; x_wconf 84' lang='lat' dir='ltr'>perhibere,</span> <span class='ocrx_word' id='word_1_225' title='bbox 1276 3653 1362 3722; x_wconf 78' lang='lat' dir='ltr'>ptimo</span> <span class='ocrx_word' id='word_1_226' title='bbox 1381 3654 1489 3725; x_wconf 88' lang='lat' dir='ltr'>quidem</span> 
     </span>
     <span class='ocr_line' id='line_1_28' title="bbox 444 3721 1490 3794; baseline 0.002 -17"><span class='ocrx_word' id='word_1_227' title='bbox 444 3725 643 3794; x_wconf 78' lang='lat' dir='ltr'>praessntiurum</span> <span class='ocrx_word' id='word_1_228' title='bbox 652 3722 757 3776; x_wconf 89' lang='lat' dir='ltr'>dicendi</span> <span class='ocrx_word' id='word_1_229' title='bbox 765 3723 940 3792; x_wconf 84' lang='lat' dir='ltr'>propositum,</span> <span class='ocrx_word' id='word_1_230' title='bbox 992 3739 1046 3775; x_wconf 88' lang='lat' dir='ltr'>non</span> <span class='ocrx_word' id='word_1_231' title='bbox 1066 3721 1208 3775; x_wconf 76' lang='lat' dir='ltr'>nutemus:</span> <span class='ocrx_word' id='word_1_232' title='bbox 1227 3730 1275 3775; x_wconf 83' lang='lat' dir='ltr'>tus</span> <span class='ocrx_word' id='word_1_233' title='bbox 1293 3732 1378 3777; x_wconf 83' lang='lat' dir='ltr'>estet</span> <span class='ocrx_word' id='word_1_234' title='bbox 1397 3742 1490 3779; x_wconf 82' lang='lat' dir='ltr'>eortuu</span> 
     </span>
    </p>
   </div>
   <div class='ocr_carea' id='block_1_4' title="bbox 443 3792 1488 3915">
    <p class='ocr_par' dir='ltr' id='par_1_7' title="bbox 443 3792 1488 3915">
     <span class='ocr_line' id='line_1_29' title="bbox 443 3792 1488 3915; baseline 0.004 -68"><span class='ocrx_word' id='word_1_235' title='bbox 443 3813 509 3847; x_wconf 87' lang='lat' dir='ltr'>neve</span> <span class='ocrx_word' id='word_1_236' title='bbox 522 3794 692 3848; x_wconf 77' lang='lat' dir='ltr'>discutientes</span> <span class='ocrx_word' id='word_1_237' title='bbox 709 3793 861 3863; x_wconf 79' lang='lat' dir='ltr'>diligentius</span> <span class='ocrx_word' id='word_1_238' title='bbox 877 3811 941 3862; x_wconf 84' lang='lat' dir='ltr'><strong>apo-</strong></span> <span class='ocrx_word' id='word_1_239' title='bbox 991 3792 1037 3915; x_wconf 57' lang='lat' dir='ltr'>«bui</span> <span class='ocrx_word' id='word_1_240' title='bbox 1061 3792 1130 3846; x_wconf 80' lang='lat' dir='ltr'>circu</span> <span class='ocrx_word' id='word_1_241' title='bbox 1154 3801 1179 3845; x_wconf 88' lang='lat' dir='ltr'>te</span> <span class='ocrx_word' id='word_1_242' title='bbox 1206 3802 1278 3855; x_wconf 82' lang='lat' dir='ltr'>sunt,</span> <span class='ocrx_word' id='word_1_243' title='bbox 1303 3793 1362 3846; x_wconf 84' lang='lat' dir='ltr'>talis</span> <span class='ocrx_word' id='word_1_244' title='bbox 1389 3795 1488 3864; x_wconf 87' lang='lat' dir='ltr'>opinio.</span> 
     </span>
    </p>
   </div>
   <div class='ocr_carea' id='block_1_5' title="bbox 393 3860 1489 4638">
    <p class='ocr_par' dir='ltr' id='par_1_8' title="bbox 393 3860 1489 4638">
     <span class='ocr_line' id='line_1_30' title="bbox 443 3860 1489 3935; baseline 0.003 -19"><span class='ocrx_word' id='word_1_245' title='bbox 443 3866 542 3933; x_wconf 80' lang='lat' dir='ltr'>logiam</span> <span class='ocrx_word' id='word_1_246' title='bbox 563 3882 622 3935; x_wconf 81' lang='lat' dir='ltr'>quae</span> <span class='ocrx_word' id='word_1_247' title='bbox 644 3864 712 3917; x_wconf 83' lang='lat' dir='ltr'>iectu</span> <span class='ocrx_word' id='word_1_248' title='bbox 735 3872 784 3925; x_wconf 76' lang='lat' dir='ltr'>est,</span> <span class='ocrx_word' id='word_1_249' title='bbox 803 3862 941 3916; x_wconf 82' lang='lat' dir='ltr'>haereticos</span> <span class='ocrx_word' id='word_1_250' title='bbox 1021 3860 1073 3915; x_wconf 89' lang='lat' dir='ltr'>ude</span> <span class='ocrx_word' id='word_1_251' title='bbox 1092 3880 1139 3915; x_wconf 85' lang='lat' dir='ltr'>nec</span> <span class='ocrx_word' id='word_1_252' title='bbox 1158 3880 1238 3931; x_wconf 85' lang='lat' dir='ltr'>super</span> <span class='ocrx_word' id='word_1_253' title='bbox 1253 3862 1305 3916; x_wconf 89' lang='lat' dir='ltr'>hoc</span> <span class='ocrx_word' id='word_1_254' title='bbox 1320 3863 1348 3916; x_wconf 90' lang='lat' dir='ltr'>in</span> <span class='ocrx_word' id='word_1_255' title='bbox 1365 3867 1489 3934; x_wconf 80' lang='lat' dir='ltr'>praesenti</span> 
     </span>
     <span class='ocr_line' id='line_1_31' title="bbox 394 3931 1489 4004; baseline 0.004 -19"><span class='ocrx_word' id='word_1_256' title='bbox 394 3933 615 4002; x_wconf 65' lang='grc' dir='ltr'>Ιαοοαιοπόαιαιιι</span> <span class='ocrx_word' id='word_1_257' title='bbox 627 3943 779 4004; x_wconf 85' lang='lat' dir='ltr'>utrumque,</span> <span class='ocrx_word' id='word_1_258' title='bbox 788 3933 877 4003; x_wconf 86' lang='lat' dir='ltr'>ipsum</span> <span class='ocrx_word' id='word_1_259' title='bbox 890 3934 941 3985; x_wconf 83' lang='lat' dir='ltr'>sci·</span> <span class='ocrx_word' id='word_1_260' title='bbox 991 3931 1069 3985; x_wconf 78' lang='lat' dir='ltr'>nobie</span> <span class='ocrx_word' id='word_1_261' title='bbox 1086 3934 1156 3985; x_wconf 79' lang='lat' dir='ltr'>ullus</span> <span class='ocrx_word' id='word_1_262' title='bbox 1173 3941 1213 3985; x_wconf 88' lang='lat' dir='ltr'>est</span> <span class='ocrx_word' id='word_1_263' title='bbox 1229 3951 1325 3995; x_wconf 84' lang='lat' dir='ltr'>sermo,</span> <span class='ocrx_word' id='word_1_264' title='bbox 1337 3951 1399 3987; x_wconf 85' lang='lat' dir='ltr'>cum</span> <span class='ocrx_word' id='word_1_265' title='bbox 1416 3935 1489 3989; x_wconf 85' lang='lat' dir='ltr'>vide·</span> 
     </span>
     <span class='ocr_line' id='line_1_32' title="bbox 442 4002 1488 4075; baseline 0.003 -20"><span class='ocrx_word' id='word_1_266' title='bbox 442 4004 502 4057; x_wconf 87' lang='lat' dir='ltr'>licet</span> <span class='ocrx_word' id='word_1_267' title='bbox 526 4004 571 4074; x_wconf 92' lang='lat' dir='ltr'>qui</span> <span class='ocrx_word' id='word_1_268' title='bbox 595 4003 739 4064; x_wconf 77' lang='lat' dir='ltr'>excusavit,</span> <span class='ocrx_word' id='word_1_269' title='bbox 758 4012 784 4056; x_wconf 88' lang='lat' dir='ltr'>et</span> <span class='ocrx_word' id='word_1_270' title='bbox 807 4020 868 4055; x_wconf 87' lang='lat' dir='ltr'>eum</span> <span class='ocrx_word' id='word_1_271' title='bbox 911 4003 939 4054; x_wconf 93' lang='lat' dir='ltr'>ui</span> <span class='ocrx_word' id='word_1_272' title='bbox 989 4002 1049 4054; x_wconf 89' lang='lat' dir='ltr'>licet</span> <span class='ocrx_word' id='word_1_273' title='bbox 1071 4002 1212 4055; x_wconf 77' lang='lat' dir='ltr'>universali</span> <span class='ocrx_word' id='word_1_274' title='bbox 1238 4002 1271 4055; x_wconf 83' lang='lat' dir='ltr'>sit</span> <span class='ocrx_word' id='word_1_275' title='bbox 1292 4003 1355 4055; x_wconf 90' lang='lat' dir='ltr'>olim</span> <span class='ocrx_word' id='word_1_276' title='bbox 1377 4003 1488 4075; x_wconf 87' lang='lat' dir='ltr'>inquisi-</span> 
     </span>
     <span class='ocr_line' id='line_1_33' title="bbox 442 4070 1488 4142; baseline 0 -16"><span class='ocrx_word' id='word_1_277' title='bbox 442 4091 490 4142; x_wconf 88' lang='lat' dir='ltr'>pro</span> <span class='ocrx_word' id='word_1_278' title='bbox 503 4091 534 4126; x_wconf 85' lang='lat' dir='ltr'>eo</span> <span class='ocrx_word' id='word_1_279' title='bbox 546 4071 881 4139; x_wconf 84' lang='lat' dir='ltr'>excusationemexposuit.</span> <span class='ocrx_word' id='word_1_280' title='bbox 917 4071 940 4123; x_wconf 84' lang='lat' dir='ltr'>&#39;t</span> <span class='ocrx_word' id='word_1_281' title='bbox 989 4070 1060 4123; x_wconf 86' lang='lat' dir='ltr'>tione</span> <span class='ocrx_word' id='word_1_282' title='bbox 1080 4072 1225 4139; x_wconf 86' lang='lat' dir='ltr'>projectum</span> <span class='ocrx_word' id='word_1_283' title='bbox 1244 4079 1323 4141; x_wconf 80' lang='lat' dir='ltr'>atque</span> <span class='ocrx_word' id='word_1_284' title='bbox 1341 4074 1488 4140; x_wconf 83' lang='lat' dir='ltr'>repulsum.</span> 
     </span>
     <span class='ocr_line' id='line_1_34' title="bbox 442 4138 1484 4211; baseline -0.001 -16"><span class='ocrx_word' id='word_1_285' title='bbox 442 4152 502 4211; x_wconf 86' lang='lat' dir='ltr'>post</span> <span class='ocrx_word' id='word_1_286' title='bbox 514 4143 572 4195; x_wconf 82' lang='lat' dir='ltr'>alie.</span> <span class='ocrx_word' id='word_1_287' title='bbox 603 4141 722 4195; x_wconf 85' lang='lat' dir='ltr'>Ostende</span> <span class='ocrx_word' id='word_1_288' title='bbox 734 4158 894 4211; x_wconf 74' lang='lat' dir='ltr'>quemquiun</span> <span class='ocrx_word' id='word_1_289' title='bbox 907 4157 939 4191; x_wconf 82' lang='lat' dir='ltr'>ex</span> <span class='ocrx_word' id='word_1_290' title='bbox 991 4139 1025 4191; x_wconf 87' lang='lat' dir='ltr'>Et</span> <span class='ocrx_word' id='word_1_291' title='bbox 1055 4156 1109 4191; x_wconf 88' lang='lat' dir='ltr'>uon</span> <span class='ocrx_word' id='word_1_292' title='bbox 1140 4139 1202 4192; x_wconf 89' lang='lat' dir='ltr'>huic</span> <span class='ocrx_word' id='word_1_293' title='bbox 1232 4138 1378 4200; x_wconf 85' lang='lat' dir='ltr'>obediatur.</span> <span class='ocrx_word' id='word_1_294' title='bbox 1403 4157 1484 4211; x_wconf 77' lang='lat' dir='ltr'>nequi</span> 
     </span>
     <span class='ocr_line' id='line_1_35' title="bbox 441 4207 1487 4288; baseline -0.003 -23"><span class='ocrx_word' id='word_1_295' title='bbox 441 4212 589 4265; x_wconf 82' lang='lat' dir='ltr'>illustribus</span> <span class='ocrx_word' id='word_1_296' title='bbox 608 4210 723 4264; x_wconf 82' lang='lat' dir='ltr'>ecclesiae</span> <span class='ocrx_word' id='word_1_297' title='bbox 741 4209 875 4288; x_wconf 68' lang='lat' dir='ltr'>magistris</span> <span class='ocrx_word' id='word_1_298' title='bbox 894 4208 939 4278; x_wconf 91' lang='lat' dir='ltr'>qui</span> <span class='ocrx_word' id='word_1_299' title='bbox 990 4207 1146 4260; x_wconf 83' lang='lat' dir='ltr'>discutiatur</span> <span class='ocrx_word' id='word_1_300' title='bbox 1165 4216 1271 4275; x_wconf 82' lang='lat' dir='ltr'>propter</span> <span class='ocrx_word' id='word_1_301' title='bbox 1289 4224 1343 4268; x_wconf 74' lang='lat' dir='ltr'>eos,</span> <span class='ocrx_word' id='word_1_302' title='bbox 1362 4225 1410 4276; x_wconf 86' lang='lat' dir='ltr'>pro</span> <span class='ocrx_word' id='word_1_303' title='bbox 1428 4210 1487 4279; x_wconf 88' lang='lat' dir='ltr'>qui·</span> 
     </span>
     <span class='ocr_line' id='line_1_36' title="bbox 393 4275 1488 4353; baseline -0.005 -17"><span class='ocrx_word' id='word_1_304' title='bbox 393 4298 409 4350; x_wconf 79' lang='lat'>3</span> <span class='ocrx_word' id='word_1_305' title='bbox 413 4297 430 4353; x_wconf 82' lang='lat'><em>5</em></span> <span class='ocrx_word' id='word_1_306' title='bbox 441 4300 562 4351; x_wconf 85' lang='lat' dir='ltr'>expresse</span> <span class='ocrx_word' id='word_1_307' title='bbox 584 4292 609 4334; x_wconf 89' lang='lat' dir='ltr'>et</span> <span class='ocrx_word' id='word_1_308' title='bbox 630 4279 847 4340; x_wconf 81' lang='lat' dir='ltr'>indubitabiliter,</span> <span class='ocrx_word' id='word_1_309' title='bbox 866 4276 939 4347; x_wconf 89' lang='lat' dir='ltr'>quod</span> <span class='ocrx_word' id='word_1_310' title='bbox 990 4275 1041 4329; x_wconf 81' lang='lat' dir='ltr'>bus</span> <span class='ocrx_word' id='word_1_311' title='bbox 1066 4276 1124 4329; x_wconf 82' lang='lat' dir='ltr'>haec</span> <span class='ocrx_word' id='word_1_312' title='bbox 1149 4276 1227 4328; x_wconf 86' lang='lat' dir='ltr'>nobis</span> <span class='ocrx_word' id='word_1_313' title='bbox 1253 4277 1388 4344; x_wconf 79' lang='lat' dir='ltr'>proposita</span> <span class='ocrx_word' id='word_1_314' title='bbox 1415 4288 1488 4331; x_wconf 81' lang='lat' dir='ltr'>sunt.</span> 
     </span>
     <span class='ocr_line' id='line_1_37' title="bbox 441 4346 1487 4420; baseline -0.004 -16"><span class='ocrx_word' id='word_1_315' title='bbox 441 4352 609 4420; x_wconf 64' lang='lat' dir='ltr'>praeexistant</span> <span class='ocrx_word' id='word_1_316' title='bbox 625 4350 729 4407; x_wconf 83' lang='lat' dir='ltr'>animae.</span> <span class='ocrx_word' id='word_1_317' title='bbox 745 4346 939 4417; x_wconf 68' lang='lat' dir='ltr'>dogmatizave</span> <span class='ocrx_word' id='word_1_318' title='bbox 990 4346 1073 4398; x_wconf 85' lang='lat' dir='ltr'>Porro</span> <span class='ocrx_word' id='word_1_319' title='bbox 1096 4362 1169 4412; x_wconf 83' lang='lat' dir='ltr'>purae</span> <span class='ocrx_word' id='word_1_320' title='bbox 1190 4346 1249 4397; x_wconf 87' lang='lat' dir='ltr'>voci</span> <span class='ocrx_word' id='word_1_321' title='bbox 1270 4362 1329 4415; x_wconf 83' lang='lat' dir='ltr'>quae</span> <span class='ocrx_word' id='word_1_322' title='bbox 1354 4355 1394 4399; x_wconf 85' lang='lat' dir='ltr'>est</span> <span class='ocrx_word' id='word_1_323' title='bbox 1416 4346 1487 4400; x_wconf 83' lang='lat' dir='ltr'>Peri-</span> 
     </span>
     <span class='ocr_line' id='line_1_38' title="bbox 441 4413 1487 4536; baseline -0.003 -63"><span class='ocrx_word' id='word_1_324' title='bbox 441 4422 482 4483; x_wconf 86' lang='lat' dir='ltr'>rit‚</span> <span class='ocrx_word' id='word_1_325' title='bbox 503 4432 528 4472; x_wconf 86' lang='lat' dir='ltr'>et</span> <span class='ocrx_word' id='word_1_326' title='bbox 549 4437 582 4473; x_wconf 89' lang='lat' dir='ltr'>ne</span> <span class='ocrx_word' id='word_1_327' title='bbox 604 4418 787 4487; x_wconf 79' lang='lat' dir='ltr'>subreptiones</span> <span class='ocrx_word' id='word_1_328' title='bbox 809 4415 939 4487; x_wconf 82' lang='lat' dir='ltr'>quasdam</span> <span class='ocrx_word' id='word_1_329' title='bbox 988 4414 1087 4467; x_wconf 83' lang='lat' dir='ltr'><strong>archon</strong></span> <span class='ocrx_word' id='word_1_330' title='bbox 1098 4413 1209 4476; x_wconf 81' lang='lat' dir='ltr'>detrahi,</span> <span class='ocrx_word' id='word_1_331' title='bbox 1218 4431 1487 4536; x_wconf 61' lang='lat' dir='ltr'>neqiugusmequo-</span> 
     </span>
     <span class='ocr_line' id='line_1_39' title="bbox 441 4485 1488 4559; baseline -0.006 -16"><span class='ocrx_word' id='word_1_332' title='bbox 441 4490 557 4559; x_wconf 80' lang='lat' dir='ltr'>proferre</span> <span class='ocrx_word' id='word_1_333' title='bbox 581 4498 666 4541; x_wconf 84' lang='lat' dir='ltr'>tentes</span> <span class='ocrx_word' id='word_1_334' title='bbox 689 4486 722 4541; x_wconf 83' lang='lat' dir='ltr'>ud</span> <span class='ocrx_word' id='word_1_335' title='bbox 744 4486 939 4556; x_wconf 83' lang='lat' dir='ltr'>comprobatio·</span> <span class='ocrx_word' id='word_1_336' title='bbox 989 4502 1070 4556; x_wconf 78' lang='lat' dir='ltr'>quam</span> <span class='ocrx_word' id='word_1_337' title='bbox 1084 4500 1170 4554; x_wconf 86' lang='lat' dir='ltr'>usque</span> <span class='ocrx_word' id='word_1_338' title='bbox 1182 4501 1254 4537; x_wconf 83' lang='lat' dir='ltr'>nuuc</span> <span class='ocrx_word' id='word_1_339' title='bbox 1269 4501 1304 4537; x_wconf 77' lang='lat' dir='ltr'>su</span> <span class='ocrx_word' id='word_1_340' title='bbox 1324 4485 1376 4547; x_wconf 82' lang='lat' dir='ltr'>isti,</span> <span class='ocrx_word' id='word_1_341' title='bbox 1390 4485 1416 4538; x_wconf 94' lang='grc' dir='ltr'>Ο</span> <span class='ocrx_word' id='word_1_342' title='bbox 1428 4504 1488 4541; x_wconf 80' lang='lat' dir='ltr'>seer</span> 
     </span>
     <span class='ocr_line' id='line_1_40' title="bbox 442 4552 1435 4638; baseline -0.005 -25"><span class='ocrx_word' id='word_1_343' title='bbox 442 4578 512 4613; x_wconf 87' lang='lat' dir='ltr'>nem.</span> <span class='ocrx_word' id='word_1_344' title='bbox 551 4558 620 4612; x_wconf 87' lang='lat' dir='ltr'>illud</span> <span class='ocrx_word' id='word_1_345' title='bbox 641 4558 713 4611; x_wconf 87' lang='lat' dir='ltr'>enim</span> <span class='ocrx_word' id='word_1_346' title='bbox 734 4556 807 4638; x_wconf 84' lang='lat' dir='ltr'>quod</span> <span class='ocrx_word' id='word_1_347' title='bbox 829 4555 939 4608; x_wconf 85' lang='lat' dir='ltr'>demon·</span> <span class='ocrx_word' id='word_1_348' title='bbox 989 4554 1116 4608; x_wconf 69' lang='lat' dir='ltr'>advocate</span> <span class='ocrx_word' id='word_1_349' title='bbox 1129 4552 1255 4623; x_wconf 71' lang='lat' dir='ltr'>Origenis</span> <span class='ocrx_word' id='word_1_350' title='bbox 1267 4554 1435 4623; x_wconf 70' lang='lat' dir='ltr'>pravitatum.</span> 
     </span>
    </p>
   </div>
   <div class='ocr_carea' id='block_1_6' title="bbox 392 4625 1056 4794">
    <p class='ocr_par' dir='ltr' id='par_1_9' title="bbox 392 4625 1056 4794">
     <span class='ocr_line' id='line_1_41' title="bbox 392 4625 939 4696; baseline -0.009 -13"><span class='ocrx_word' id='word_1_351' title='bbox 392 4644 431 4696; x_wconf 77' lang='lat'>40</span> <span class='ocrx_word' id='word_1_352' title='bbox 442 4640 524 4683; x_wconf 80' lang='lat' dir='ltr'>strare</span> <span class='ocrx_word' id='word_1_353' title='bbox 551 4629 667 4691; x_wconf 76' lang='lat' dir='ltr'>festinae,</span> <span class='ocrx_word' id='word_1_354' title='bbox 693 4627 751 4681; x_wconf 79' lang='lat' dir='ltr'>Filii</span> <span class='ocrx_word' id='word_1_355' title='bbox 775 4625 809 4680; x_wconf 80' lang='lat' dir='ltr'>ud</span> <span class='ocrx_word' id='word_1_356' title='bbox 834 4625 939 4680; x_wconf 83' lang='lat' dir='ltr'>Putrem</span> 
     </span>
     <span class='ocr_line' id='line_1_42' title="bbox 485 4731 1056 4794; baseline -0.005 -20"><span class='ocrx_word' id='word_1_357' title='bbox 485 4738 550 4776; x_wconf 76' lang='lat' dir='ltr'>vos.</span> <span class='ocrx_word' id='word_1_358' title='bbox 568 4738 613 4776; x_wconf 83' lang='lat' dir='ltr'>ut.</span> <span class='ocrx_word' id='word_1_359' title='bbox 1005 4731 1056 4794; x_wconf 68' lang='lat'>3⁶</span> 
     </span>
    </p>
   </div>
   <div class='ocr_carea' id='block_1_7' title="bbox 0 0 1854 5667">
    <p class='ocr_par' dir='ltr' id='par_1_10' title="bbox 0 0 1854 5667">
     <span class='ocr_line' id='line_1_43' title="bbox 0 0 1854 5667; baseline 0 3"><span class='ocrx_word' id='word_1_360' title='bbox 0 0 1854 5667; x_wconf 95' lang='lat' dir='ltr'> </span> 
     </span>
    </p>
   </div>
  </div>
 </body>
</html>
