3700 5667
466 657 517 720 nu
542 635 777 721 sruonuni
801 657 1177 722 numoennunu.
1279 658 1345 727 aee

300 819 438 887 tribunal
461 824 519 889 sibi
541 825 644 889 extrui
665 834 807 891 curasset
828 826 859 889 in
881 826 1071 903 ecclesiast
1089 827 1120 890 in
1140 827 1343 892 eothronum

299 923 464 990 sublimem
485 927 543 990 sibi
566 928 740 992 statuisset.
786 927 886 992 Recte
908 927 1017 1012 itaque
1039 928 1173 994 Rufinus
1194 929 1277 992 hunc
1299 929 1344 993 lo-

299 1025 435 1091 comita
452 1029 558 1093 vertit.
603 1030 645 1093 Io
666 1028 788 1094 ecclesia
809 1051 878 1095 vcro
900 1029 1039 1094 tribunal
1057 1030 1114 1094 siti
1136 1031 1230 1095 mehe
1251 1030 1347 1095 ultim

299 1147 389 1209 ραανι
408 1127 520 1212 suerat
546 1131 670 1203 aemi,
696 1139 724 1195 ct
749 1130 888 1195 threnum
912 1132 948 1195 io
972 1131 1181 1196 nemeaea
1205 1132 1347 1196 collocari

290 1225 383 1309 fatu.
430 1229 577 1317 Episcopi
593 1232 721 1317 quidem
740 1233 893 1298 sedebant
908 1233 941 1297 ln
956 1234 1109 1298 cathedra
1123 1234 1217 1320 paulo
1232 1234 1346 1298 altiore

300 1352 394 1414 quam
409 1333 522 1418 reliqui
537 1334 724 1420 presbyteri,
738 1343 775 1399 ut
789 1335 929 1399 dicemus
944 1336 985 1399 ad
1000 1335 1054 1399 lib.
1066 1359 1097 1399 x.
1128 1336 1192 1399 Sed
1204 1335 1344 1399 tribunal

208 1425 212 1431 ’
299 1453 362 1498 non
381 1435 553 1502 habebant.
599 1439 718 1504 Postea
739 1460 814 1502 vero
836 1438 1038 1502 invaluerunt
1058 1438 1178 1502 absidae
1199 1437 1345 1522 gradmae

299 1541 333 1600 et
347 1537 504 1616 eshedrae,
515 1534 554 1603 de
566 1540 680 1623 quibus
696 1540 884 1604 Ambrosius
897 1539 1071 1624 loquuntur
1082 1549 1115 1604 et
1124 1539 1344 1624 Augustinus:

300 1658 371 1720 quae
385 1640 512 1723 quidem
526 1663 546 1705 a
561 1640 712 1706 tribunali
728 1659 840 1725 parurn
855 1641 1052 1705 differebant.
1077 1635 1242 1704 Vsnrsrus.

344 1735 383 1802 P.
398 1743 472 1825 306.
489 1741 509 1805 l.
523 1745 571 1806 16.
588 1742 734 1824 σήνρηταν
749 1745 795 1827 δὲ]
814 1742 910 1806 Hunc
924 1742 1027 1806 locum
1043 1765 1106 1805 non
1121 1741 1345 1806 intellexerunt

300 1839 489 1927 interpretes
505 1840 669 1908 Musculus
684 1853 718 1910 et
733 1844 1049 1928 christophorsonus.
1095 1843 1259 1908 Secretum
1273 1865 1346 1928 pro-

299 1943 403 2027 prium
431 1953 503 2011 erat
531 1947 777 2032 magistratuum
802 1959 836 2011 et
862 1947 1018 2031 majorum
1043 1947 1221 2021 Judicum3
1257 1945 1346 2009 locus

253 2075 257 2084 ·
301 2044 419 2112 scilicet
445 2046 577 2112 interior
602 2049 755 2133 praetorii,
780 2048 926 2112 cancellis
952 2048 1102 2125 munitus,
1127 2070 1165 2111 ac
1189 2046 1265 2111 velis
1290 2047 1345 2110 ob·

300 2149 408 2232 pansis
426 2149 574 2227 inclusus,
591 2150 624 2214 in
639 2173 702 2236 quo
722 2151 929 2237 magistratus
949 2149 1112 2224 sedebant,
1129 2151 1204 2212 dum
1219 2170 1345 2212 reorum

300 2271 412 2314 causas
433 2260 669 2336 cognoscerent.
715 2253 794 2316 Vide
812 2275 882 2336 quae
902 2252 1011 2317 notavi
1026 2253 1069 2316 ad
1084 2252 1191 2315 Amm.
1208 2249 1345 2314 Marcel·

300 2349 355 2413 lini
371 2351 424 2415 lib.
440 2374 490 2416 xv.
505 2375 578 2439 pag.
595 2355 645 2434 87.
692 2354 728 2416 ln
750 2354 857 2418 codice
874 2356 957 2419 Maz.
978 2355 1064 2418 Med.
1080 2361 1114 2418 et
1130 2353 1214 2417 Fuk.
1229 2352 1346 2436 legitur

301 2453 447 2535 αήκριγτόν
461 2481 494 2519 τε
508 2456 626 2521 rectius
637 2464 673 2521 ut
684 2457 805 2541 opinor.
834 2457 953 2539 (Addit
965 2456 1127 2521 Burtonus
1142 2457 1241 2519 Mea.
1254 2453 1346 2517 Bodl.

301 2563 335 2620 et
352 2555 571 2644 Fhrentinos.)
604 2558 666 2622 Sed
688 2580 763 2622 mox
783 2559 950 2644 legendum
970 2568 1032 2636 est,
1045 2562 1141 2623 παίων
1162 2561 1206 2634 δὲ,
1225 2578 1289 2620 non
1311 2562 1347 2618 ut

301 2658 393 2742 vulgo
412 2659 533 2724 editum
553 2669 604 2725 est
621 2687 664 2725 τε.
688 2663 851 2725 Vsnnsrus.
880 2661 1019 2739 σίκρητον
1036 2659 1165 2744 Nicapl.
1196 2658 1229 2721 τὸ
1248 2658 1348 2720 παίειν

300 2759 354 2823 τὸν
381 2761 475 2842 μηρὸν
500 2762 568 2847 jam
599 2762 710 2845 priscis
739 2761 936 2846 temporibus
964 2757 1190 2844 indignationis
1222 2757 1346 2843 signum

301 2870 380 2940 erat,
396 2865 489 2947 quale
510 2873 596 2928 certe
616 2862 747 2928 militem
768 2862 869 2948 magis
890 2885 986 2948 quam
1006 2863 1186 2948 episcopum
1201 2860 1346 2924 decebat.

303 2961 434 3027 Srsern.
481 2966 560 3029 Mox
582 2965 733 3047 ταράττων
753 2987 811 3050 pro
831 2965 975 3047 ἆράττανν,
994 2966 1050 3029 sed
1069 2963 1231 3038 mendose,
1246 2961 1345 3024 Mas,

303 3063 393 3128 Bodl.
409 3073 443 3130 et
457 3067 595 3149 Ncrsolc.
630 3066 735 3132 Addit
749 3066 913 3131 Burtonus
928 3067 1020 3130 codd.
1037 3065 1121 3129 Med.
1137 3066 1224 3128 Mas.
1240 3062 1349 3125 Fara.

303 3164 560 3252 Fhrmiaoaque.

347 3267 428 3333 lbid.
446 3268 466 3331 l.
487 3273 535 3333 16.
551 3270 667 3355 ὥσπερ]
686 3271 724 3337 ὥς
739 3270 785 3334 ed.
801 3269 900 3355 Stcpl.
924 3268 1056 3331 Srsoru.

346 3357 776 3455 Ρ.307.1.α.’κατασείουσι
798 3377 861 3437 ταῖς
882 3370 1014 3451 ὀθόναις]
1043 3365 1195 3430 Solebant
1217 3363 1291 3426 olim
1314 3362 1347 3426 in

303 3469 439 3535 theatris
464 3480 662 3554 spectatores
687 3474 720 3537 in
746 3474 870 3556 signum
896 3468 1012 3533 favoris
1037 3464 1143 3530 oraria
1166 3471 1347 3529 concutere.

304 3571 388 3636 Vide
407 3596 478 3658 quae
499 3574 623 3639 notavit
643 3575 849 3640 Oasaubonus
868 3573 910 3637 ad
927 3571 1097 3653 Vopiscum
1116 3568 1149 3631 in
1164 3566 1348 3630 Aureliano.

304 3673 370 3760 Vbi
397 3677 550 3762 Vopiscus
580 3676 657 3742 dicit
682 3677 890 3741 Aurelianum
916 3672 1053 3758 primum
1078 3670 1219 3733 omnium
1244 3667 1351 3732 oraria

303 3779 428 3845 dedisse
453 3781 569 3867 populo
595 3782 740 3845 Romano
765 3780 807 3843 ad
833 3777 982 3842 favorem.
1034 3770 1227 3836 Aurelianus
1251 3768 1350 3853 igitur

302 3882 337 3946 id
353 3891 520 3968 acceperat
539 3884 581 3947 ab
602 3882 828 3958 Orientalibus,
843 3881 895 3965 qui
910 3880 1003 3963 louge
1018 3882 1094 3940 ante
1114 3874 1217 3958 ipsum
1236 3871 1350 3936 orariis

302 3984 342 4047 ad
363 4006 434 4048 earn
453 4006 520 4048 rem
539 3985 722 4061 utebantur,
737 3994 773 4048 ut
793 3985 886 4047 docet
904 3980 956 4044 hic
971 3979 1069 4053 locus,
1084 3982 1118 4040 et
1133 3974 1350 4039 Philostratus

303 4088 336 4151 in
351 4109 420 4171 cap.
432 4110 460 4151 v.
476 4087 528 4151 lib.
547 4088 568 4151 i.
589 4088 629 4151 de
649 4086 715 4150 vita
732 4083 901 4169 Apollonii,
916 4083 1048 4165 loquens
1068 4079 1107 4141 de
1128 4075 1348 4150 Tarsensibus‚

303 4196 337 4253 et
352 4188 415 4253 Dio
429 4189 510 4253 libro
524 4190 578 4253 lxi.
593 4190 625 4252 in
639 4188 712 4252 fine.
737 4189 898 4249 Vnnrsrua.

347 4291 428 4355 lbld.
444 4292 464 4356 l.
479 4311 510 4376 3.
534 4294 663 4368 ἐκβοῶσι
685 4316 718 4354 τε
738 4291 785 4353 καὶ
807 4285 992 4370 donandum]
1015 4283 1134 4347 Fertur
1153 4279 1193 4342 <le
1209 4277 1347 4341 Hieraee

304 4395 441 4479 quodam
464 4392 694 4468 Alexandrino,
717 4390 854 4474 episcopi
877 4387 987 4472 Oyrilli
1009 4380 1239 4450 ferventissimo
1260 4378 1348 4442 audi·

303 4503 382 4572 tore,
412 4496 497 4579 quod
526 4495 559 4558 in
588 4494 656 4578 ejus
688 4490 891 4556 concionibus
919 4488 1039 4568 κρότους
1068 4485 1195 4566 ἐγείρειν
1219 4480 1350 4566 plautas

301 4597 431 4661 crcimro
452 4596 565 4662 solitus
587 4602 675 4671 erat;
701 4600 739 4656 ut
761 4598 872 4655 narrat
894 4589 1044 4652 Socrates
1065 4584 1119 4648 lib.
1136 4583 1188 4646 vii.
1211 4605 1279 4667 cap.
1302 4603 1349 4664 ¹3·

783 4711 804 4752 x
819 4711 840 4751 x
857 4709 875 4754 2
