3700 5667
492 654 540 718 IN
567 656 785 719 DIONYSII
812 656 926 720 ROM.
953 656 1269 721 EXCERPTUM.
1339 658 1404 725 387

361 832 597 898 commemorat,
625 826 708 908 quod
740 846 832 889 renam
860 828 1067 891 nrnicersornm
1096 828 1301 891 monarchiam
1330 828 1404 911 (τῶν

361 924 442 987 ὅλων
463 926 497 988 τὸ
519 926 715 1012 μοναρχικὸν)
730 936 901 991 statuerent.
949 927 998 991 Ne
1019 929 1149 1014 Apelles
1169 929 1296 1012 quidem
1314 927 1403 990 Mar·

361 1023 459 1089 cionis
484 1027 654 1112 discipulus
679 1028 711 1090 in
735 1028 899 1112 colloquio,
924 1031 1009 1114 quod
1032 1053 1103 1094 cum
1126 1030 1258 1093 Rodone
1283 1028 1405 1105 habuit,

360 1125 442 1191 hanc
472 1129 602 1194 inficiari
632 1153 728 1195 ausus
757 1140 807 1195 est
836 1133 1037 1208 monarchis,
1064 1155 1119 1195 seu
1149 1131 1231 1195 unici
1259 1129 1405 1214 principii

360 1228 546 1295 doctrinam.
601 1234 677 1317 Ipso
704 1234 820 1317 quippe
846 1233 978 1296 Rodono
1004 1242 1087 1296 teste
1115 1234 1200 1317 apud
1228 1231 1402 1295 Eusebium

358 1330 410 1395 lib.
427 1355 454 1395 v.
472 1355 498 1398 o.
521 1355 529 1396 t
535 1356 566 1419 3.
581 1357 676 1397 insanin
689 1336 883 1420 principium
902 1357 960 1398 csse
977 1333 1091 1398 dicabat
1107 1335 1184 1397 sicat
1198 1344 1225 1397 ct
1244 1342 1345 1396 anostra
1362 1354 1406 1396 ra

359 1432 440 1517 ίίρίο.
472 1436 670 1500 Athanasius
685 1437 830 1500 similitor
845 1438 900 1501 Or.
915 1458 947 1516 4.
964 1442 1048 1499 cont.
1066 1437 1178 1500 Arian.
1194 1457 1224 1498 n.
1245 1456 1270 1497 1.
1287 1435 1318 1497 in
1335 1434 1405 1498 Deo

352 1536 481 1618 propin
506 1537 711 1600 monarchiam
736 1560 794 1601 csse
819 1538 943 1623 probat.
994 1537 1038 1601 Et
1060 1539 1092 1601 in
1115 1539 1268 1602 Oratione
1294 1550 1405 1601 contra

359 1644 481 1718 gentes,
496 1660 568 1700 eum
588 1639 642 1722 qui
662 1639 876 1702 monarchiam
899 1639 1073 1724 negaverit,
1089 1638 1207 1703 atheon
1223 1639 1403 1703 habendum

360 1758 428 1801 esse
444 1761 507 1801 non
522 1740 653 1804 obscure
669 1742 762 1805 docet
776 1742 825 1805 his
841 1742 955 1815 verbis,
968 1742 1068 1820 ὥσπερ
1084 1740 1231 1821 ἐλέγομεν
1245 1740 1299 1818 τὴν
1314 1749 1404 1802 πολυ-

361 1842 485 1919 θεότητα
515 1843 670 1921 ἀθεότητα,
697 1846 788 1909 οὕτως
817 1844 931 1924 ἀνάγκη
958 1844 1011 1919 τὴν
1040 1842 1228 1923 πολυαρχίαν
1258 1842 1406 1922 ἀναρχίαν

361 1941 448 2005 εἶναι.
479 1943 615 2007 Basilius
639 1945 691 2009 lib.
716 1947 756 2008 dc
781 1945 863 2029 Spir.
889 1946 923 2009 S.
947 1966 1014 2028 cap.
1037 1946 1083 2006 18.
1107 1943 1166 2007 hoc
1188 1943 1248 2006 sibi
1271 1942 1406 2026 proban-

361 2043 435 2105 dum
465 2045 626 2128 proponit,
655 2047 796 2129 quomodo
828 2048 862 2109 in
893 2048 959 2110 Deo
992 2055 1020 2109 ct
1050 2067 1193 2132 personas
1222 2045 1405 2129 profitemur,

361 2166 412 2207 nnc
430 2147 522 2229 piam
547 2148 730 2210 trenorcii-ica
755 2148 861 2233 ἀνρνια
886 2148 1008 2218 candit,
1034 2148 1082 2210 καὶ
1105 2148 1139 2210 τὸ
1164 2149 1289 2225 εὐσεβὲς
1312 2147 1408 2226 δόγμα

360 2250 410 2323 τῆς
430 2249 594 2329 μοναρχίας
613 2248 648 2310 οὗ
668 2251 825 2313 διαπίπτει.
873 2248 995 2313 Eadem
1017 2255 1066 2311 est
1087 2248 1232 2332 Gregorii
1253 2247 1286 2309 Ν
1289 2247 1407 2311 azianz.

361 2348 507 2412 doctrina
529 2359 598 2412 tum
621 2350 712 2413 Orat.
729 2368 780 2433 23.
801 2359 870 2414 tum
891 2351 981 2414 Orat.
998 2367 1050 2434 37.
1071 2350 1124 2413 ubi
1148 2348 1307 2433 objectum
1330 2347 1407 2410 itlud

362 2450 465 2526 diluit,
486 2454 512 2513 εί
530 2451 619 2523 Θεὸς,
637 2452 684 2514 καὶ
703 2452 792 2524 Θεὸς,
809 2453 857 2514 καὶ
878 2452 970 2528 Θεὸς,
985 2458 1046 2519 πῶς
1066 2451 1101 2514 οὐ
1122 2457 1201 2531 τρεῖς
1221 2451 1293 2522 θεοὶ,
1310 2446 1328 2527 ἢ
1348 2454 1409 2514 πῶς

361 2553 397 2616 οὗ
421 2555 591 2635 πολυαρχία
613 2553 647 2616 τὸ
671 2556 887 2635 δοξαζόμενονς
919 2556 1034 2619 Monet
1057 2564 1090 2619 ct
1115 2553 1290 2638 Gregorius
1314 2550 1407 2636 Nysa.

362 2655 417 2719 Or.
433 2655 554 2720 catech.
570 2678 596 2718 c.
611 2678 641 2742 3.
664 2666 697 2720 nt
711 2678 805 2741 neque
818 2658 1001 2721 srmrmrctice
1015 2656 1187 2719 dominat-ns
1200 2654 1359 2716 scindatur
1373 2654 1408 2716 in

361 2756 496 2821 dicmsas
509 2757 652 2821 ‹tisseems
666 2759 852 2822 divinitates.
889 2759 953 2822 His
968 2758 1104 2822 concinit
1119 2755 1255 2840 Cyrillus
1269 2754 1293 2817 J
1295 2755 1408 2818 orosol.

361 2859 482 2922 catech.
507 2862 537 2921 6.
571 2861 612 2922 ln
638 2859 814 2923 monarchia
838 2870 938 2923 antem
957 2859 1174 2945 pradicanda,
1199 2857 1302 2940 inquit
1329 2855 1406 2940 Epi-

361 2958 497 3042 phanius
511 2960 586 3023 horr.
603 2963 654 3024 62.
672 2983 703 3022 n.
719 2981 749 3045 3.
771 2982 830 3023 non
851 2961 1047 3027 aberramus:
1070 2961 1124 3025 sed
1138 2982 1202 3023 nna
1220 2959 1407 3023 Trinitatem

354 3061 575 3143 practmamus.
617 3060 763 3124 Aliorum
786 3061 880 3127 mitto
902 3086 942 3128 ea
963 3065 1002 3127 do
1022 3086 1057 3127 ra
1078 3061 1278 3127 testimonia:
1301 3060 1407 3125 allatis

362 3168 489 3225 tantum
512 3162 596 3225 addo
619 3162 693 3225 illud
720 3164 892 3246 Augustini
914 3165 970 3229 lib.
993 3184 1044 3241 20,
1068 3172 1154 3228 cont.
1178 3163 1287 3226 Faust.
1311 3184 1337 3224 c.
1361 3180 1406 3241 19.

363 3266 473 3328 Discat
487 3286 555 3349 erpo
571 3266 713 3337 Fanstns,
730 3265 777 3327 vet
789 3267 894 3348 potins
911 3266 962 3329 itti
981 3267 1035 3350 qni
1054 3264 1117 3346 sjns
1136 3264 1244 3327 titteris
1264 3263 1408 3326 delectcm

362 3374 423 3440 tnr,
446 3364 627 3428 rmnarctia
652 3366 821 3448 opinionem
846 3388 899 3429 nos
923 3388 959 3428 ac
980 3364 1116 3450 gentibus
1141 3386 1200 3427 nan
1224 3362 1329 3426 tabere
1351 3362 1407 3425 &c

362 3466 533 3529 Consanus.

409 3568 445 3630 P.
459 3585 532 3651 374.
549 3567 570 3629 l.
585 3569 635 3629 18.
652 3568 837 3653 δοξάζοντας]
853 3569 932 3652 Reg.
948 3565 1142 3644 infricantur.
1158 3565 1255 3629 Basil.
1271 3564 1325 3644 ἀοξ
1358 3589 1406 3627 ον-

363 3694 422 3741 τες,
438 3677 471 3731 et
485 3668 548 3731 clia
563 3689 658 3731 manu
674 3694 721 3748 γρ.
736 3671 928 3746 ὄοξάσοντας.
954 3666 1184 3729 Mosrrsuoos.

409 3770 490 3834 Ibid.
505 3770 524 3833 l.
538 3792 567 3850 9.
584 3771 685 3850 ὥσπερ
701 3771 735 3833 ἕν
749 3795 777 3832 τι
790 3772 883 3837 ὅντως
897 3767 1080 3851 γενομένων]
1098 3766 1307 3851 Blasphemiae
1323 3764 1406 3840 huic,

364 3894 459 3956 quam
483 3879 594 3956 postea
618 3871 717 3934 Arius
743 3871 838 3956 impie
862 3870 1084 3955 propugnavit,
1107 3871 1287 3955 oppositam
1313 3868 1407 3930 fidem

364 3974 523 4056 protessus
557 3993 625 4034 esse
655 3979 752 4054 atque
781 3972 941 4036 Asianum
971 3972 1088 4055 dogma
1117 3971 1220 4054 palam
1251 3969 1407 4053 respuisse

366 4074 575 4137 Ariminensis
597 4072 719 4136 concilii
740 4073 886 4156 patribus
907 4074 992 4136 visus
1013 4080 1063 4136 cst
1082 4072 1213 4149 Valens,
1231 4094 1302 4134 cum
1325 4079 1409 4135 teste

365 4177 561 4260 Hieronymo
587 4174 659 4237 dial.
687 4186 770 4237 cont.
798 4174 929 4238 Lucifer.
957 4173 1068 4237 callide
1091 4173 1250 4247 clamavit,
1277 4173 1315 4234 Si
1340 4173 1407 4256 qais

364 4279 477 4342 dicarit
498 4285 668 4340 ornaturam
678 4274 789 4361 Jilinm
810 4276 873 4339 Dei
891 4285 926 4337 nt
944 4284 1014 4337 snnt
1033 4283 1135 4337 cctcrae
1156 4283 1315 4346 creatura,
1331 4294 1409 4341 ana,

363 4380 459 4443 tltcma
472 4380 522 4441 sit.
554 4375 620 4439 Ubi
636 4399 710 4439 vero
725 4376 776 4439 illc
791 4399 862 4439 cum
877 4376 970 4439 sociis
981 4376 1105 4459 jactare
1120 4375 1228 4458 coepit,
1241 4396 1271 4437 sn
1286 4374 1407 4438 Filium

362 4502 421 4544 non
436 4489 606 4544 creaturam
620 4499 750 4563 negasse,
765 4478 820 4541 sed
837 4476 966 4540 similem
981 4477 1084 4540 cctcris
1101 4476 1269 4549 crcatnrir;
1294 4477 1409 4541 merito

364 4583 625 4648 contestabantur
650 4580 789 4665 episcopi
816 4581 875 4643 hac
901 4579 1012 4643 fraude
1039 4578 1149 4655 delusi,
1176 4579 1229 4663 qni
1255 4578 1319 4642 sinc
1345 4600 1411 4643 con·

838 4698 930 4764 3⁰²
