3700 5667
574 677 622 741 IN
646 677 680 742 S.
696 677 910 743 CORNELII
935 678 1233 744 FRAGMENTA.
1408 679 1452 749 69

396 857 546 914 unctum
567 848 739 934 baptizatis
753 849 982 923 conferebant;
1006 850 1091 933 quod
1106 850 1271 934 sequentia
1286 850 1452 914 manifeste

398 951 575 1015 declarant.
619 950 737 1013 Subdit
756 949 839 1013 enim
855 949 1019 1015 Cornelius
1038 954 1144 1015 τούτου
1160 955 1192 1015 δὲ
1211 953 1251 1031 μὴ
1266 955 1373 1034 enxhu,
1391 959 1452 1019 πῶς

399 1052 437 1116 ὃν
452 1057 506 1115 τοῦ
522 1052 611 1132 ἁγίου
632 1053 798 1130 πνεύματος
820 1051 930 1134 {mxu
952 1051 1152 1135 Quamquam
1174 1051 1207 1114 in
1227 1052 1453 1137 manuscriptis

400 1152 564 1218 codicibus
587 1152 673 1216 Maz-
690 1151 779 1216 Med.
798 1161 833 1217 et
848 1153 931 1216 Fuk.
955 1151 1073 1237 legltur
1093 1155 1206 1217 τούτων
1230 1157 1262 1216 δὲ
1282 1154 1322 1233 μὴ
1343 1156 1451 1236 τυχόν.

403 1254 710 1340 Interpretationem
732 1264 875 1319 nostram
897 1254 1066 1318 confirmat
1082 1255 1263 1339 Cyprianus
1281 1256 1324 1318 ad
1338 1255 1453 1319 Jubai·

402 1378 499 1421 anum
516 1355 568 1419 his
588 1355 700 1419 verbis.
751 1356 839 1434 Quod
859 1378 940 1420 amec
961 1379 1073 1441 quoque
1091 1357 1180 1442 opud
1202 1379 1255 1421 aoa
1274 1358 1402 1443 peritur,
1419 1367 1454 1420 ut

402 1457 456 1543 qui
477 1459 513 1520 ia
533 1457 658 1522 sabao
677 1457 882 1543 baptizentur,
896 1460 1073 1543 prepositis
1090 1459 1216 1522 cocheio}
1235 1461 1412 1540 efferuntur,
1425 1468 1454 1522 et

397 1570 604 1646 porcastrum
618 1561 782 1624 orationem
798 1570 826 1624 ot
840 1582 947 1624 maus
962 1562 1176 1645 impositioomn
1197 1562 1350 1646 Spiritum
1368 1583 1453 1625 eoae

403 1672 469 1726 aa
478 1671 704 1746 eormequonlw,
716 1669 744 1724 et
756 1661 909 1746 εἰφιασιιῖο
920 1662 1082 1724 Dominico
1096 1673 1340 1726 minorentur.
1357 1673 1454 1744 σφρα-

405 1765 500 1846 γίζιιιι
513 1764 642 1848 proprie
656 1773 705 1828 est
719 1765 915 1848 consignare.
945 1763 1140 1849 Gonsignare
1154 1774 1262 1828 autem
1277 1775 1311 1829 et
1325 1787 1454 1828 manum

405 1865 567 1951 imponere
582 1865 666 1930 idem
682 1877 743 1942 est,
758 1880 795 1930 ut
810 1867 904 1930 docet
919 1866 1065 1951 Epistola
1081 1867 1256 1929 Innocentii
1276 1867 1318 1930 ad
1333 1867 1453 1931 Decen-

406 1969 487 2032 tium
506 1990 575 2053 cup.
591 1988 622 2052 3.
639 1977 674 2032 et
688 1973 718 2031 6.
764 1968 856 2032 Idem
879 1969 1048 2032 confirmat
1072 1969 1203 2032 Marcus
1230 1968 1261 2031 in
1287 1968 1352 2032 vita
1376 1969 1455 2031 Por-

407 2070 511 2156 phyrii
527 2071 679 2135 Gaaensis
699 2069 847 2155 episcopi,
861 2070 951 2156 cujus
973 2070 1077 2133 locum
1098 2070 1227 2133 inferius
1249 2071 1454 2134 adducemus.

408 2173 609 2249 Ambrosius,
630 2194 685 2235 seu
708 2172 882 2256 quisalius
900 2181 1014 2236 auctor
1039 2181 1090 2236 est
1113 2195 1219 2235 eorum
1243 2172 1406 2245 librorum,
1422 2172 1455 2236 in

408 2284 506 2361 caput
534 2275 574 2338 iv.
605 2273 760 2358 Epistulae
789 2273 881 2338 Pauli
910 2275 951 2337 ad
982 2274 1146 2358 Ephesios.
1203 2276 1343 2360 Denique
1371 2275 1459 2360 apud

407 2379 580 2462 ὢῃγιιιιιι
592 2373 756 2461 presbymi
769 2378 954 2461 cmmipaout,
969 2376 998 2438 ci-
1005 2398 1142 2460 proeseas
1158 2399 1217 2440 noos
1228 2377 1333 2461 suerit
1347 2378 1457 2462 episeo-

402 2501 474 2563 pus.
532 2478 654 2542 Eadem
679 2477 778 2541 habet
802 2486 915 2542 auctor
939 2476 1161 2548 Quaestionum
1185 2479 1301 2543 veteris
1325 2486 1358 2543 et
1384 2480 1455 2543 novi

409 2580 610 2646 Testamenti
632 2579 718 2644 inter
732 2580 905 2664 Augustini
927 2602 1025 2665 opera
1046 2580 1162 2656 editus,
1184 2580 1367 2661 Quaestione
1386 2602 1455 2644 101.

408 2685 495 2748 Nom
510 2686 545 2747 ia
554 2682 747 2748 Alexandrea
761 2694 789 2747 et
797 2706 858 2768 per
869 2692 962 2748 totum
972 2685 1193 2768 AEyyptanasi
1207 2683 1280 2747 desit
1295 2685 1456 2769 episcopm,

408 2795 557 2850 macerat
569 2784 739 2871 presbyter.
785 2785 895 2850 Scribe
908 2786 1061 2870 comicum
1069 2785 1234 2871 presbyter,
1249 2800 1286 2850 ut
1308 2786 1340 2849 in
1361 2810 1458 2872 supra

409 2888 510 2953 citato
528 2887 688 2952 Ambrosii
709 2887 788 2951 loco.
833 2887 939 2952 Vetus
954 2888 1119 2974 inscriptio
1134 2911 1229 2973 quam
1244 2889 1341 2952 refert
1357 2888 1457 2953 Baro-

409 2991 479 3054 nius
500 2990 543 3053 ad
563 3011 682 3053 annum
705 2989 825 3053 Christi
851 2992 925 3073 367.
957 2991 1105 3054 Picarias
1127 2991 1269 3075 laedimur
1293 2993 1459 3077 Neophytoe

409 3093 459 3157 dio
473 3091 564 3178 5col.
580 3093 663 3176 Sept.
678 3092 858 3176 eousiprsotoe
877 3114 898 3156 a
918 3090 1040 3155 Liberae
1055 3094 1146 3177 Papa
1167 3094 1224 3157 lte.
1269 3093 1372 3157 Porro
1389 3094 1458 3158 haec

409 3193 646 3278 baptizatorum
667 3191 876 3276 consignatio,
892 3192 1052 3256 interdum
1067 3194 1165 3257 fiebat
1180 3215 1251 3257 cum
1266 3195 1456 3260 chrismate:

411 3295 535 3379 quoties
550 3295 670 3359 scilicet
684 3294 798 3379 aliquis
811 3302 945 3379 urgente
959 3294 1060 3357 morbi
1075 3295 1264 3358 necessitate
1278 3296 1459 3379 baptizatus

411 3397 515 3461 luerat
537 3419 558 3460 a
579 3395 753 3459 minoribus
776 3395 906 3469 clericis,
933 3417 991 3458 nec
1016 3395 1217 3459 chrismatus.
1263 3395 1352 3460 Tune
1376 3397 1459 3459 enim

412 3499 578 3585 episcopus
607 3498 660 3582 qui
690 3497 841 3583 baptismi
871 3497 1024 3561 solemnia
1050 3497 1252 3582 postmodum
1281 3497 1458 3581 supplebat,

412 3601 583 3664 chrismare
598 3600 691 3664 simul
706 3610 739 3664 et
755 3622 867 3663 manus
881 3600 1043 3684 imponere
1060 3621 1185 3662 neeesse
1204 3599 1353 3663 habebat.
1399 3600 1460 3681 Qui

413 3725 487 3767 vero
508 3702 684 3788 perlectum
706 3702 900 3786 baptismum
921 3708 1124 3785 acceperant,
1138 3700 1176 3763 iis
1198 3723 1310 3764 manus
1333 3710 1460 3767 tantum

414 3804 635 3889 impincbatnr
649 3804 691 3867 ab
705 3803 852 3888 episcopo
868 3802 935 3866 sine
951 3802 1187 3880 chrismatione,
1199 3810 1235 3867 ut
1250 3805 1344 3868 docet
1359 3827 1460 3869 canon

415 3907 642 3971 Arausicanus.
687 3905 757 3986 Quo
779 3905 918 3990 pertinet
934 3913 1024 3968 vetus
1040 3904 1247 3990 Epigramma
1269 3908 1354 3991 apud
1377 3908 1460 3971 Grn-

415 4015 519 4073 terum
535 4030 566 4092 p.
583 4025 673 4089 1177.
689 4008 729 4071 de
746 4007 868 4071 Merca.

569 4152 672 4236 Tuque
685 4150 848 4214 socerclotea
862 4149 990 4213 maists·
1004 4148 1162 4211 chrimate
1175 4158 1276 4211 macto

568 4254 702 4338 Propere
718 4251 762 4317 bie
776 4251 894 4316 callam
901 4251 1007 4335 judice
1014 4271 1100 4335 posse
1115 4251 1189 4314 Deo.

417 4410 517 4475 Porro
531 4419 570 4475 ut
584 4411 625 4474 ad
641 4409 813 4475 Novatiani
828 4409 1022 4495 baptismum
1038 4410 1217 4486 redeamus,
1231 4409 1304 4474 hinc
1318 4433 1464 4478 manasse

417 4513 490 4577 mihi
510 4514 637 4578 videtur
659 4534 728 4576 mos
743 4512 1005 4586 Novatianornm‚
1028 4512 1081 4596 qni
1105 4512 1138 4574 in
1162 4512 1320 4595 baptismo
1340 4537 1464 4578 sacrum

416 4616 552 4681 chrisma
566 4637 631 4681 non
647 4615 840 4680 adhibebant
855 4623 940 4679 teste
955 4614 1150 4678 Theodorito
1165 4614 1197 4677 in
1213 4614 1265 4678 lib.
1279 4615 1321 4678 iii.
1340 4617 1464 4681 Haeret.
