3700 5667
395 655 438 719 ’72
737 649 1095 714 ANNOTATIONES

393 822 524 908 originis
546 829 621 886 sunt
643 821 800 906 pleraeque
822 820 994 884 lectionum
1014 819 1293 904 Christophorsoni
1308 827 1439 897 vocator,

393 946 488 1010 quam
499 932 535 988 ut
544 924 664 1007 absque
675 923 808 986 aliorum
824 921 969 985 codicum
979 919 1162 985 testimonio
1175 920 1282 1005 magni
1299 922 1439 1004 pendan-

392 1035 455 1089 tur.
494 1025 586 1106 Quod
597 1032 705 1089 autem
715 1025 757 1088 ad
766 1023 967 1108 scripturam,
980 1025 1093 1087 τούτων
1103 1026 1136 1086 δὲ
1145 1023 1185 1102 μὴ
1199 1024 1296 1105 τυχὼν
1307 1044 1366 1107 pro
1375 1025 1440 1086 τού-

392 1151 445 1189 του
459 1128 491 1189 a
506 1153 535 1205 μ
554 1151 580 1187 τ.
596 1148 617 1189 a
631 1123 762 1188 Valesio
778 1135 987 1188 memoratam
1001 1124 1131 1196 attinet,
1149 1124 1282 1187 eandem
1305 1130 1440 1206 praestat

392 1228 467 1290 Mu.
489 1226 585 1291 Sacil.
609 1248 664 1289 seu
687 1226 779 1289 Bodl.
804 1225 853 1289 cui
879 1246 963 1289 nunc
984 1225 1075 1289 addit
1099 1225 1262 1288 Burtonus
1282 1234 1441 1309 atruruque

393 1328 614 1404 Florentinum,
633 1336 731 1413 atque
748 1328 868 1392 invenit
887 1328 1023 1390 fortasse
1040 1326 1239 1410 Nicrploras,
1256 1325 1309 1409 qui
1330 1326 1440 1401 habet,

393 1432 505 1494 τούτων
518 1434 550 1495 δὲ
565 1437 624 1494 τῶν
637 1437 785 1510 μυστικῶν
798 1431 839 1509 μὴ
853 1431 962 1512 τυχὼν,
977 1434 1040 1494 πῶς
1054 1428 1092 1490 ὃν
1108 1430 1164 1491 διο.

440 1534 476 1595 Ρ.
491 1551 508 1595 2
510 1549 542 1617 5.
563 1533 584 1595 l.
601 1550 649 1594 ιι.
671 1531 808 1616 βοηθήσῃ
830 1536 893 1597 τοῖς
918 1528 1076 1615 ἀδελφοῖς]
1104 1530 1185 1592 Post
1209 1528 1268 1592 has
1294 1551 1385 1592 voces
1408 1530 1441 1593 in

394 1634 554 1698 codicibus
579 1633 697 1698 nostris
723 1633 808 1697 Maz.
830 1633 922 1696 Med.
944 1631 1026 1694 Fulr.
1049 1638 1083 1695 et
1105 1630 1274 1707 Sariliano,
1301 1638 1333 1695 et
1355 1632 1441 1716 apud

394 1736 572 1820 Syncellum
594 1737 662 1800 haec
683 1736 847 1799 adduntur
872 1733 1036 1816 [omiserat
1058 1755 1097 1796 ea
1116 1732 1223 1796 omnia
1244 1740 1362 1816 proeter
1387 1733 1442 1797 illa

394 1841 560 1920 ἐπικουρίας
582 1837 733 1918 δεομένοις
751 1838 800 1900 ed.
816 1837 854 1900 R.
873 1835 985 1919 Steph.
1002 1835 1161 1918 quomodo
1176 1835 1292 1897 desunt
1308 1835 1340 1896 in
1355 1836 1440 1898 codd.

391 1940 487 2025 Regio
501 1946 535 2003 ct
552 1939 733 2022 Ριιήθὶηἰ]ι
766 1939 826 2001 ὅσα
843 1938 938 2017 θέμις,
954 1941 1002 2003 καὶ
1020 1940 1080 2002 ὅσα
1100 1939 1227 2002 δυνατὸν
1250 1940 1441 2023 πρεσβυτέρῳ

393 2043 615 2105 κινδυνεύουσιν
626 2043 769 2120 ἀδελφοῖς
785 2040 833 2102 καὶ
848 2041 1016 2120 ἐπικουρίας
1031 2038 1182 2119 δεομένοις
1195 2043 1330 2118 βοηθεῖν.
1362 2039 1440 2119 Quae

393 2142 527 2206 Rufinus
548 2142 661 2226 legisse
676 2142 802 2205 videtur
823 2141 855 2204 in
878 2164 936 2204 suo
955 2141 1071 2219 codice,
1087 2140 1185 2204 vertit
1199 2140 1300 2203 enim:
1327 2141 1443 2205 Scribit

393 2244 484 2306 etiam
510 2244 546 2306 de
572 2245 645 2327 ipso,
675 2243 755 2327 qaod
775 2242 990 2326 persecutionis
1018 2252 1156 2326 tempore,
1179 2263 1246 2304 cum
1275 2243 1310 2304 ιἰι
1335 2243 1443 2307 cellula

393 2344 526 2428 qaedam
546 2344 660 2418 lateret,
676 2353 703 2407 et
717 2365 737 2406 σ
752 2343 898 2416 diaconis,
915 2353 949 2406 ut
968 2342 1060 2406 morib
1079 2352 1129 2415 est,
1145 2341 1299 2407 subvenire
1313 2344 1346 2407 ι’-ιι
1360 2347 1442 2409 exitu

393 2445 606 2508 catectmncais
619 2454 787 2530 rogaretur,
802 2444 858 2507 dre.
904 2443 1006 2507 Paulo
1019 2452 1095 2508 ante
1110 2444 1163 2507 ubi
1178 2444 1344 2529 legebatur
1358 2448 1442 2524 ἔξελ-

394 2547 455 2610 cuv
469 2552 522 2609 τοῦ
540 2548 631 2619 οἴκου,
646 2546 846 2615 restituimus
860 2548 1002 2624 οἰκίσκου,
1017 2546 1202 2610 auctoribus
1224 2547 1335 2610 iisdem
1357 2548 1442 2612 codi-

392 2649 481 2712 cibus
496 2654 529 2712 et
545 2648 683 2733 Georgio
698 2648 854 2732 Syncello.
899 2647 1034 2712 Rufinus
1054 2647 1193 2712 cedulam
1208 2649 1314 2712 vertit.
1339 2651 1442 2713 Vme-

392 2773 466 2813 sms.
502 2750 542 2812 In
564 2750 625 2813 hae
640 2749 747 2813 Rufini
769 2750 1046 2834 interpretatione,
1062 2771 1129 2814 οιιυι
1142 2748 1297 2814 arborii-o
1311 2754 1346 2815 ia
1360 2756 1444 2818 scitu

393 2851 607 2916 catechumenis
621 2861 787 2936 rogaretur,
803 2874 817 2916 e
831 2851 941 2915 cellula
960 2850 994 2913 ia
1010 2873 1072 2936 qua
1094 2850 1204 2916 latebat
1218 2853 1324 2915 timeas
1335 2874 1443 2936 ρνυοο-

393 2952 473 3025 dere,
496 2951 702 3035 presbyteram
730 2974 759 3015 se
787 2974 845 3017 caro
873 2953 1043 3035 demeavit,
1073 2951 1169 3016 nimia
1194 2953 1443 3038 deprehenditur

260 3064 264 3071 “
393 3053 577 3137 interpretis
590 3053 734 3117 licentia:
759 3076 831 3117 cum
846 3056 943 3117 verba
958 3054 1094 3118 (lornelii
1109 3055 1149 3119 de
1164 3055 1310 3118 omnibus
1323 3055 1442 3118 auxilio

393 3153 571 3238 presbyteri
586 3154 800 3239 indigentibus
811 3154 899 3219 dicta
912 3155 955 3218 ad
969 3177 1048 3218 unos
1062 3155 1316 3232 catechumenos,
1327 3155 1442 3239 quibus

393 3263 427 3320 et
453 3255 578 3320 diaconi
606 3256 770 3320 subvenire
795 3264 957 3341 poterant,
984 3257 1112 3320 referat.
1158 3257 1314 3337 Quocirca
1339 3279 1442 3342 neque

393 3356 498 3440 placet
524 3358 608 3441 quod
634 3357 854 3421 Theodoretus
878 3357 933 3420 lib.
960 3357 1003 3420 iii.
1034 3358 1159 3422 Haeret.
1187 3357 1267 3421 Fab.
1296 3361 1442 3422 eamdem

393 3459 609 3524 narrationem
645 3458 693 3523 ita
724 3459 874 3545 exponit:
916 3459 977 3537 Qui
1012 3481 1080 3523 cero
1111 3459 1274 3522 remedium
1306 3459 1440 3543 (lapsus)

392 3562 525 3646 empirei
532 3559 738 3646 ρσιθιιθσθσιιθ,
753 3559 920 3645 crescebant
934 3582 1010 3633 οιιιιι,
1027 3561 1107 3645 quod
1125 3583 1203 3644 aoepe
1217 3571 1337 3645 rogatus
1351 3571 1385 3624 at
1399 3562 1445 3626 cd

392 3664 471 3747 ι’ροοι
486 3671 677 3746 properarat,
698 3671 726 3725 ct
746 3661 842 3725 verbis
863 3662 1056 3744 confirmaret
1077 3661 1131 3746 qui
1150 3662 1276 3744 tyranni
1294 3662 1444 3726 rubedinis

386 3761 604 3847 pulsabantur,
627 3762 777 3826 οοοιιίθσιιυ
798 3785 828 3827 κο
850 3765 913 3847 ipse
934 3772 962 3827 et
983 3763 1075 3827 latero
1096 3763 1224 3836 κίυιθσυς,
1233 3762 1443 3847 presbyterum

392 3864 485 3927 aram
504 3885 533 3926 ee
550 3885 607 3926 csso
626 3863 788 3948 deceperit.
835 3865 886 3927 Ex
909 3866 969 3928 hoc
992 3872 1100 3929 autem
1122 3865 1192 3929 loco
1213 3865 1322 3950 liquet,
1344 3888 1441 3949 quam

393 3963 507 4028 merito
530 3963 672 4047 superius
693 3985 713 4027 a
731 3964 876 4028 Cornelio
898 3967 1094 4051 postulatum
1117 3967 1171 4042 sit,
1184 3988 1226 4029 an
1243 3966 1441 4031 Novatianus

392 4064 428 4127 ιἰι
447 4063 549 4128 mult-is
562 4065 737 4149 υισριιιζςρυο
751 4066 901 4150 periculis
921 4068 1078 4153 reliyicmlr
1096 4089 1189 4132 causa
1201 4067 1329 4150 suerit?
1360 4068 1441 4132 (lou-

393 4189 497 4229 arsur.
543 4167 609 4230 Pro
634 4167 749 4243 verbis,
779 4169 838 4231 ὅσα
865 4168 948 4248 θέμις
978 4198 1002 4232 κ.
1020 4196 1047 4233 τ.
1061 4178 1093 4231 λ.
1121 4169 1234 4253 quibus
1263 4168 1441 4233 orationem

392 4268 484 4333 auxit
506 4267 662 4343 Valesius,
689 4276 789 4333 testes
812 4270 950 4333 addendi
976 4278 1052 4334 sunt
1074 4272 1174 4334 MSS.
1200 4292 1309 4333 omnes
1334 4271 1440 4334 adhuc

392 4368 1440 4455 collatipraeterllepiumotParisirsos,perindeacSyncellusNice·

392 4469 582 4553 phorusque‚
596 4480 629 4534 et
645 4470 795 4556 Scaliger,
812 4473 864 4554 qui
879 4474 921 4536 ad
942 4494 1031 4536 oram
1046 4473 1093 4536 sui
1109 4473 1243 4557 exempli
1260 4474 1328 4537 haec
1343 4475 1441 4538 verba

392 4569 513 4634 attulit.
558 4571 661 4635 Extat
683 4575 764 4636 οἴκου
785 4595 844 4657 pro
866 4575 998 4639 οἰκίσκον
1015 4575 1047 4636 in
1065 4573 1438 4659 οθὶθ.ι8ἰορ1ι.οοθι”οι’θυι-

393 4692 453 4756 que
468 4671 564 4753 Rapio
578 4693 615 4735 ac
632 4673 802 4735 Parieinis.
848 4674 949 4743 Paulo
964 4697 1061 4758 supra
1078 4675 1162 4737 idem
1179 4676 1290 4747 codex,
1306 4675 1439 4759 perinde
