3700 5667
501 660 566 727 890
638 658 820 721 FRAGM.
844 657 996 720 EPIST.
1022 656 1242 721 DIONYSII
1269 658 1414 722 ALEX.

501 1038 553 1100 En
568 1036 714 1120 Dionysii
727 1036 936 1101 Alexandrini
949 1038 1095 1122 pratulis
1109 1038 1155 1101 ad
1172 1038 1354 1102 Dronrsruss
1378 1041 1551 1103 Rousnuss

544 1148 684 1233 Epitiodt
706 1147 947 1232 desipariita
965 1146 1118 1230 Ἐλέγχου
1139 1150 1186 1212 καὶ
1205 1147 1390 1231 Ἀπολογίας
1409 1160 1551 1233 quotquot

542 1255 658 1336 Ῥήσεις
671 1256 812 1320 adduam
825 1267 895 1321 sunt
908 1279 930 1320 α
945 1257 1004 1321 SS.
1016 1256 1186 1320 Athanasio
1200 1268 1227 1321 et
1242 1256 1363 1321 Basilio
1378 1259 1504 1342 Manno.

1012 1484 1039 1545 Ι.

888 1635 940 1697 Es
953 1634 1057 1718 primo
1073 1632 1158 1696 libro.

544 1761 591 1823 Οὐ
605 1762 663 1842 γὰρ
677 1760 715 1838 ἣν
729 1767 774 1821 ὅτι
787 1769 802 1820 ὁ
817 1769 883 1824 θεὸς
897 1760 949 1822 οὐκ
964 1759 1002 1837 ἦν
1016 1759 1120 1839 πατήρ.

547 1880 595 1932 Καὶ
614 1880 693 1931 τοῦτο
713 1873 783 1931 οἷδιν
800 1876 854 1948 (ait
876 1874 1055 1933 Athanasius
1076 1876 1175 1934 statim
1198 1879 1278 1954 post)
1293 1878 1321 1931 ἐν
1338 1881 1393 1934 τοῖς
1411 1880 1479 1948 ἑξῆς.
1500 1872 1551 1935 ἀεὶ

502 1979 555 2042 πδν
576 1978 710 2060 Χριστὸν
732 1978 819 2053 εἶναι,
839 1981 935 2058 λόγον
957 1980 1038 2051 ὄντα,
1057 1979 1104 2041 καὶ
1126 1980 1250 2058 σοφίαν,
1270 1980 1318 2041 καὶ
1341 1980 1472 2057 δύναμιν.
1502 1982 1551 2043 Οὔ

501 2091 561 2169 γδρ
578 2088 613 2165 δὴ
630 2084 741 2150 τούτων
758 2087 867 2166 ἄγονος
882 2085 924 2149 ὢν
939 2089 955 2148 ὁ
972 2086 1061 2158 Θεὸς,
1078 2087 1142 2150 εἶτα
1157 2086 1417 2166 ἐπαιδοποιήσατο,
1432 2095 1492 2149 ἀλλ’
1507 2096 1550 2150 ὅτι

501 2198 541 2277 μὴ
555 2197 624 2279 παρ’
640 2199 745 2259 ἑαυτοῦ
760 2197 776 2257 ὁ
791 2195 866 2269 υίὸς,
882 2193 951 2257 ἀλλ’
969 2197 1002 2258 ἐκ
1016 2196 1193 2276 τοῦπατρὸς
1208 2196 1272 2277 ἔχει
1285 2197 1319 2257 τὸ
1334 2196 1419 2260 εἶναι.

546 2308 604 2371 Καὶ
618 2314 673 2385 μετ’
687 2312 765 2386 ὀλίγα
782 2312 891 2391 (pergit
910 2311 1006 2371 dicere
1025 2312 1218 2389 Athanasius)
1234 2316 1313 2368 πάλιν
1326 2316 1385 2387 περὶ
1403 2318 1451 2368 τοῦ
1468 2315 1549 2369 αὐτοῦ

501 2421 598 2492 φησίν.

543 2518 743 2601 Ἀπαιίγασμο
765 2519 798 2580 δὲ
820 2516 862 2580 ὢν
885 2516 983 2597 φωτὸς
1005 2517 1111 2591 ἀϊδίου,
1134 2516 1250 2583 πάντας
1273 2520 1321 2582 καὶ
1343 2519 1431 2584 αὐτὸς
1453 2522 1548 2586 δϊδιόι·

503 2633 593 2694 ἔστιν.
618 2632 704 2696 ὄντος
722 2632 779 2711 γὰρ
800 2629 847 2692 ἀεὶ
866 2633 918 2691 τοῦ
939 2628 1048 2708 φωτὸς,
1065 2631 1156 2705 δῆλον
1178 2631 1216 2694 ὡς
1237 2629 1321 2692 ἔστιν
1338 2630 1385 2692 ἀεὶ
1402 2630 1436 2693 td
1451 2632 1545 2695 ἀπαύ-

502 2765 616 2821 γασμα.
641 2741 733 2823 τούτῳ
750 2744 820 2821 (for.
836 2739 937 2817 τοῦτο)
954 2740 1022 2819 γὰρ,
1040 2739 1088 2799 καὶ
1105 2738 1150 2799 ὅτι
1168 2743 1230 2817 φῶς
1249 2739 1324 2810 ἐστὶ,
1341 2742 1381 2823 τῷ
1400 2741 1547 2819 καταυγά-

502 2856 563 2923 ζειν
584 2852 704 2922 νοεῖται,
722 2847 769 2909 καὶ
789 2851 853 2924 φῶς
872 2847 907 2908 οὗ
928 2847 1049 2909 δύναται
1068 2847 1108 2924 μὴ
1128 2848 1258 2926 φωτίζον
1273 2847 1358 2911 εἶναι.
1382 2848 1474 2910 πάλιν
1489 2852 1548 2929 γὰρ

438 3004 443 3014 .
503 2956 637 3034 ἔλθωμεν
662 2955 711 3017 ἐπὶ
736 2957 774 3016 τὰ
799 2954 1031 3033 παραδείγματα.
1070 2957 1097 3016 εί
1122 2955 1206 3019 ἔστιν
1231 2956 1325 3033 ἥλιος,
1351 2957 1434 3020 ἔστιν
1459 2958 1546 3038 αὐγὴ,

503 3064 586 3127 ἔστιν
601 3063 703 3144 ἡμέρα·
732 3066 758 3126 εἰ
773 3063 912 3125 τοιούτων
931 3061 1024 3139 μηδέν
1042 3065 1117 3140 ἐστι,
1132 3065 1211 3127 πολύ
1225 3090 1260 3147 γε
1280 3070 1327 3128 δεῖ
1345 3067 1392 3128 καὶ
1409 3072 1548 3147 παρεῖναι

501 3173 598 3250 ἥλιον.
626 3175 653 3236 εί
666 3175 723 3252 μὲν
737 3174 791 3236 οὖν
808 3171 900 3238 ἀίδιος
918 3175 935 3234 ὁ
952 3172 1046 3249 ἥλιος,
1063 3174 1214 3240 ἄπαυστος
1233 3175 1271 3237 ἂν
1290 3175 1327 3253 ἦν
1348 3177 1395 3238 καὶ
1410 3177 1427 3254 ἡ
1442 3174 1546 3255 ἡμέρα.

501 3288 557 3348 sua
582 3285 625 3355 δὲ,
649 3283 684 3345 οὐ
710 3281 767 3365 γάρ
792 3284 885 3354 ἐστιν,
911 3280 1078 3363 ἀρξαμένου
1100 3308 1133 3346 τε
1158 3282 1275 3363 ἤρξατο,
1304 3286 1351 3346 καὶ
1378 3283 1547 3362 παυομένου

611 3489 740 3547 Versinu
757 3489 921 3547 Coscatnntio
935 3489 964 3546 ιἰι
983 3488 1056 3566 Epp.
1075 3486 1182 3566 Pontis.
1202 3488 1281 3544 Rutu.
1298 3496 1435 3545 correcta.

543 3628 614 3686 Non
653 3628 731 3686 enim
769 3638 832 3685 erat
871 3638 996 3704 tempus,
1047 3647 1159 3701 semper
1184 3626 1345 3684 exsistere:
1378 3647 1413 3684 eo
1437 3627 1547 3705 quippe

501 3707 618 3786 quando
636 3709 714 3764 Deus
728 3726 786 3763 non
801 3717 863 3763 erat
878 3718 970 3784 pater.
1049 3706 1099 3763 lux
1140 3727 1202 3765 esse
1244 3705 1428 3782 intelligitur,
1467 3706 1546 3782 quod

545 3787 707 3862 Prnfitctur‚
720 3784 868 3841 Christum
884 3806 998 3864 semper
1048 3785 1251 3864 splendentes
1262 3785 1323 3843 fieri
1336 3786 1437 3861 nequit
1449 3797 1482 3843 ut
1494 3785 1545 3842 lux

501 3884 573 3929 esse.
589 3875 692 3942 utpote
706 3865 823 3921 verbum
840 3875 870 3921 et
884 3865 997 3943 sapien.
1049 3886 1106 3922 non
1122 3866 1225 3924 luceat.
1270 3865 1397 3922 Rursum
1418 3866 1494 3923 enim
1509 3866 1546 3923 ad

501 3946 570 4003 tiam
585 3955 615 4002 et
630 3944 778 4001 virtutem.
808 3942 915 4021 Neque
930 3965 998 4002 vero
1049 3945 1183 4023 exempla
1197 3946 1353 4004 veniamus.
1385 3945 1417 4002 si
1432 3945 1475 4002 sol
1490 3958 1545 4010 est,

502 4024 663 4082 Deuscum
678 4024 738 4080 haec
752 4043 809 4080 non
825 4025 995 4102 peperisset,
1047 4037 1092 4083 est
1121 4045 1236 4102 quoque
1267 4024 1414 4102 splendor,
1443 4038 1488 4082 est
1516 4036 1546 4082 et

553 4115 601 4163 tea
611 4104 719 4161 Filium
730 4104 849 4181 genuit:
868 4105 918 4163 sed
929 4105 997 4180 quia
1047 4105 1133 4163 dies:
1178 4107 1279 4163 horum
1318 4105 1341 4162 si
1382 4104 1455 4162 nihil
1491 4117 1544 4171 est,

529 4184 596 4242 ilius
614 4206 672 4242 non
692 4204 709 4241 a
728 4204 758 4243 se
777 4184 849 4264 ipsu,
866 4204 996 4242 veruma
1048 4184 1172 4242 multum
1207 4187 1288 4244 abest
1319 4196 1351 4242 ut
1385 4184 1426 4242 sol
1458 4183 1543 4241 adsit.

501 4264 590 4324 Patre
604 4266 691 4323 habet
705 4284 776 4323 esse.
1048 4264 1136 4334 Quod
1169 4266 1191 4323 si
1225 4266 1269 4322 sol
1301 4275 1427 4321 eternus
1459 4275 1544 4327 esset.

541 4346 615 4401 Cum
630 4346 668 4403 sit
682 4343 818 4423 splendor
828 4344 901 4402 lueis
912 4355 995 4401 aeter·
1047 4344 1109 4402 dies
1127 4365 1243 4421 quoque
1262 4364 1419 4420 numquam
1440 4344 1544 4401 defice-

500 4442 555 4487 πω,
565 4443 682 4501 prorsus
693 4436 723 4482 et
732 4424 793 4501 ipse
803 4435 930 4482 aternus
940 4435 995 4482 est.
1048 4435 1102 4481 ret.
1131 4424 1162 4480 N
1164 4445 1221 4482 une
1235 4438 1332 4482 autem
1345 4427 1453 4499 (neque
1468 4422 1544 4480 enim

500 4502 582 4560 Luce
598 4504 675 4561 euim
695 4522 808 4580 semper
827 4503 995 4567 exsistente,
1047 4503 1088 4560 itu
1110 4524 1140 4561 se
1159 4524 1205 4561 res
1224 4504 1323 4574 habet)
1340 4502 1402 4560 dies
1423 4502 1483 4560 sole
1500 4503 1543 4559 in·

500 4581 685 4639 manifestum
705 4592 749 4639 eat
763 4593 794 4639 et
812 4581 994 4659 splendorem
1048 4584 1174 4662 cipiente
1199 4583 1311 4661 incipit.
1335 4603 1368 4641 ac
1393 4583 1545 4640 desinente
