<?xml version="1.0" encoding="UTF-8"?>
<!DOCTYPE html PUBLIC "-//W3C//DTD XHTML 1.0 Transitional//EN"
    "http://www.w3.org/TR/xhtml1/DTD/xhtml1-transitional.dtd">
<html xmlns="http://www.w3.org/1999/xhtml" xml:lang="en" lang="en">
 <head>
  <title>
</title>
<meta http-equiv="Content-Type" content="text/html;charset=utf-8" />
  <meta name='ocr-system' content='tesseract 3.04.00' />
  <meta name='ocr-capabilities' content='ocr_page ocr_carea ocr_par ocr_line ocrx_word'/>
</head>
<body>
  <div class='ocr_page' id='page_1' title='image "./reliquiaesacrae08routgoog_0501.png"; bbox 0 0 3700 5667; ppageno 0'>
   <div class='ocr_carea' id='block_1_1' title="bbox 416 678 1323 742">
    <p class='ocr_par' dir='ltr' id='par_1_1' title="bbox 416 678 1323 742">
     <span class='ocr_line' id='line_1_1' title="bbox 416 678 1323 742; baseline -0.001 -1"><span class='ocrx_word' id='word_1_1' title='bbox 416 678 466 741; x_wconf 95' lang='lat' dir='ltr'>IN</span> <span class='ocrx_word' id='word_1_2' title='bbox 492 678 795 742; x_wconf 87' lang='lat' dir='ltr'>S.V1CTOR1NI</span> <span class='ocrx_word' id='word_1_3' title='bbox 822 678 1184 742; x_wconf 75' lang='lat' dir='ltr'><strong>FR&#39;AGMEN&#39;I&#39;UM.</strong></span> <span class='ocrx_word' id='word_1_4' title='bbox 1259 678 1323 740; x_wconf 77' lang='lat'>483</span> 
     </span>
    </p>
   </div>
   <div class='ocr_carea' id='block_1_2' title="bbox 273 846 1323 1338">
    <p class='ocr_par' dir='ltr' id='par_1_2' title="bbox 273 846 1323 1338">
     <span class='ocr_line' id='line_1_2' title="bbox 276 846 1323 933; baseline -0.001 -24"><span class='ocrx_word' id='word_1_5' title='bbox 276 847 400 931; x_wconf 79' lang='lat' dir='ltr'>Apoooi.</span> <span class='ocrx_word' id='word_1_6' title='bbox 431 849 602 912; x_wconf 88' lang='lat' dir='ltr'>eorundem</span> <span class='ocrx_word' id='word_1_7' title='bbox 632 848 799 913; x_wconf 83' lang='lat' dir='ltr'>sententiae</span> <span class='ocrx_word' id='word_1_8' title='bbox 830 848 1000 933; x_wconf 75' lang='lat' dir='ltr'>opposita3</span> <span class='ocrx_word' id='word_1_9' title='bbox 1035 847 1106 923; x_wconf 91' lang='lat' dir='ltr'>etsi,</span> <span class='ocrx_word' id='word_1_10' title='bbox 1136 846 1323 910; x_wconf 78' lang='lat' dir='ltr'><strong>Victorinus</strong></span> 
     </span>
     <span class='ocr_line' id='line_1_3' title="bbox 275 947 1320 1033; baseline 0 -23"><span class='ocrx_word' id='word_1_11' title='bbox 275 948 307 1011; x_wconf 93' lang='lat' dir='ltr'>in</span> <span class='ocrx_word' id='word_1_12' title='bbox 328 949 555 1013; x_wconf 86' lang='lat' dir='ltr'>commentario</span> <span class='ocrx_word' id='word_1_13' title='bbox 576 971 645 1025; x_wconf 93' lang='lat' dir='ltr'>suo,</span> <span class='ocrx_word' id='word_1_14' title='bbox 663 948 858 1033; x_wconf 81' lang='lat' dir='ltr'>Hieronymo</span> <span class='ocrx_word' id='word_1_15' title='bbox 879 949 911 1012; x_wconf 92' lang='lat' dir='ltr'>id</span> <span class='ocrx_word' id='word_1_16' title='bbox 932 948 1051 1013; x_wconf 86' lang='lat' dir='ltr'>diserte</span> <span class='ocrx_word' id='word_1_17' title='bbox 1071 949 1230 1024; x_wconf 75' lang='lat' dir='ltr'>tradente,</span> <span class='ocrx_word' id='word_1_18' title='bbox 1247 947 1320 1012; x_wconf 79' lang='lat' dir='ltr'>chi-</span> 
     </span>
     <span class='ocr_line' id='line_1_4' title="bbox 274 1049 1320 1135; baseline -0.001 -23"><span class='ocrx_word' id='word_1_19' title='bbox 274 1049 437 1114; x_wconf 90' lang='lat' dir='ltr'>liastarum</span> <span class='ocrx_word' id='word_1_20' title='bbox 468 1051 567 1114; x_wconf 90' lang='lat' dir='ltr'>errori</span> <span class='ocrx_word' id='word_1_21' title='bbox 594 1050 718 1125; x_wconf 86' lang='lat' dir='ltr'>faverit,</span> <span class='ocrx_word' id='word_1_22' title='bbox 744 1052 890 1135; x_wconf 83' lang='lat' dir='ltr'>idemque</span> <span class='ocrx_word' id='word_1_23' title='bbox 920 1051 1065 1135; x_wconf 82' lang='lat' dir='ltr'>profecto</span> <span class='ocrx_word' id='word_1_24' title='bbox 1094 1071 1132 1112; x_wconf 88' lang='lat' dir='ltr'>ex</span> <span class='ocrx_word' id='word_1_25' title='bbox 1164 1055 1320 1125; x_wconf 86' lang='lat' dir='ltr'>tractatu,</span> 
     </span>
     <span class='ocr_line' id='line_1_5' title="bbox 274 1151 1319 1236; baseline 0 -22"><span class='ocrx_word' id='word_1_26' title='bbox 274 1151 327 1234; x_wconf 92' lang='lat' dir='ltr'>qui</span> <span class='ocrx_word' id='word_1_27' title='bbox 350 1159 503 1236; x_wconf 80' lang='lat' dir='ltr'>superest,</span> <span class='ocrx_word' id='word_1_28' title='bbox 519 1154 569 1216; x_wconf 85' lang='lat' dir='ltr'>De</span> <span class='ocrx_word' id='word_1_29' title='bbox 590 1151 729 1216; x_wconf 76' lang='lat' dir='ltr'>Fodrioo</span> <span class='ocrx_word' id='word_1_30' title='bbox 753 1152 878 1230; x_wconf 63' lang='lat' dir='ltr'>Mardi,</span> <span class='ocrx_word' id='word_1_31' title='bbox 894 1152 1026 1236; x_wconf 86' lang='lat' dir='ltr'>liqueat.</span> <span class='ocrx_word' id='word_1_32' title='bbox 1072 1151 1134 1215; x_wconf 85' lang='lat' dir='ltr'>Sed</span> <span class='ocrx_word' id='word_1_33' title='bbox 1156 1151 1223 1214; x_wconf 84' lang='lat' dir='ltr'>haeo</span> <span class='ocrx_word' id='word_1_34' title='bbox 1246 1151 1319 1214; x_wconf 85' lang='lat' dir='ltr'>hac-</span> 
     </span>
     <span class='ocr_line' id='line_1_6' title="bbox 273 1252 1316 1338; baseline 0 -22"><span class='ocrx_word' id='word_1_35' title='bbox 273 1260 375 1316; x_wconf 88' lang='lat' dir='ltr'>tenus.</span> <span class='ocrx_word' id='word_1_36' title='bbox 422 1254 621 1327; x_wconf 87' lang='lat' dir='ltr'>Poematum,</span> <span class='ocrx_word' id='word_1_37' title='bbox 646 1276 715 1338; x_wconf 85' lang='lat' dir='ltr'>quae</span> <span class='ocrx_word' id='word_1_38' title='bbox 737 1253 904 1319; x_wconf 76' lang='lat' dir='ltr'>Victorino</span> <span class='ocrx_word' id='word_1_39' title='bbox 928 1252 1067 1317; x_wconf 88' lang='lat' dir='ltr'>nonnulli</span> <span class='ocrx_word' id='word_1_40' title='bbox 1089 1252 1316 1326; x_wconf 84' lang='lat' dir='ltr'>attribuerunt,</span> 
     </span>
    </p>
   </div>
   <div class='ocr_carea' id='block_1_3' title="bbox 271 1352 1322 1949">
    <p class='ocr_par' dir='ltr' id='par_1_3' title="bbox 271 1352 1322 1949">
     <span class='ocr_line' id='line_1_7' title="bbox 274 1352 1320 1439; baseline 0.003 -25"><span class='ocrx_word' id='word_1_41' title='bbox 274 1352 393 1415; x_wconf 90' lang='lat' dir='ltr'>nullum</span> <span class='ocrx_word' id='word_1_42' title='bbox 410 1353 522 1417; x_wconf 91' lang='lat' dir='ltr'>idoneo</span> <span class='ocrx_word' id='word_1_43' title='bbox 536 1355 656 1437; x_wconf 87' lang='lat' dir='ltr'>gaudet</span> <span class='ocrx_word' id='word_1_44' title='bbox 672 1354 854 1418; x_wconf 87' lang='lat' dir='ltr'>testimonio</span> <span class='ocrx_word' id='word_1_45' title='bbox 869 1364 988 1439; x_wconf 86' lang='lat' dir='ltr'>praeter</span> <span class='ocrx_word' id='word_1_46' title='bbox 1005 1355 1100 1419; x_wconf 89' lang='lat' dir='ltr'>breve</span> <span class='ocrx_word' id='word_1_47' title='bbox 1119 1376 1247 1418; x_wconf 88' lang='lat' dir='ltr'>carmen</span> <span class='ocrx_word' id='word_1_48' title='bbox 1263 1356 1320 1418; x_wconf 91' lang='lat' dir='ltr'>ad-</span> 
     </span>
     <span class='ocr_line' id='line_1_8' title="bbox 273 1454 1319 1539; baseline 0.003 -24"><span class='ocrx_word' id='word_1_49' title='bbox 273 1454 334 1517; x_wconf 89' lang='lat' dir='ltr'>huc</span> <span class='ocrx_word' id='word_1_50' title='bbox 354 1463 468 1519; x_wconf 86' lang='lat' dir='ltr'>extans</span> <span class='ocrx_word' id='word_1_51' title='bbox 488 1457 537 1520; x_wconf 84' lang='lat' dir='ltr'>Dc</span> <span class='ocrx_word' id='word_1_52' title='bbox 557 1457 650 1520; x_wconf 69' lang='lat' dir='ltr'>emm</span> <span class='ocrx_word' id='word_1_53' title='bbox 665 1457 801 1534; x_wconf 78' lang='lat' dir='ltr'>Domini,</span> <span class='ocrx_word' id='word_1_54' title='bbox 819 1457 866 1521; x_wconf 87' lang='lat' dir='ltr'>vel</span> <span class='ocrx_word' id='word_1_55' title='bbox 886 1458 936 1521; x_wconf 82' lang='lat' dir='ltr'>De</span> <span class='ocrx_word' id='word_1_56' title='bbox 955 1456 1116 1534; x_wconf 65' lang='lat' dir='ltr'>Paccium,</span> <span class='ocrx_word' id='word_1_57' title='bbox 1130 1456 1218 1539; x_wconf 86' lang='lat' dir='ltr'>eujus</span> <span class='ocrx_word' id='word_1_58' title='bbox 1240 1456 1319 1519; x_wconf 91' lang='lat' dir='ltr'>duos</span> 
     </span>
     <span class='ocr_line' id='line_1_9' title="bbox 273 1555 1317 1644; baseline 0.005 -28"><span class='ocrx_word' id='word_1_59' title='bbox 273 1555 393 1640; x_wconf 82' lang='lat' dir='ltr'>priores</span> <span class='ocrx_word' id='word_1_60' title='bbox 419 1579 526 1621; x_wconf 88' lang='lat' dir='ltr'>versus</span> <span class='ocrx_word' id='word_1_61' title='bbox 554 1558 717 1623; x_wconf 79' lang='lat' dir='ltr'>Victorino</span> <span class='ocrx_word' id='word_1_62' title='bbox 746 1558 914 1644; x_wconf 81' lang='lat' dir='ltr'>adscripsit</span> <span class='ocrx_word' id='word_1_63' title='bbox 941 1559 1030 1623; x_wconf 83' lang='lat' dir='ltr'>Beda</span> <span class='ocrx_word' id='word_1_64' title='bbox 1056 1557 1257 1623; x_wconf 83' lang='lat' dir='ltr'>Venerabilis</span> <span class='ocrx_word' id='word_1_65' title='bbox 1285 1558 1317 1621; x_wconf 94' lang='lat' dir='ltr'>in</span> 
     </span>
     <span class='ocr_line' id='line_1_10' title="bbox 272 1657 1317 1745; baseline 0.003 -26"><span class='ocrx_word' id='word_1_66' title='bbox 272 1657 376 1721; x_wconf 86' lang='lat' dir='ltr'>libello</span> <span class='ocrx_word' id='word_1_67' title='bbox 387 1660 436 1721; x_wconf 87' lang='lat' dir='ltr'>De</span> <span class='ocrx_word' id='word_1_68' title='bbox 450 1660 539 1723; x_wconf 82' lang='lat' dir='ltr'>Locis</span> <span class='ocrx_word' id='word_1_69' title='bbox 553 1661 675 1724; x_wconf 70' lang='lat' dir='ltr'>Sandis</span> <span class='ocrx_word' id='word_1_70' title='bbox 689 1682 759 1745; x_wconf 88' lang='lat' dir='ltr'>cap.</span> <span class='ocrx_word' id='word_1_71' title='bbox 771 1661 813 1725; x_wconf 84' lang='lat' dir='ltr'>iii.</span> <span class='ocrx_word' id='word_1_72' title='bbox 830 1683 862 1745; x_wconf 88' lang='lat' dir='ltr'>p.</span> <span class='ocrx_word' id='word_1_73' title='bbox 875 1663 950 1743; x_wconf 88' lang='lat'><strong>489.</strong></span> <span class='ocrx_word' id='word_1_74' title='bbox 966 1671 1042 1725; x_wconf 91' lang='lat' dir='ltr'>tom.</span> <span class='ocrx_word' id='word_1_75' title='bbox 1055 1660 1096 1723; x_wconf 91' lang='lat' dir='ltr'>iii.</span> <span class='ocrx_word' id='word_1_76' title='bbox 1114 1660 1163 1723; x_wconf 90' lang='lat' dir='ltr'>ed.</span> <span class='ocrx_word' id='word_1_77' title='bbox 1176 1659 1317 1723; x_wconf 72' lang='lat' dir='ltr'>Basa.-</span> 
     </span>
     <span class='ocr_line' id='line_1_11' title="bbox 272 1761 1322 1847; baseline 0.004 -26"><span class='ocrx_word' id='word_1_78' title='bbox 272 1781 333 1844; x_wconf 82' lang='lat' dir='ltr'>qao</span> <span class='ocrx_word' id='word_1_79' title='bbox 359 1762 464 1823; x_wconf 72' lang='lat' dir='ltr'>dadas</span> <span class='ocrx_word' id='word_1_80' title='bbox 489 1762 636 1847; x_wconf 79' lang='lat' dir='ltr'>opinione,</span> <span class='ocrx_word' id='word_1_81' title='bbox 665 1761 767 1846; x_wconf 87' lang='lat' dir='ltr'>inquit</span> <span class='ocrx_word' id='word_1_82' title='bbox 791 1762 889 1841; x_wconf 85' lang='lat' dir='ltr'>Beda,</span> <span class='ocrx_word' id='word_1_83' title='bbox 914 1763 1090 1827; x_wconf 74' lang='lat' dir='ltr'>Victoriam</span> <span class='ocrx_word' id='word_1_84' title='bbox 1115 1762 1322 1826; x_wconf 74' lang='lat' dir='ltr'>pictaviensis</span> 
     </span>
     <span class='ocr_line' id='line_1_12' title="bbox 271 1861 1115 1949; baseline 0.002 -25"><span class='ocrx_word' id='word_1_85' title='bbox 271 1861 395 1925; x_wconf 60' lang='lat' dir='ltr'>aetates</span> <span class='ocrx_word' id='word_1_86' title='bbox 407 1861 543 1939; x_wconf 64' lang='lat' dir='ltr'>mohac,</span> <span class='ocrx_word' id='word_1_87' title='bbox 557 1864 594 1927; x_wconf 76' lang='lat' dir='ltr'>de</span> <span class='ocrx_word' id='word_1_88' title='bbox 611 1863 753 1949; x_wconf 58' lang='lat' dir='ltr'>Gabatha</span> <span class='ocrx_word' id='word_1_89' title='bbox 767 1862 897 1928; x_wconf 70' lang='lat' dir='ltr'>scribens</span> <span class='ocrx_word' id='word_1_90' title='bbox 911 1865 957 1929; x_wconf 86' lang='lat' dir='ltr'>ita</span> <span class='ocrx_word' id='word_1_91' title='bbox 971 1865 1115 1928; x_wconf 77' lang='lat' dir='ltr'>iactant:</span> 
     </span>
    </p>
   </div>
   <div class='ocr_carea' id='block_1_4' title="bbox 253 2012 1165 2200">
    <p class='ocr_par' dir='ltr' id='par_1_4' title="bbox 253 2012 1165 2200">
     <span class='ocr_line' id='line_1_13' title="bbox 357 2012 1165 2099; baseline 0.004 -24"><span class='ocrx_word' id='word_1_92' title='bbox 357 2013 414 2075; x_wconf 77' lang='lat' dir='ltr'>Est</span> <span class='ocrx_word' id='word_1_93' title='bbox 428 2012 517 2085; x_wconf 75' lang='lat' dir='ltr'>bars,</span> <span class='ocrx_word' id='word_1_94' title='bbox 533 2033 570 2076; x_wconf 80' lang='lat' dir='ltr'>eo</span> <span class='ocrx_word' id='word_1_95' title='bbox 583 2014 665 2077; x_wconf 81' lang='lat' dir='ltr'>onmi</span> <span class='ocrx_word' id='word_1_96' title='bbox 678 2013 810 2077; x_wconf 80' lang='lat' dir='ltr'>medium</span> <span class='ocrx_word' id='word_1_97' title='bbox 825 2036 909 2099; x_wconf 81' lang='lat' dir='ltr'>qoem</span> <span class='ocrx_word' id='word_1_98' title='bbox 924 2014 1074 2078; x_wconf 64' lang='lat' dir='ltr'>aodimus</span> <span class='ocrx_word' id='word_1_99' title='bbox 1089 2013 1165 2090; x_wconf 78' lang='lat' dir='ltr'>orde,</span> 
     </span>
     <span class='ocr_line' id='line_1_14' title="bbox 253 2113 1055 2200; baseline 0.004 -25"><span class='ocrx_word' id='word_1_100' title='bbox 253 2135 255 2138; x_wconf 50' lang='lat'><em>⁴</em></span> <span class='ocrx_word' id='word_1_101' title='bbox 360 2113 506 2198; x_wconf 73' lang='lat' dir='ltr'>Golpotbo</span> <span class='ocrx_word' id='word_1_102' title='bbox 519 2113 630 2177; x_wconf 72' lang='lat' dir='ltr'>Jadoei</span> <span class='ocrx_word' id='word_1_103' title='bbox 636 2115 744 2199; x_wconf 73' lang='lat' dir='ltr'>patrio</span> <span class='ocrx_word' id='word_1_104' title='bbox 758 2116 925 2200; x_wconf 59' lang='lat' dir='ltr'>momine</span> <span class='ocrx_word' id='word_1_105' title='bbox 940 2117 1055 2180; x_wconf 71' lang='lat' dir='ltr'>diam.</span> 
     </span>
    </p>
   </div>
   <div class='ocr_carea' id='block_1_5' title="bbox 268 2262 1316 2940">
    <p class='ocr_par' dir='ltr' id='par_1_5' title="bbox 268 2262 1316 2940">
     <span class='ocr_line' id='line_1_15' title="bbox 272 2262 1316 2350; baseline 0.001 -26"><span class='ocrx_word' id='word_1_106' title='bbox 272 2262 502 2327; x_wconf 85' lang='lat' dir='ltr'>Verumtamen</span> <span class='ocrx_word' id='word_1_107' title='bbox 525 2263 691 2328; x_wconf 88' lang='lat' dir='ltr'>sententiae</span> <span class='ocrx_word' id='word_1_108' title='bbox 714 2264 839 2328; x_wconf 89' lang='lat' dir='ltr'>illorum</span> <span class='ocrx_word' id='word_1_109' title='bbox 861 2265 948 2330; x_wconf 85' lang='lat' dir='ltr'>haud</span> <span class='ocrx_word' id='word_1_110' title='bbox 970 2265 1121 2350; x_wconf 80' lang='lat' dir='ltr'>refragor,</span> <span class='ocrx_word' id='word_1_111' title='bbox 1145 2264 1198 2349; x_wconf 93' lang='lat' dir='ltr'>qui</span> <span class='ocrx_word' id='word_1_112' title='bbox 1221 2284 1316 2347; x_wconf 90' lang='lat' dir='ltr'>prop-</span> 
     </span>
     <span class='ocr_line' id='line_1_16' title="bbox 271 2364 1315 2451; baseline -0.002 -23"><span class='ocrx_word' id='word_1_113' title='bbox 271 2375 322 2428; x_wconf 90' lang='lat' dir='ltr'>ter</span> <span class='ocrx_word' id='word_1_114' title='bbox 348 2364 413 2429; x_wconf 89' lang='lat' dir='ltr'>stili</span> <span class='ocrx_word' id='word_1_115' title='bbox 437 2365 646 2429; x_wconf 81' lang='lat' dir='ltr'>differentiam</span> <span class='ocrx_word' id='word_1_116' title='bbox 670 2386 691 2429; x_wconf 89' lang='lat' dir='ltr'>a</span> <span class='ocrx_word' id='word_1_117' title='bbox 715 2367 878 2431; x_wconf 89' lang='lat' dir='ltr'>Victorino</span> <span class='ocrx_word' id='word_1_118' title='bbox 904 2389 1030 2432; x_wconf 92' lang='lat' dir='ltr'>carmen</span> <span class='ocrx_word' id='word_1_119' title='bbox 1053 2366 1240 2451; x_wconf 83' lang='lat' dir='ltr'>abjudicare</span> <span class='ocrx_word' id='word_1_120' title='bbox 1264 2386 1315 2428; x_wconf 83' lang='lat' dir='ltr'>ve-</span> 
     </span>
     <span class='ocr_line' id='line_1_17' title="bbox 269 2466 1315 2555; baseline -0.002 -25"><span class='ocrx_word' id='word_1_121' title='bbox 269 2466 349 2541; x_wconf 88' lang='lat' dir='ltr'>lint;</span> <span class='ocrx_word' id='word_1_122' title='bbox 372 2489 446 2532; x_wconf 90' lang='lat' dir='ltr'>nam</span> <span class='ocrx_word' id='word_1_123' title='bbox 468 2467 582 2531; x_wconf 90' lang='lat' dir='ltr'>Latine</span> <span class='ocrx_word' id='word_1_124' title='bbox 602 2468 687 2552; x_wconf 89' lang='lat' dir='ltr'>loqui</span> <span class='ocrx_word' id='word_1_125' title='bbox 706 2476 819 2533; x_wconf 90' lang='lat' dir='ltr'>auctor</span> <span class='ocrx_word' id='word_1_126' title='bbox 839 2469 996 2555; x_wconf 87' lang='lat' dir='ltr'>poematis</span> <span class='ocrx_word' id='word_1_127' title='bbox 1017 2469 1151 2541; x_wconf 88' lang='lat' dir='ltr'>videtur,</span> <span class='ocrx_word' id='word_1_128' title='bbox 1173 2467 1206 2529; x_wconf 92' lang='lat' dir='ltr'>id</span> <span class='ocrx_word' id='word_1_129' title='bbox 1229 2467 1315 2551; x_wconf 92' lang='lat' dir='ltr'>quod</span> 
     </span>
     <span class='ocr_line' id='line_1_18' title="bbox 270 2568 1313 2654; baseline -0.005 -21"><span class='ocrx_word' id='word_1_130' title='bbox 270 2571 310 2633; x_wconf 94' lang='lat' dir='ltr'>de</span> <span class='ocrx_word' id='word_1_131' title='bbox 337 2569 504 2632; x_wconf 90' lang='lat' dir='ltr'>Victorino</span> <span class='ocrx_word' id='word_1_132' title='bbox 533 2576 649 2654; x_wconf 83' lang='lat' dir='ltr'>agente</span> <span class='ocrx_word' id='word_1_133' title='bbox 674 2571 723 2632; x_wconf 87' lang='lat' dir='ltr'>De</span> <span class='ocrx_word' id='word_1_134' title='bbox 748 2568 884 2634; x_wconf 74' lang='lat' dir='ltr'>Fodrieo</span> <span class='ocrx_word' id='word_1_135' title='bbox 909 2571 1028 2634; x_wconf 77' lang='lat' dir='ltr'>Mraadi</span> <span class='ocrx_word' id='word_1_136' title='bbox 1052 2569 1105 2633; x_wconf 82' lang='lat' dir='ltr'>rix</span> <span class='ocrx_word' id='word_1_137' title='bbox 1133 2568 1313 2631; x_wconf 87' lang='lat' dir='ltr'>dicendum.</span> 
     </span>
     <span class='ocr_line' id='line_1_19' title="bbox 270 2669 1313 2757; baseline -0.003 -23"><span class='ocrx_word' id='word_1_138' title='bbox 270 2671 422 2736; x_wconf 88' lang='lat' dir='ltr'>Facultas</span> <span class='ocrx_word' id='word_1_139' title='bbox 448 2671 530 2733; x_wconf 89' lang='lat' dir='ltr'>enim</span> <span class='ocrx_word' id='word_1_140' title='bbox 556 2693 633 2757; x_wconf 90' lang='lat' dir='ltr'>pure</span> <span class='ocrx_word' id='word_1_141' title='bbox 660 2678 693 2735; x_wconf 91' lang='lat' dir='ltr'>et</span> <span class='ocrx_word' id='word_1_142' title='bbox 717 2673 884 2737; x_wconf 87' lang='lat' dir='ltr'>emendate</span> <span class='ocrx_word' id='word_1_143' title='bbox 911 2672 1067 2737; x_wconf 87' lang='lat' dir='ltr'>scribendi</span> <span class='ocrx_word' id='word_1_144' title='bbox 1094 2671 1126 2734; x_wconf 93' lang='lat' dir='ltr'>in</span> <span class='ocrx_word' id='word_1_145' title='bbox 1153 2669 1313 2733; x_wconf 87' lang='lat' dir='ltr'>cumulum</span> 
     </span>
     <span class='ocr_line' id='line_1_20' title="bbox 268 2773 1311 2859; baseline -0.003 -23"><span class='ocrx_word' id='word_1_146' title='bbox 268 2774 369 2837; x_wconf 87' lang='lat' dir='ltr'>sancti</span> <span class='ocrx_word' id='word_1_147' title='bbox 394 2773 543 2857; x_wconf 88' lang='lat' dir='ltr'>martyris</span> <span class='ocrx_word' id='word_1_148' title='bbox 566 2774 705 2853; x_wconf 91' lang='lat' dir='ltr'>laudum,</span> <span class='ocrx_word' id='word_1_149' title='bbox 729 2783 812 2839; x_wconf 88' lang='lat' dir='ltr'>teste</span> <span class='ocrx_word' id='word_1_150' title='bbox 834 2775 978 2859; x_wconf 84' lang='lat' dir='ltr'>pluribus</span> <span class='ocrx_word' id='word_1_151' title='bbox 1001 2775 1077 2838; x_wconf 89' lang='lat' dir='ltr'>loeis</span> <span class='ocrx_word' id='word_1_152' title='bbox 1104 2773 1311 2856; x_wconf 87' lang='lat' dir='ltr'>Hieronymo,</span> 
     </span>
     <span class='ocr_line' id='line_1_21' title="bbox 268 2876 496 2940; baseline 0.004 -1"><span class='ocrx_word' id='word_1_153' title='bbox 268 2898 332 2939; x_wconf 91' lang='lat' dir='ltr'>non</span> <span class='ocrx_word' id='word_1_154' title='bbox 346 2876 496 2940; x_wconf 82' lang='lat' dir='ltr'>accessit·</span> 
     </span>
    </p>
   </div>
   <div class='ocr_carea' id='block_1_6' title="bbox 0 0 1854 5667">
    <p class='ocr_par' dir='ltr' id='par_1_6' title="bbox 0 0 1854 5667">
     <span class='ocr_line' id='line_1_22' title="bbox 0 0 1854 5667; baseline 0 6"><span class='ocrx_word' id='word_1_155' title='bbox 0 0 1854 5667; x_wconf 95' lang='lat' dir='ltr'> </span> 
     </span>
    </p>
   </div>
  </div>
 </body>
</html>
