3700 5667
504 663 569 730 166
841 667 1223 732 ANNOTATIONES

499 859 567 900 uua
589 858 661 901 eum
680 835 752 920 ipsa
770 836 825 899 illa
844 836 887 900 ad
903 836 1057 916 Quintum
1077 837 1221 922 epistola,
1234 844 1272 902 nt
1288 845 1415 903 constat
1432 861 1472 902 ex
1488 839 1552 923 epi-

501 939 591 1004 stolis
606 940 648 1003 ad
663 938 798 1002 eundem
814 937 1012 1021 Stephanum
1026 947 1124 1023 atque
1138 941 1161 1001 J
1164 939 1344 1003 ubaiannm.

546 1041 583 1106 P.
604 1061 673 1121 ¹09·
689 1040 708 1102 l.
730 1061 757 1101 1.
781 1040 860 1104 Cum
880 1039 972 1102 simul
989 1039 1021 1102 in
1035 1040 1182 1128 concilio]
1201 1041 1367 1105 Graeculus
1381 1042 1550 1127 interpres,

497 1145 536 1206 ἐν
552 1144 757 1225 κοιναβανλίῳ.
803 1141 949 1225 Epistola
970 1142 1039 1205 haeo
1061 1142 1094 1205 iu
1116 1142 1234 1207 Codice
1253 1144 1410 1228 Synodico
1426 1146 1550 1209 Graecoe

499 1244 663 1319 Ecclesiae,
678 1242 810 1306 concilio
824 1242 1077 1326 Carthaginiensi
1093 1245 1152 1308 sub
1168 1244 1330 1329 Cypriano
1344 1246 1456 1310 habito
1471 1268 1551 1331 prae-

502 1348 623 1432 ligitur,
650 1346 722 1431 [hoo
752 1353 802 1409 est
828 1345 1002 1408 Concilium
1028 1347 1087 1409 sub
1111 1347 1270 1432 Cypriane
1292 1349 1485 1433 septimum]
1517 1358 1552 1414 et

500 1449 591 1534 quasi
606 1449 689 1511 illius
704 1469 806 1511 canon
821 1447 1024 1532 perhibetur;
1047 1470 1140 1531 quem
1155 1451 1375 1535 episcoporum
1390 1451 1549 1537 suffragia,

500 1575 571 1637 quae
601 1573 673 1614 cum
699 1558 854 1634 tanquam
884 1550 1073 1629 ἐνθυμήματα
1096 1552 1161 1616 sive
1185 1552 1406 1635 ἐπιχειρήματα,
1436 1561 1474 1618 ut
1502 1555 1550 1619 ait

500 1656 653 1727 Zonaras,
689 1652 777 1717 varie
810 1652 1022 1728 illustrarunt,
1051 1654 1275 1738 sequebantur.
1334 1654 1485 1719 Balsamo
1515 1664 1550 1722 et

500 1758 656 1831 Zonaras,
671 1754 772 1819 literis
794 1753 865 1817 istis
886 1755 910 1817 J
912 1754 1049 1818 ubaiauo
1071 1776 1256 1840 responsum
1279 1757 1375 1820 luisse
1389 1758 1550 1823 redditum

500 1865 656 1934 asserunt,
671 1879 710 1920 eo
725 1857 810 1940 quod
825 1857 907 1920 illius
922 1857 1116 1920 mentionem
1130 1860 1249 1922 saetam
1264 1859 1297 1922 in
1312 1858 1463 1944 Cypriani
1478 1880 1549 1944 pro-

500 1962 606 2046 loquio
630 1960 870 2030 observassent;
897 1981 1078 2044 quanquam
1101 1969 1135 2023 et
1158 1960 1292 2025 Codices
1314 1961 1413 2025 MSS.
1441 1959 1549 2024 Latini

498 2063 638 2150 plurimi,
654 2062 806 2144 suffragia
823 2061 884 2126 hac
908 2062 941 2125 in
964 2084 998 2125 re
1019 2063 1197 2147 perhibent.
1243 2064 1306 2127 Sed
1325 2063 1472 2148 perpetui
1490 2063 1548 2125 ho·

500 2166 599 2251 spites
614 2165 647 2228 iu
658 2162 899 2228 occidentalium
909 2164 1005 2226 rebus
1020 2165 1147 2229 fuerumt
1159 2165 1340 2237 orientales,
1353 2185 1411 2228 nec
1422 2164 1549 2249 quidem

500 2267 618 2332 rectius
632 2265 798 2350 epistolam
813 2265 915 2350 ipsam
930 2265 962 2328 in
982 2266 1130 2330 Graeeum
1152 2288 1329 2330 sermonem
1346 2266 1548 2341 transtulere,

501 2367 659 2452 quamde
683 2366 794 2449 scripti
816 2367 979 2430 occasione
1001 2374 1035 2432 et
1057 2368 1178 2452 origiue
1198 2375 1374 2433 senserunt.
1421 2368 1550 2432 Interea

500 2490 575 2532 vero
590 2468 768 2544 dicendum,
783 2469 867 2552 quod
886 2468 1040 2551 siquidem
1060 2470 1128 2533 haee
1149 2468 1284 2554 epistola
1302 2477 1373 2534 erat
1388 2470 1547 2553 synodica,

500 2578 534 2633 et
548 2568 769 2633 haereticorum
785 2569 944 2653 baptisma
956 2571 1130 2634 damnabat
1141 2571 1263 2651 pariter
1277 2592 1348 2633 oum
1359 2571 1413 2634 illa
1428 2573 1549 2654 synodo

500 2693 572 2756 quae
588 2672 780 2755 sequebatur
793 2671 921 2734 lxxxvii.
939 2670 1181 2757 Episcoporum,
1197 2673 1312 2736 merito
1326 2672 1359 2734 in
1372 2674 1548 2756 pandectas

500 2773 703 2837 conciliorum
721 2773 957 2861 recipiebatur;
986 2780 1019 2836 et
1041 2773 1089 2836 ita
1107 2774 1149 2836 ad
1170 2773 1356 2850 Orientales‚
1373 2773 1426 2856 qui
1448 2775 1548 2838 divar-

501 2898 607 2940 sarum
626 2876 818 2960 synodorum
842 2875 974 2938 diversis
995 2876 1191 2959 temporibus
1214 2875 1397 2941 habitarum
1418 2876 1548 2939 decreta

500 3001 558 3063 pro
588 2979 728 3064 ejusdem
758 2978 884 3061 placitis
913 2977 1122 3060 accipiebant,
1152 3000 1259 3042 errore
1288 3000 1349 3040 nou
1376 2978 1547 3041 admodum

500 3081 662 3156 damnoso,
693 3080 797 3142 fuerat
826 3079 1022 3142 transmissa.
1084 3079 1186 3143 Porro
1220 3081 1406 3152 notandum,
1437 3098 1547 3141 omnes

500 3183 637 3266 synodos
652 3181 824 3244 Africanas
839 3180 897 3243 sub
913 3179 1083 3264 Cypriane,
1100 3202 1120 3244 a
1136 3181 1274 3246 Concilio
1292 3188 1384 3244 sexto
1399 3178 1546 3245 Generali

499 3284 532 3346 in
548 3283 656 3347 Trullo
675 3283 771 3346 luisse
791 3283 995 3346 confirmatas
1018 3305 1086 3346 can.
1105 3302 1134 3344 2.
1161 3284 1290 3346 Faunus.
1336 3283 1466 3345 Monuit
1484 3281 1547 3345 Ba-

498 3387 598 3450 lunius
612 3386 847 3470 inscriptionem
863 3385 945 3448 hane
959 3406 1027 3448 esse
1041 3385 1074 3446 iu
1088 3385 1187 3448 codice
1207 3385 1348 3456 lberam,-
1372 3384 1491 3467 Incipit
1504 3383 1549 3446 od

498 3489 690 3555 ladmonem
720 3488 820 3570 (quod
850 3509 964 3550 nomen
992 3487 1026 3550 in
1055 3486 1198 3570 plurimis
1232 3488 1324 3550 codd.
1360 3495 1451 3551 extat
1487 3507 1546 3570 pro

498 3593 664 3667 Jmtuario,
680 3612 744 3653 uno
760 3591 799 3652 de
814 3590 961 3673 patribus
980 3590 1074 3673 hujus
1092 3589 1237 3668 Concilii)
1254 3589 1331 3652 liber
1342 3589 1496 3662 somme,
1513 3589 1545 3650 in

497 3715 562 3756 nno
577 3713 651 3756 vero
666 3690 774 3762 veteri,
792 3690 908 3774 Incipit
925 3690 970 3753 od
989 3689 1181 3753 Jaboionmn
1197 3690 1322 3774 apotolo
1342 3691 1434 3752 tertio
1450 3690 1487 3752 de
1499 3689 1546 3751 te

499 3795 586 3879 apsis,
603 3794 636 3855 id
650 3801 709 3866 est,
726 3792 885 3876 delapsis.
933 3792 1014 3856 Haec
1031 3800 1081 3855 est
1100 3792 1263 3875 inscriptio
1283 3792 1316 3854 in
1332 3792 1448 3856 Codice
1464 3791 1545 3854 Novi

499 3895 577 3960 Coll.
593 3893 703 3979 priori,
718 3900 753 3957 et
774 3893 806 3956 in
829 3915 891 3957 uno
914 3894 1062 3957 (lemeis.
1100 3894 1163 3956 Sed
1183 3895 1216 3956 iu
1237 3894 1404 3979 posteriori
1426 3893 1545 3956 nullum

498 4019 612 4061 nornen
627 3995 793 4080 praelixum
808 4003 867 4059 est.

542 4099 635 4180 Quod
649 4099 690 4162 ad
706 4119 858 4162 canonem
873 4098 992 4162 attinet
1007 4097 1137 4162 Concilii
1153 4096 1244 4160 Sexti
1259 4096 1433 4173 Generalis,
1447 4096 1546 4158 verba

497 4210 626 4288 patrum
638 4199 1003 4282 111111,Ἐπ1σφραγ1ζαμεν
1015 4202 1047 4263 δὲ
1060 4206 1106 4262 καὶ
1117 4201 1184 4266 τοὺς
1194 4201 1317 4265 λοιποὺς
1327 4199 1440 4265 πάντας
1452 4199 1546 4278 ἱεροὺς

498 4304 625 4368 κανόνας
638 4305 705 4367 τοὺς
719 4302 776 4364 ὑπὸ
792 4307 850 4363 τῶν
868 4303 962 4381 ἁγίων
977 4303 1024 4363 καὶ
1043 4303 1195 4381 μακαρίων
1213 4300 1349 4379 πατέρων
1368 4301 1449 4377 ἡμῶν
1464 4302 1544 4362 darr-

497 4404 612 4475 θέντας,
629 4401 704 4465 τοῦτ’
725 4403 808 4465 ἔστιν
831 4407 890 4464 τῶν
912 4428 945 4465 τε
965 4406 999 4466 ἓν
1019 4407 1138 4487 Νικαίᾳ,
1157 4404 1212 4466 &a
1229 4403 1430 4487 deindepost
1445 4401 1544 4463 nomi·

497 4514 575 4568 nata
598 4503 790 4587 reliquorum
814 4502 1017 4566 conciliorum
1041 4513 1073 4568 et
1098 4512 1225 4587 patrum
1247 4505 1376 4567 decreta
1396 4509 1542 4587 pergunt,

496 4607 553 4670 sed
568 4611 671 4678 caute,
687 4604 834 4679 seribere,
852 4605 896 4667 ἔτι
916 4607 977 4684 μὴν
996 4607 1044 4669 καὶ
1063 4608 1117 4669 τὸν
1130 4607 1188 4669 ὑπὸ
1206 4612 1375 4686 Κυπριαναῦ
1390 4611 1442 4668 τοῦ
1458 4629 1543 4686 γενα·
