3700 5667
507 663 571 725 144
840 661 1218 725 ANNOTATIONES

507 847 536 892 a.
560 851 621 892 vox
645 838 750 893 tenura
773 837 849 894 aute
869 831 1018 894 matut-ino
1038 831 1143 916 posita
1163 847 1220 907 est,
1245 853 1346 915 neque
1366 854 1404 896 ea
1424 832 1553 895 omnino

504 939 596 996 extat
612 932 644 995 in
659 931 766 995 codice
781 932 856 995 olim
872 934 1072 996 dicamne-nai.

550 1033 587 1095 P.
604 1034 654 1116 98.
678 1033 699 1095 l.
718 1053 767 1118 13.
799 1034 992 1121 Therapius]
1028 1034 1204 1120 Episcopus
1233 1035 1391 1100 Bullensis
1419 1036 1452 1098 in
1481 1059 1553 1121 pro-

504 1134 606 1199 vincia
622 1135 846 1219 proconsulari.
892 1136 1018 1221 Duplex
1036 1146 1144 1200 autem
1164 1136 1233 1213 luit,
1254 1146 1291 1201 ut
1310 1138 1386 1201 alibi
1405 1137 1551 1214 diximus,

414 1283 416 1288 -
504 1236 597 1301 Bulla
620 1237 651 1300 in
674 1260 712 1302 ea
734 1239 903 1323 provincia,
927 1261 992 1302 una
1013 1240 1100 1302 dicta
1123 1240 1307 1323 simpliciter
1334 1241 1436 1314 Bulla,
1464 1243 1552 1326 cujus

503 1338 564 1401 iste
585 1338 761 1424 Therapius
783 1349 853 1404 erat
874 1340 1049 1426 episcopus,
1073 1341 1137 1405 alia
1157 1341 1249 1404 Bulla
1269 1342 1367 1424 regia.
1412 1341 1552 1407 Concilio

503 1439 745 1525 Carthaginensi
767 1442 825 1505 sub
850 1443 997 1506 Genetlio
1020 1443 1164 1507 interfuit
1189 1444 1364 1529 Epigonius
1386 1445 1551 1529 opiscopus

502 1543 696 1608 Bullensium
721 1544 890 1627 regiorum,
913 1544 1074 1608 collationi
1099 1566 1174 1608 vero
1198 1544 1440 1630 Carthaginensi
1467 1545 1551 1609 inter

502 1646 683 1711 Catholioos
699 1653 731 1710 et
753 1647 944 1710 llonatistas
967 1647 1155 1711 Dominicus
1169 1646 1334 1731 episcopus
1357 1646 1550 1711 Bullensium

503 1747 661 1832 regiorum
676 1749 850 1813 catholicus
865 1758 898 1813 et
915 1748 1006 1813 Felix
1027 1750 1212 1825 Donatista,
1227 1749 1281 1833 qui
1297 1749 1329 1812 in
1343 1750 1443 1834 gestis
1457 1771 1548 1812 voca·

503 1859 558 1916 tur
571 1850 755 1936 simpliciter
770 1851 935 1936 episcopus
951 1851 1117 1915 Bullensis.
1152 1851 1319 1913 Bnuuzrus.

547 1952 631 2017 Ibid.
647 1953 668 2018 l.
687 1969 735 2038 15.
758 1952 878 2018 decreti
894 1954 1011 2041 nostri]
1036 1953 1131 2017 Cous.
1147 1953 1262 2037 prioris
1278 1952 1431 2036 Epistolae
1447 1951 1515 2016 init.

549 2056 632 2120 lbid.
647 2056 667 2119 l.
690 2058 736 2119 16.
766 2056 833 2120 siue
860 2056 963 2141 petitu
988 2064 1022 2119 et
1045 2054 1239 2118 conscientia
1262 2054 1374 2139 plebis]
1403 2055 1471 2117 Hoc
1492 2075 1550 2117 sae-

501 2155 629 2241 pissime
651 2155 739 2233 dicit,
761 2156 975 2220 communicato
997 2155 1090 2218 etiam
1115 2175 1181 2217 cam
1196 2153 1283 2240 plebe
1306 2154 1437 2218 manilio.
1493 2153 1549 2216 Rr-

503 2282 629 2321 anurrus
645 2281 665 2322 a
681 2258 770 2322 Fello
785 2259 909 2322 allatus.

548 2361 631 2424 Ibid.
647 2360 668 2422 l.
689 2379 737 2440 17.
769 2361 855 2424 nulla
893 2360 1080 2425 infirmitate
1116 2368 1249 2444 urgente
1285 2381 1323 2422 ac
1360 2358 1549 2422 necessitate

503 2462 651 2548 cogente]
669 2462 846 2547 Significari
861 2462 920 2526 hoc
936 2462 1006 2526 loco
1021 2461 1174 2547 Anglicus
1189 2468 1298 2525 monet
1315 2460 1471 2545 interpres
1485 2460 1549 2522 duo

503 2564 699 2649 poenitentioe
724 2563 918 2640 laxamenta,
944 2586 1015 2648 qnae
1041 2564 1074 2626 in
1099 2563 1222 2627 duabus
1246 2562 1374 2648 synodis
1399 2584 1549 2626 concessa

502 2667 649 2742 fuerant3
667 2689 801 2752 quorum
816 2667 951 2732 alterum
968 2666 1176 2751 permittebat
1190 2664 1430 2741 absolutionem,
1454 2686 1548 2748 quarn

502 2769 645 2834 clinicam
660 2777 763 2846 vocat,
779 2770 819 2832 de
841 2769 908 2834 vita
929 2768 1193 2855 periclitantibus,
1210 2767 1344 2831 alterum
1365 2766 1548 2851 ignoscebat

502 2872 740 2956 poenitentibus,
762 2871 929 2956 ingruente
953 2870 1171 2956 persecutione
1190 2880 1224 2935 et
1246 2869 1414 2934 minitante
1433 2868 1546 2954 iniqui-

503 2981 574 3039 tate
588 2981 776 3058 temporum.

547 3076 630 3140 Ibid.
646 3076 666 3138 l.
685 3094 734 3138 22.
757 3097 795 3138 ao
810 3097 867 3160 per
882 3075 957 3158 hoc]
983 3077 1036 3139 An
1056 3076 1256 3140 scribendum
1278 3096 1316 3139 ao
1337 3085 1470 3160 propter
1482 3074 1546 3149 tec,

502 3202 574 3244 cum
588 3201 628 3243 ex
644 3177 830 3262 compendio
845 3178 930 3241 vocis
945 3199 1035 3241 error
1049 3177 1141 3241 facile
1155 3177 1230 3241 oriri
1246 3179 1374 3261 posset?

545 3281 628 3345 Ibid.
643 3280 663 3343 l.
682 3298 732 3359 24.
756 3279 919 3360 Quantum
935 3301 1008 3343 vero
1025 3279 1093 3363 bc]
1117 3278 1206 3343 Oitat
1227 3280 1311 3343 hunc
1332 3280 1435 3344 locum
1458 3301 1546 3344 sanc·

500 3391 554 3449 tus
569 3383 768 3469 Augustinus
783 3382 837 3446 lib.
853 3384 892 3446 iv.
914 3390 1027 3446 contra
1043 3382 1123 3445 duas
1137 3381 1288 3466 epistolas
1303 3381 1546 3467 Pelagianorum

500 3509 569 3572 cap.
587 3489 615 3550 8.
640 3488 806 3550 Bauuzrus.

545 3589 627 3652 Ibid.
644 3587 664 3649 l.
683 3589 732 3650 26.
756 3586 910 3671 baptizari
932 3608 995 3649 non
1015 3585 1174 3669 oportere]
1199 3584 1250 3648 De
1268 3582 1428 3669 baptismo
1446 3584 1546 3648 infan-

499 3690 580 3754 tium
602 3687 673 3750 vide
690 3686 867 3771 Josephum
892 3687 1114 3750 Vicecomitem
1135 3686 1187 3750 lib.
1203 3686 1234 3749 ii.
1251 3708 1321 3770 cap.
1341 3707 1369 3748 1.
1391 3688 1430 3750 da
1449 3686 1545 3749 Anti-

500 3791 570 3875 qnis
586 3789 743 3872 Baptismi
762 3788 889 3852 Ritibus
903 3797 937 3852 et
958 3789 1085 3875 Scripta
1101 3789 1281 3873 Anglicana
1295 3789 1409 3853 Buceri
1424 3812 1454 3874 p.
1470 3791 1544 3872 655.

500 3894 572 3974 667.
605 3891 679 3973 781.
735 3888 820 3952 Vide
848 3889 947 3953 etiam
976 3897 1152 3954 tractatum
1182 3888 1338 3952 Florentii
1368 3888 1475 3954 Conrii
1505 3888 1546 3951 do

499 3992 595 4058 Statu
612 3991 820 4055 Parvulorum
833 3991 901 4055 sine
915 3992 1075 4077 baptismo
1090 3992 1319 4055 decedentium.
1343 3991 1507 4054 Banuzms.

542 4094 624 4158 Ibid.
641 4093 661 4158 l.
679 4113 729 4177 29.
757 4093 1030 4177 sanctificandum]
1061 4096 1117 4157 lta
1145 4114 1254 4156 omnes
1284 4092 1439 4157 editiones
1469 4101 1545 4156 ante

500 4195 717 4259 Pamelianam
746 4202 779 4259 et
803 4193 944 4278 plerique
966 4194 1037 4257 libri
1061 4202 1191 4258 veteres.
1239 4194 1398 4258 Pamelius
1418 4194 1545 4278 scripsit

496 4298 739 4380 sacrificandum.
785 4298 836 4361 lta
862 4297 960 4360 etiam
990 4296 1156 4382 Rigaltius,
1181 4297 1324 4380 quamvis
1350 4295 1543 4371 Goulartius,

497 4400 666 4484 repudiata
676 4399 809 4463 lectione
822 4400 965 4476 Pamelii,
977 4399 1155 4483 scripsisset
1165 4399 1424 4481 sanctificandam.
1449 4397 1544 4460 Hanc

496 4501 662 4567 lectionem
692 4502 871 4566 maluerunt
901 4501 1009 4587 Angli.
1054 4501 1154 4565 Recte
1182 4501 1318 4585 quidem.
1364 4500 1425 4564 Est
1459 4497 1542 4562 cuim
