3700 5667
452 682 698 748 ANNOTAT.
725 687 774 750 ΙΝ
799 686 984 750 CONCIL.
1009 687 1257 752 CARTHAG.
1316 688 1380 752 138

337 853 491 939 Eps'stolos
506 855 690 938 Pontificem
709 855 917 920 Romenomm
933 856 1046 933 edidit,
1062 856 1094 919 in
1112 856 1226 941 quibus
1243 858 1324 921 duas
1340 879 1381 921 ex

336 956 479 1041 epistolis
493 956 543 1021 his
558 957 723 1042 Synodiois
734 958 869 1044 primam
884 968 918 1024 st
933 959 1078 1043 quintam
1093 960 1244 1045 reposuit.
1289 961 1381 1042 Quod

336 1060 487 1124 adalind
513 1061 674 1144 quoddam
697 1059 874 1127 Concilium
898 1063 1018 1128 attinet
1039 1070 1157 1148 praeter
1178 1071 1300 1149 septem
1322 1065 1382 1148 (ly-

337 1161 488 1247 prienioa,
503 1163 547 1226 sd
568 1162 628 1226 hoc
647 1162 767 1228 scilicet
786 1172 934 1228 octavum
956 1165 1036 1228 duas
1057 1165 1207 1250 epistolas
1222 1165 1382 1250 Cypriani,

338 1267 357 1327 6
357 1283 378 1348 5
394 1270 428 1328 et
443 1266 495 1342 66,
516 1264 581 1328 siue
595 1284 614 1348 3
631 1274 665 1328 et
684 1285 710 1342 1,
726 1266 886 1350 pertinere
906 1273 1014 1331 censet
1035 1275 1109 1354 post
1128 1268 1208 1334 alios
1227 1268 1402 1335 Emanuel.

338 1366 579 1444 dScbelstrate,
603 1367 716 1432 Ecclcs.
741 1369 886 1450 African.
910 1369 1040 1433 Ds'sscrt
1063 1369 1106 1433 iii.
1123 1392 1194 1454 cap.
1213 1390 1241 1435 1.
1262 1392 1293 1456 p.
1312 1391 1383 1436 121.

338 1471 504 1557 Refragati
523 1478 632 1536 autem
647 1472 775 1537 fuerant
789 1472 862 1535 huic
877 1471 1044 1536 sententiae
1059 1494 1131 1536 oum
1147 1473 1336 1538 Pearsonius
1350 1473 1384 1537 in

339 1573 511 1639 Annalibus
526 1575 619 1659 Cypr.
638 1581 710 1638 tum
733 1573 841 1638 Fellus
858 1574 900 1637 ad
924 1575 1114 1658 Cypriorum
1135 1573 1249 1659 ipsum,
1269 1575 1384 1660 quippe

338 1685 469 1742 monent
492 1676 657 1741 clarissimi
683 1676 841 1760 praesules,
869 1677 976 1751 verbs,
1005 1676 1131 1761 Cellepae
1153 1677 1206 1761 qai
1222 1687 1385 1762 prusentcs

339 1779 479 1858 adesum
494 1801 617 1844 saomm
639 1780 794 1864 synodum
808 1779 894 1863 apud
910 1778 1103 1864 cyprianum
1121 1801 1245 1864 semper
1258 1780 1384 1864 signare

339 1902 403 1944 non
426 1881 547 1955 solera3
571 1902 609 1945 ao
631 1902 727 1966 porro
749 1880 876 1945 solenne
900 1881 966 1945 fere
989 1903 1057 1946 esse
1081 1882 1242 1966 Cypriane
1264 1883 1297 1945 in
1321 1883 1385 1967 epi·

340 1983 430 2048 stolis
445 1982 610 2069 Synodicis
624 1982 753 2047 nomina
763 1982 983 2067 episcoporum
993 2004 1163 2068 apponere,
1175 2005 1245 2068 quse
1258 1985 1385 2069 quidem

340 2084 384 2147 ibi
399 2105 463 2148 non
477 2093 671 2169 comparent.
717 2083 872 2148 Uudeea
893 2085 1050 2149 decanea
1073 2085 1197 2169 potiore
1210 2085 1285 2169 jure
1303 2085 1387 2149 inter

341 2187 515 2271 Synodicas
524 2187 674 2273 epistolas
685 2187 879 2250 recensenda
887 2187 970 2251 foret
980 2187 1115 2272 epistola
1125 2193 1176 2263 62,
1188 2187 1292 2263 aliter,
1302 2210 1335 2266 4,
1344 2187 1390 2249 ad

342 2290 546 2374 Pomponius
559 2290 598 2354 de
612 2289 786 2374 virginibus
801 2289 1018 2366 συνεισάκτοις,
1040 2290 1129 2374 cujus
1143 2290 1241 2354 fronti
1259 2289 1388 2353 nomina

341 2391 570 2476 episcoporum,
589 2392 643 2476 qui
662 2392 808 2468 aderant,
828 2391 982 2476 iuscripta
1002 2399 1087 2456 sunt.
1132 2391 1197 2455 Sed
1214 2391 1245 2454 in
1265 2414 1304 2455 ea
1322 2392 1387 2477 epi·

341 2494 426 2559 stola
439 2493 550 2558 haberi
564 2492 627 2557 rite
641 2502 788 2558 ooaotum
803 2493 969 2556 concilium
983 2493 1069 2556 haud
1084 2493 1175 2557 facile
1191 2493 1317 2557 dixeris.

386 2598 424 2660 P.
442 2616 494 2682 93.
509 2596 528 2659 l.
550 2616 599 2659 11.
622 2595 809 2680 Cyprianus,
826 2594 991 2670 Liberalis,
1009 2593 1082 2680 δια]
1106 2594 1224 2659 Omnes
1236 2595 1301 2658 lere
1315 2594 1388 2658 libri

344 2707 466 2763 veteres
482 2706 516 2763 et
537 2719 646 2762 omnes
660 2705 783 2762 veteres
803 2697 959 2762 editiones
980 2698 1154 2782 prael'smnt
1173 2696 1302 2761 nomina
1319 2720 1385 2761 om·

343 2801 428 2865 nium
458 2801 687 2885 episcoporum.
748 2801 854 2880 Quare
883 2800 974 2863 valde
1002 2799 1100 2863 miror
1130 2799 1307 2863 Pamelium
1336 2799 1389 2862 illa

343 2903 486 2968 omisisse
499 2903 532 2966 in
547 2925 606 2967 sua
620 2909 653 2967 et
668 2902 843 2987 Rigaltium
859 2902 1006 2966 maluisse
1020 2925 1059 2965 ea
1075 2902 1193 2965 referre
1208 2902 1240 2965 in
1255 2901 1320 2966 suis
1335 2901 1389 2965 ob-

344 3005 575 3071 servationibus
594 3012 748 3088 tanquam
768 3026 835 3067 rem
854 3026 981 3080 novam,
996 3005 1156 3089 professus
1171 3027 1204 3068 se
1219 3026 1257 3069 ea
1271 3005 1391 3068 addam

345 3131 385 3173 ex
406 3108 513 3173 codice
534 3107 723 3173 Corbeicnsi.
770 3107 888 3170 Melius
906 3106 1014 3191 Angli,
1031 3107 1084 3190 qui
1106 3129 1145 3170 ea
1165 3115 1339 3192 posuerunt
1357 3107 1390 3170 in

345 3220 506 3278 contextu.
551 3211 654 3274 Porro
668 3210 753 3275 inter
772 3232 806 3275 se
825 3210 857 3273 in
877 3210 939 3272 illis
956 3209 1129 3274 scribendis
1144 3210 1269 3274 variant
1282 3217 1391 3273 vetere

346 3314 539 3399 exemplaria
551 3321 585 3377 et
599 3321 723 3378 veteres
735 3313 899 3378 editiones.
932 3312 1050 3376 luutile
1061 3318 1146 3376 esset
1158 3312 1276 3375 referre
1287 3312 1392 3375 varias

346 3415 505 3482 lectiones.
537 3417 655 3501 Itaque
669 3438 728 3479 nos
742 3415 932 3480 credidimus
947 3435 985 3478 ea
1000 3415 1141 3477 sufficere
1155 3434 1226 3496 quae
1241 3412 1273 3476 in
1285 3413 1392 3477 codice

348 3518 493 3596 Thuano,
521 3540 585 3604 quo
621 3518 779 3604 Rigaltius
816 3540 941 3602 qnoque
977 3539 1054 3581 usus
1088 3523 1148 3591 est,
1179 3516 1391 3579 inveniuntur.

348 3621 507 3687 Goeterum
531 3621 609 3685 illud
634 3642 759 3705 quoque
784 3621 1002 3695 admonemus,
1024 3620 1056 3682 in
1082 3640 1146 3682 uno
1172 3617 1279 3682 codice
1304 3619 1393 3704 regio

348 3722 521 3788 desiderari
542 3723 671 3787 nomina
692 3724 909 3808 episcoporum
926 3729 961 3787 et
983 3722 1015 3785 in
1031 3721 1125 3786 titulo
1145 3721 1237 3786 istius
1251 3720 1393 3805 epistolae

349 3825 502 3911 scriptum
521 3847 590 3890 esse
609 3825 813 3910 simpliciter:
839 3826 1015 3910 Cyprianus
1038 3825 1173 3889 somello
1185 3824 1291 3908 fratri
1311 3823 1393 3887 solco·

349 3937 416 3992 um.
462 3930 511 3992 At
539 3927 573 3990 in
601 3927 708 3991 codice
735 3927 837 3992 sancti
868 3926 1028 4010 Arnulphi
1056 3926 1190 4010 legitur:
1221 3926 1394 4011 Cyprianus

348 4050 416 4093 oum
429 4029 586 4112 fratribus
604 4051 726 4094 numero
743 4053 806 4093 xm.
832 4029 969 4093 Cornelio
978 4029 1085 4112 fratri
1099 4028 1235 4092 solam
1280 4027 1392 4090 Srnrn.

350 4130 514 4195 Binumus.
560 4131 700 4195 Praefixs
717 4131 847 4195 nomina
865 4129 994 4194 suntin
1016 4129 1156 4214 quinque
1177 4128 1393 4212 Epistularum

350 4232 500 4318 Cypriani
515 4234 676 4299 codicibus
690 4232 826 4317 scriptis,
843 4232 958 4316 quibus
980 4233 1026 4296 uti
1049 4231 1126 4294 mihi
1146 4229 1244 4294 licuit.
1268 4230 1394 4292 Horum

351 4336 414 4399 duo
435 4358 532 4421 penos
553 4344 629 4401 sunt
650 4334 824 4420 Collegium
844 4334 968 4397 Novum
989 4333 1022 4396 in
1045 4333 1170 4397 Osonio
1181 4356 1191 4407 ;
1213 4332 1293 4395 duos
1315 4330 1396 4396 alios

350 4437 439 4503 lacta
459 4437 639 4503 venditione
661 4436 814 4501 librorum
833 4434 1034 4500 Mearmanni
1051 4442 1085 4498 et
1108 4433 1217 4496 Drurii
1238 4433 1318 4497 meis
1339 4433 1395 4496 ad·

351 4539 438 4615 didi;
462 4540 604 4618 tertium,
619 4539 652 4602 in
673 4560 736 4623 quo
753 4539 863 4603 insunt
885 4544 1013 4602 tantum
1036 4536 1099 4600 tria
1120 4534 1228 4618 priora
1244 4533 1399 4620 Cypriani

351 4641 504 4716 Consilia,
519 4639 699 4723 nuperrime
714 4639 784 4703 emi.
