3700 5667
708 2047 771 2129 lN
801 2050 838 2128 S.
870 2042 1235 2128 PAMPlllLUM
1267 2040 1653 2123 MARTYREM.

1070 2327 1281 2360 *m

655 2562 719 2628 DE
744 2564 992 2629 APOLOGlA
1017 2560 1312 2629 s.PAMPH1L1
1338 2562 1431 2626 PRO
1456 2563 1668 2627 ORIGENI

690 2736 836 2815 Quinouu
865 2736 963 2798 libros
989 2734 1154 2819 Apologioe
1180 2733 1273 2819 hujus
1301 2756 1322 2797 a
1352 2730 1524 2817 Pamphilo
1555 2733 1668 2819 Marty

647 2844 745 2919 utque
766 2834 905 2899 Eusebio
928 2836 1114 2899 Caesariensi
1137 2835 1229 2899 simul
1250 2834 1385 2918 scriptos
1405 2832 1516 2909 luisse,
1536 2842 1611 2899 tum
1630 2856 1668 2899 ve

647 2934 762 2996 librum
778 2941 902 2996 sextum
919 2942 992 3018 post
1008 2942 1141 2998 mortem
1160 2935 1316 3020 Pamphili
1331 2934 1373 2998 ab
1390 2935 1532 2999 Eusebio
1548 2936 1621 3000 solo
1636 2960 1668 3001 es

559 3088 561 3092 .
648 3035 866 3120 compositum,
883 3035 999 3098 eruditi
1019 3036 1084 3098 l'ere
1104 3058 1213 3100 omues
1233 3037 1454 3111 eonsentiuut;
1479 3045 1668 3124 praeterque

648 3140 732 3224 quod
750 3137 848 3225 justis
869 3138 909 3201 de
935 3137 1038 3202 causis
1059 3137 1169 3222 uliqui,
1190 3146 1227 3203 ut
1249 3140 1325 3212 dixi,
1349 3138 1591 3215 existimarunt,
1616 3140 1668 3225 pri

647 3242 801 3327 seriptum
825 3240 922 3305 fuisse
949 3263 970 3304 a
995 3240 1062 3304 solo
1086 3241 1253 3327 Pamphilo
1276 3241 1380 3327 operis
1405 3240 1546 3327 primum
1572 3242 1668 3306 librur

648 3344 759 3430 Neque
774 3366 848 3409 vero
868 3344 1014 3430 opinione
1036 3345 1076 3408 de
1091 3344 1205 3428 juncto
1219 3366 1315 3429 opere
1330 3343 1362 3407 iu
1377 3341 1466 3407 libris
1486 3343 1609 3408 ueteris
1623 3343 1668 3407 fid*

647 3448 847 3511 detrahenda
879 3453 939 3519 est,
967 3446 1026 3510 etsi
1055 3446 1286 3511 contradixerit
1316 3445 1455 3510 Eusebio
1489 3467 1566 3509 suos
1602 3454 1668 3531 atqr

647 3550 741 3613 amioi
775 3549 823 3613 sui
858 3548 984 3613 labores
1017 3548 1188 3633 exponenti
1222 3548 1256 3613 S.
1285 3550 1511 3632 Hieronymus,
1545 3548 1601 3632 qui
1631 3550 1668 3613 01

647 3650 719 3734 geni
744 3657 778 3714 et
801 3650 917 3712 Rufino
936 3651 1004 3733 jum
1031 3650 1182 3713 insensior
1207 3650 1350 3714 redditus
1375 3657 1480 3713 tomos
1506 3669 1622 3711 omnes
1647 3672 1666 3712 u

649 3750 789 3813 Eusebio
803 3751 989 3814 tribuendos
1008 3774 1076 3815 esse
1096 3753 1207 3816 erebro
1227 3752 1350 3816 usserit.
1396 3751 1460 3815 Sed
1476 3750 1668 3815 diffieiliore

650 3850 784 3934 quaestio
808 3852 848 3914 de
873 3851 937 3915 fide
961 3851 1078 3930 Rufini,
1102 3854 1156 3938 qui
1181 3853 1295 3917 librum
1320 3853 1455 3938 primum
1481 3851 1597 3915 Graue
1624 3858 1668 3915 tur

648 3958 812 4016 extantem
842 3949 875 4014 iu
908 3951 1049 4036 linguam
1085 3954 1235 4018 Latinam
1264 3954 1370 4018 vertit.
1425 3950 1579 4015 Rufinum
1616 3950 1667 4016 eui

648 4052 754 4139 palam
768 4053 876 4138 arguit
892 4052 1107 4139 Hieronymus
1126 4056 1314 4120 mutationis
1333 4063 1366 4120 ot
1386 4054 1597 4119 detraotiouis
1620 4076 1668 4117 mu

648 4164 776 4231 torum;
808 4178 910 4240 neque
934 4158 1077 4241 prolecto
1098 4158 1242 4221 aurosis
1265 4157 1392 4222 claudet
1414 4155 1627 4230 recusationi,
1651 4178 1668 4218 e

650 4266 760 4322 notum
788 4259 840 4333 sit,
865 4282 930 4345 qua
952 4260 1075 4325 ratione
1099 4260 1183 4323 idem
1207 4260 1364 4345 interpres
1389 4257 1526 4345 plurima
1549 4257 1583 4321 in
1612 4258 1668 4321 libr

650 4359 796 4444 Origenis
818 4362 886 4442 περὶ
910 4361 1012 4443 ἀρχῶν
1036 4360 1150 4425 Latine
1177 4362 1472 4446 repraesentaverim
1505 4382 1570 4445 qua
1597 4361 1641 4425 de

649 4460 840 4525 oonsuleudu
862 4470 913 4527 est
935 4464 1202 4548 praestantissima
1221 4464 1317 4529 libelli
1340 4464 1438 4529 editio
1460 4485 1481 4528 a
1500 4462 1668 4528 OaroloD

648 4558 766 4626 luruaeo
798 4564 965 4630 adornato.
1022 4568 1126 4632 Immo
1158 4566 1292 4631 Rufinus
1320 4568 1388 4650 ipse
1418 4565 1448 4628 in
1481 4564 1622 4650 Epilogo
1661 4589 1668 4631 ι
