3700 5667
568 688 613 750 ΙΝ
636 688 848 753 GONOlLlA
871 687 1105 755 CARTHAG.
1308 692 1372 759 157

327 856 492 921 Rioherius
515 857 547 920 in
573 858 657 921 Hist.
688 859 799 922 Ooaoil.
829 861 1031 936 Gerrerolium,
1054 860 1107 923 lib.
1128 860 1155 922 1.
1179 881 1205 923 o.
1229 860 1269 923 vi.
1293 866 1317 942 5.
1340 881 1370 943 9.

327 959 373 1023 Et
395 960 546 1044 quidquid
571 961 779 1045 colligendum
801 970 860 1036 est,
885 984 925 1025 ex
955 985 993 1026 eo
1022 963 1106 1046 quod
1129 963 1170 1026 ad
1193 962 1372 1027 Romanum

327 1061 508 1145 episcopum
533 1085 568 1126 se
597 1062 768 1146 recepisset
798 1063 963 1140 Basilides,
994 1063 1246 1128 communionem
1274 1064 1373 1127 eoolo·

327 1163 487 1227 siasticam
503 1185 523 1226 a
537 1164 667 1247 majoris
681 1165 766 1227 sedis
780 1165 928 1249 episeopo
942 1166 1073 1250 adipisci
1088 1187 1229 1250 sperans,
1245 1173 1374 1230 constat

327 1265 368 1329 ab
384 1264 539 1349 Hispanis
554 1274 700 1350 rogatam
722 1289 791 1330 esso
809 1275 882 1350 post
901 1268 1082 1353 episcopum
1098 1268 1184 1331 illum
1200 1289 1220 1330 a
1235 1267 1374 1331 Basilido

327 1368 575 1433 circumventum
595 1369 758 1433 ecelesiam
779 1370 977 1445 Africanam,
997 1378 1034 1434 ut
1055 1371 1097 1434 ab
1119 1370 1189 1454 ipsa
1208 1370 1249 1433 ad
1272 1392 1306 1434 se
1325 1390 1373 1433 re-

328 1470 520 1535 soriberetur
549 1472 587 1534 do
618 1472 815 1555 depositione
848 1473 983 1535 duorum
1019 1472 1247 1556 episeopomm,
1276 1480 1374 1556 atquo

329 1571 527 1636 ordinatione
549 1581 582 1636 et
604 1573 831 1638 substitutione
855 1574 983 1643 Sabini;
1008 1589 1077 1638 tum
1096 1595 1171 1636 vero
1188 1572 1374 1637 Africanam

329 1674 501 1749 eeclesiam,
525 1673 606 1737 netis
628 1675 740 1738 horum
764 1675 983 1759 Hispanorum
1005 1676 1230 1760 comprobatis,
1250 1697 1316 1751 eos,
1334 1697 1375 1739 no

330 1797 400 1840 oum
430 1775 568 1840 Basilide
592 1786 650 1840 aut
673 1778 775 1841 altero
805 1800 859 1841 reo
891 1777 1052 1851 Martiale,
1077 1779 1194 1861 spretis
1221 1777 1375 1863 evangelii

330 1885 426 1961 atque
435 1876 572 1941 eoelesiae
584 1878 716 1961 legibus,
723 1879 1003 1956 eommuniearent,
1010 1901 1202 1964 magnopere
1211 1879 1376 1944 hortatum

331 1980 434 2043 luisse.
465 1980 518 2043 Sie
532 2002 599 2043 rem
614 1981 769 2045 contraxi.
803 1982 894 2044 Conf.
911 1981 1028 2065 Dupin.
1045 1983 1094 2046 Do
1107 1983 1249 2066 Antiqua
1263 1981 1375 2046 Eeoles.

332 2081 510 2166 Disciplina
524 2083 653 2145 Dissert.
671 2082 715 2146 ΙΙ.
738 2083 854 2166 capii.
870 2088 893 2163 5.
915 2102 941 2144 ι.
958 2104 990 2166 p.
1011 2099 1082 2165 152.
1103 2091 1137 2146 et
1158 2082 1281 2147 Cellier.
1298 2083 1377 2146 Hir-

331 2184 405 2247 loire
419 2183 568 2247 Gedrals
583 2185 639 2247 &a
650 2191 732 2260 tom.
748 2184 789 2247 iii.
808 2187 883 2248 Art.
900 2182 993 2248 Saint
1007 2183 1154 2269 Cyprien.
1171 2207 1202 2269 p.
1218 2202 1254 2246 12
1255 2201 1290 2268 5.

376 2285 413 2348 P.
429 2302 497 2369 105.
513 2284 533 2346 l.
551 2305 558 2346 ι
573 2306 597 2348 ι.
607 2286 680 2370 jure
696 2286 873 2370 depositus]
892 2288 1003 2350 Antea
1017 2285 1276 2370 legebaturjasto.
1299 2285 1377 2366 Quae

333 2407 408 2450 sane
427 2385 521 2450 lectio
544 2386 665 2470 optima
685 2395 744 2450 est.
789 2388 907 2450 Verum
926 2408 998 2449 oum
1012 2386 1085 2469 jaro
1105 2386 1259 2471 seriptum
1281 2386 1324 2450 sit
1345 2385 1378 2448 in

334 2489 439 2553 codiee
456 2489 642 2565 Veronensi,
657 2489 689 2551 in
705 2489 882 2573 quindeoim
903 2489 1037 2552 vetustis
1062 2489 1293 2573 exemplaribus
1307 2508 1378 2551 nos·

334 2591 403 2666 tris,
418 2597 451 2655 et
467 2591 498 2653 in
521 2597 643 2675 septem
659 2590 858 2674 Anglioanis,
875 2597 909 2653 ot
925 2590 1091 2653 Morellius
1112 2590 1159 2654 ita
1180 2612 1305 2675 quoque
1323 2612 1378 2674 po-

334 2692 442 2765 suerit,
458 2713 522 2755 non
545 2691 662 2754 credidi
686 2691 815 2776 rejicere
836 2713 886 2754 me
908 2691 1024 2754 debere
1046 2691 1213 2756 lectionem
1235 2713 1306 2777 quae
1328 2699 1379 2756 tot

335 2793 579 2858 auetoritatibus
602 2794 725 2858 nititur.
772 2793 911 2857 Videtur
932 2801 1040 2857 autem
1063 2793 1273 2857 differentiam
1295 2793 1380 2857 inter

335 2895 402 2959 baee
421 2895 484 2958 duo
505 2895 657 2958 voeabula
681 2894 821 2979 posuisse
840 2902 953 2959 auctor
970 2895 1150 2980 panegyrici
1167 2894 1380 2959 Flaviansium

337 2997 549 3061 Constantino
564 2997 652 3061 dieti.
743 2997 803 3060 Ait
818 2997 918 3060 enim:
942 2997 1056 3061 Fecisti
1069 3007 1103 3060 ot
1116 2997 1198 3081 quod
1204 3006 1381 3082 poteremur

329 3100 400 3182 jure
415 3109 519 3184 potore
532 3099 614 3182 jaste
635 3096 806 3162 maiouim
828 3099 998 3163 videamur.
1022 3099 1188 3163 Bannzms.
1219 3100 1381 3165 Praestant

329 3201 401 3284 jaro
416 3202 510 3266 nostri
523 3202 654 3286 quinquo
668 3201 788 3264 codices

380 3303 462 3367 lbid.
478 3303 497 3366 l.
510 3321 560 3364 20.
592 3302 715 3366 delictis
740 3302 888 3387 gravibus
911 3302 1086 3388 involutus]
1121 3302 1281 3387 Principio
1307 3303 1382 3387 Epi·

338 3406 427 3471 stoloe
464 3405 562 3471 dixit:
601 3405 816 3488 Nefoedorom
841 3405 1022 3487 sucinorum
1055 3405 1233 3469 mmoieatia
1262 3405 1382 3468 viem

340 3508 420 3573 Mox
439 3508 536 3584 diost,
560 3506 712 3571 Gravitas
733 3507 852 3571 delictis
873 3506 1050 3591 implicatos.
1097 3506 1141 3571 Et
1163 3505 1248 3582 olibi,
1267 3505 1384 3569 Omma·

338 3610 450 3673 entiam
464 3609 567 3673 maltis
585 3609 761 3673 dalaima
781 3609 894 3694 laqueis
908 3610 1050 3672 maetam.
1074 3608 1244 3671 Rrosnrrus
1258 3629 1279 3671 a
1295 3607 1384 3672 Fello

339 3711 462 3777 allatus.
494 3712 549 3775 Ita
563 3712 802 3795 quatuordeeim
818 3712 889 3774 libri
906 3719 1028 3775 veteres
1043 3718 1077 3775 et
1091 3710 1246 3775 editiones
1257 3709 1384 3775 Erasmi

339 3820 372 3877 et
388 3812 537 3876 Morellii.
583 3815 630 3876 At
650 3813 845 3896 antiquiores
868 3813 1023 3877 editiones
1043 3821 1077 3877 et
1098 3835 1154 3876 sex
1175 3813 1247 3876 libri
1262 3820 1385 3876 veteres

339 3912 458 3977 habent
470 3914 616 3998 praviqsw
630 3913 779 3976 involutus
793 3913 930 3977 crimino.
954 3913 1124 3978 Bsnnzms.
1156 3914 1236 3979 Cum
1251 3912 1385 3977 lectione

340 4023 411 4098 post
426 4022 556 4099 recepta
570 4016 680 4079 codices
693 4016 788 4078 austri
803 4016 933 4079 sariunt.

384 4118 468 4181 lbid.
485 4117 505 4181 l.
523 4137 573 4201 23.
588 4126 623 4180 st
637 4125 674 4181 ut
691 4117 796 4200 Felix]
822 4119 895 4181 Non
910 4138 987 4181 sane
1001 4115 1211 4200 improbanda
1224 4122 1275 4178 est
1289 4114 1386 4178 inter-

340 4221 439 4304 pretis
456 4219 583 4304 Anglioi
604 4219 796 4304 conjectura,
813 4217 1026 4283 existimantis
1045 4217 1078 4280 in
1098 4218 1201 4281 looum
1225 4213 1387 4279 Martialis

341 4342 550 4385 successorem
574 4321 686 4384 datum
708 4320 804 4384 luisse
826 4320 909 4383 huno
933 4318 1080 4395 Felioem,
1104 4317 1157 4401 qui
1179 4316 1293 4380 missus
1315 4337 1387 4380 oum

343 4422 459 4487 Sabino
475 4422 623 4487 Basilidis
637 4444 816 4487 suooessore
831 4435 865 4486 et
879 4421 1047 4505 episcopus
1060 4419 1112 4481 hio
1126 4417 1252 4481 dioitur.
1283 4417 1387 4481 Idom-

343 4544 401 4606 que
423 4523 548 4608 plaeere
571 4545 653 4587 nuno
673 4523 763 4586 video
783 4523 820 4587 ol.
848 4523 972 4587 Koohio
991 4522 1025 4584 in
1046 4523 1208 4585 Conantem.
1224 4520 1275 4583 Do
1289 4521 1387 4604 Loqu-

343 4624 468 4692 tiooidos
481 4624 711 4697 Eoolesiuetioir,
729 4627 760 4706 ξ.
776 4645 826 4708 15.
