3700 5667
493 669 558 731 114
789 669 1037 746 RELIQUIAE
1064 671 1241 733 SACRAE.

491 839 591 903 altare
615 840 721 915 suncti,
750 861 808 902 aon
833 839 985 902 adducent
1010 840 1045 902 in
1069 861 1099 903 se
1123 840 1275 916 delictam,
1298 862 1335 904 oe
1361 841 1540 903 momatur.

492 949 585 1030 Quod
607 957 715 1013 autem
738 950 841 1033 majus
860 956 969 1033 potest
987 972 1055 1013 esse
1070 949 1230 1027 delictum,
1246 958 1304 1014 aut
1323 972 1394 1034 quae
1417 949 1540 1013 macula

491 1057 663 1121 deformior
673 1079 768 1141 quam
783 1058 935 1123 adversus
944 1059 1106 1124 Christum
1119 1059 1255 1135 stetisse,
1267 1081 1363 1143 quam
1377 1059 1541 1122 eeclesiam

491 1166 569 1250 ejus,
585 1189 680 1250 quam
695 1166 746 1230 ille
761 1168 914 1251 sanguine
929 1190 987 1231 suo
1003 1168 1127 1251 paravit
1142 1176 1175 1232 et
1191 1169 1343 1244 condidit,
1359 1168 1539 1254 dissipasse,

491 1299 586 1362 quam
602 1277 789 1362 evangelioae
810 1279 897 1362 pacis
912 1301 951 1343 ac
966 1279 1143 1343 dilectionis
1157 1280 1291 1343 oblitum
1305 1289 1418 1345 contra
1432 1281 1565 1351 unani-5

491 1406 574 1447 mem
597 1392 630 1448 et
650 1385 838 1448 concordem
853 1385 914 1448 Dei
938 1387 1089 1471 populum
1112 1386 1234 1450 hostilis
1252 1387 1417 1451 discordiae
1435 1388 1540 1452 furore

491 1496 670 1579 pugnasset
704 1494 776 1574 Qui,
792 1494 851 1558 etsi
868 1494 929 1580 ipsi
945 1496 1147 1579 postmodum
1162 1496 1204 1559 ad
1218 1496 1381 1560 ecclesiam
1395 1498 1538 1573 redeunt,

490 1605 661 1670 restituere
686 1613 795 1668 tamen
818 1627 872 1668 eos
894 1613 929 1669 et
948 1627 1054 1669 secum
1075 1627 1224 1669 revocare
1246 1628 1310 1669 non
1331 1616 1463 1690 possunt
1486 1610 1539 1693 qui

490 1716 532 1779 ab
547 1716 592 1779 eis
607 1714 728 1778 seducti
744 1722 777 1779 et
792 1714 868 1778 foris
890 1723 994 1779 morte
1014 1716 1166 1799 praeventi
1182 1723 1275 1780 extra
1288 1717 1453 1781 ecclesium
1473 1718 1540 1782 sine

491 1825 775 1890 communicatione
797 1833 830 1890 et
850 1848 929 1912 pace
949 1827 1132 1911 periemnt;
1158 1849 1292 1912 quorum
1307 1829 1421 1893 auimae
1442 1830 1474 1893 in
1489 1830 1539 1893 die
1552 1840 1588 1878 10

487 1936 598 2022 judicii
628 1938 667 2001 de
704 1938 844 2023 ipsorum
874 1939 1018 2002 manibus
1048 1945 1239 2023 expetentur
1268 1940 1321 2024 qui
1351 1941 1540 2026 perditionis

489 2057 637 2113 auctores
652 2057 685 2113 et
701 2049 797 2113 duces
816 2050 1003 2113 extiterunt.
1049 2049 1095 2112 Et
1116 2049 1234 2113 idcirco
1254 2049 1333 2113 sotis
1353 2058 1400 2114 est
1423 2051 1540 2115 talibus

489 2159 722 2223 revertentibus
749 2160 871 2224 veniam
899 2159 978 2223 dari.
1035 2159 1108 2223 Non
1133 2167 1242 2223 tamen
1267 2161 1363 2224 debet
1386 2161 1418 2223 in
1445 2161 1539 2225 domo

489 2268 564 2333 fidei
579 2270 713 2354 perfidia
727 2270 913 2355 promoveri.
960 2271 1043 2335 Nam
1058 2271 1135 2356 quid
1155 2271 1246 2334 bonis
1267 2279 1300 2336 et
1319 2272 1539 2338 innocentibus

490 2388 588 2464 atque
602 2382 644 2444 ab
659 2381 791 2446 ecclesia
812 2405 876 2446 non
898 2382 1119 2447 recedentibus
1141 2405 1348 2461 reservamus,
1364 2385 1390 2448 si
1412 2408 1467 2449 eos
1485 2386 1586 2472 qui15

489 2513 510 2555 a
529 2492 620 2555 nobis
639 2493 827 2557 recesserint
846 2501 880 2557 et
905 2499 1019 2557 contra
1042 2493 1207 2558 eeclesiam
1231 2496 1380 2560 steterint
1401 2496 1539 2560 honora-

489 2604 582 2666 musl
627 2603 709 2666 Haec
735 2603 777 2666 ad
801 2602 1026 2666 conscientiam
1050 2610 1149 2680 tuam,
1179 2604 1281 2668 irater
1306 2605 1478 2683 carissime,
1506 2612 1539 2672 et

488 2734 548 2798 pro
563 2713 682 2777 honore
697 2714 854 2777 communi
870 2720 904 2776 et
918 2734 977 2797 pro
998 2712 1131 2798 simplici
1153 2713 1322 2778 dilectione
1340 2717 1538 2800 pertulimus,

490 2822 655 2887 credentes
681 2823 778 2886 etiam
804 2823 863 2887 tibi
887 2845 946 2908 pro
970 2823 1131 2907 religionis
1155 2831 1220 2889 tuae
1246 2833 1279 2888 et
1304 2825 1377 2888 fidei
1405 2827 1540 2892 veritate

491 2933 614 3018 placere
635 2956 705 3018 quae
725 2942 759 2997 et
783 2933 930 3017 religiose
956 2934 1076 3017 pariter
1100 2950 1132 2997 et
1154 2956 1229 2999 vera
1250 2943 1334 3000 sunt.
1380 2935 1538 3001 Oaeterum
1551 2956 1587 2995 20

490 3044 606 3108 scimus
621 3045 774 3128 quosdam
790 3045 875 3128 quod
895 3045 991 3109 semol
1011 3046 1193 3110 imbiberint
1213 3045 1295 3110 nolle
1310 3047 1467 3131 deponere
1481 3071 1539 3113 nec

489 3153 689 3239 propositum
714 3175 806 3216 suum
832 3153 923 3217 facile
946 3163 1081 3231 mutere,
1104 3156 1160 3218 sed
1186 3155 1273 3218 selvo
1297 3155 1382 3220 inter
1403 3156 1539 3243 collegas

489 3263 578 3349 pacis
600 3272 634 3330 et
655 3265 831 3329 concordiae
846 3265 969 3328 vinculo
993 3266 1138 3350 quaedam
1161 3267 1290 3351 proprie
1304 3288 1375 3351 quae
1398 3269 1483 3352 apud
1506 3291 1539 3332 se

491 3375 587 3440 semel
617 3375 681 3439 sint
707 3383 861 3461 usurpata
891 3377 1037 3440 retinere.
1089 3376 1160 3456 Qua
1188 3376 1221 3439 in
1247 3398 1282 3440 re
1307 3399 1365 3440 nec
1393 3400 1451 3441 nos
1477 3380 1539 3443 vim

490 3486 637 3570 cuiquem
666 3486 798 3550 facimus
827 3496 884 3551 aut
918 3487 1019 3573 legem
1049 3488 1172 3562 damus,
1203 3488 1329 3571 quando
1359 3488 1478 3553 habeat
1506 3489 1538 3552 in
1550 3501 1585 3563 25

490 3597 628 3660 ecclesiae
644 3597 920 3662 administratione
936 3598 1111 3662 voluntatis
1131 3619 1196 3661 suae
1217 3597 1386 3661 arbitrium
1404 3599 1538 3664 liborum

490 3706 704 3789 unusquisque
718 3709 919 3791 praepositus,
935 3709 1092 3772 rationem
1106 3715 1197 3771 actus
1212 3707 1260 3770 sui
1276 3708 1416 3771 Domino
1435 3709 1537 3772 reddi-

490 3826 593 3878 turus.
630 3816 788 3898 Optamus
804 3825 848 3893 te,
863 3819 964 3881 irater
978 3818 1149 3894 carissime,
1166 3839 1290 3902 semper
1307 3819 1385 3882 bene
1400 3819 1512 3882 valere.
