3700 5667
477 645 543 707 ala
824 641 1177 707 ANNOTATIONES

477 814 575 878 cibus.
621 815 708 877 Pace
730 812 929 877 Balsamonis
949 814 1081 877 inducor
1102 821 1139 877 ut
1161 813 1300 887 credam,
1314 833 1378 875 non
1398 811 1529 896 perinde

477 937 546 980 esec
575 916 601 979 si
630 917 845 980 παυλιανισταὶ
873 923 931 980 aut
960 917 1159 992 παυλικιανοὶ,
1189 920 1247 979 aut
1275 916 1529 981 παολιανίσαντες

478 1016 646 1094 dicantur3
668 1019 724 1080 sed
746 1017 891 1080 ultimam
913 1016 995 1081 hanc
1016 1039 1124 1080 vocem
1146 1015 1316 1101 praedictos
1337 1022 1446 1100 patres
1468 1015 1529 1079 ele-

477 1119 571 1204 gisse,
588 1125 625 1182 ut
647 1139 756 1182 omnes
777 1119 954 1195 haereticos,
972 1117 1064 1182 Pauli
1087 1118 1120 1180 in
1142 1140 1263 1181 morem
1284 1117 1325 1180 ab
1347 1117 1529 1180 orthodoxa

481 1219 544 1284 fide
574 1242 701 1305 quoquc
730 1221 825 1284 modo
854 1227 1009 1297 errantes,
1035 1219 1346 1305 comprehenderent.
1376 1221 1444 1300 περὶ
1470 1225 1529 1282 τῶν

478 1322 741 1385 παυλιανισάντων
756 1322 820 1386 εἶτα
834 1323 1121 1404 προσφυγόντωντῇ
1138 1327 1280 1408 καθολικῇ
1299 1323 1442 1406 ἐκκλησίᾳ
1460 1322 1529 1402 ὅρος

479 1424 650 1497 ἑκτέθειται,
668 1425 925 1503 ἆναβαπτίζεσθαι
946 1425 1050 1491 αὐτοὺς
1071 1424 1245 1502 ἐξάπαντος.
1290 1424 1411 1505 Quibus
1425 1423 1529 1487 verbis

480 1526 598 1590 diserte
622 1526 748 1603 dicitur,
771 1526 825 1610 qui
848 1525 912 1590 sint
935 1548 993 1610 per
1014 1526 1152 1590 ecclesiae
1175 1525 1346 1610 repetitum
1369 1526 1530 1610 baptisma

479 1627 691 1700 admittendi;
716 1628 771 1691 sed
787 1634 824 1691 ut
840 1627 893 1691 alii
909 1627 977 1691 eine
987 1628 1148 1712 baptismo
1159 1627 1416 1703 admitterentur,
1427 1627 1529 1691 altum

480 1737 530 1795 est
544 1730 714 1794 silentium.
763 1731 907 1794 Zonaras
928 1731 968 1793 de
986 1730 1125 1794 Concilio
1144 1739 1254 1794 nostro
1275 1729 1529 1815 Carthaginiensi

479 1833 540 1898 hoc
556 1855 653 1896 unum
667 1833 823 1910 adnotat;
848 1833 934 1917 quod
948 1834 1017 1917 ejus
1038 1833 1205 1897 sententiae
1220 1855 1259 1896 ex
1275 1841 1367 1918 parte
1381 1831 1424 1896 sit
1439 1833 1529 1897 dero·

478 1942 609 2022 gatum;
634 1935 789 2018 siquidem
811 1936 879 1999 οὕτε
902 1937 950 1998 ἐπὶ
973 1938 1128 2016 αἱρετικοῖς
1150 1934 1317 2014 ἐκράτησαν
1337 1939 1442 2010 πᾶσιν,
1461 1935 1529 1998 οὔτε

481 2038 529 2101 ἐπὶ
548 2043 609 2102 τοῖς
629 2043 847 2118 σχισματικοῖς.
883 2036 926 2099 Et
941 2034 974 2098 in
991 2035 1086 2119 hujus
1105 2036 1289 2099 assertionis
1308 2036 1530 2119 probationem

479 2140 585 2215 affert,
600 2160 664 2201 non
683 2137 861 2201 Concilium
879 2138 1057 2214 Nicaenum,
1074 2139 1129 2201 sed
1145 2138 1530 2222 Constantinopolitanum

480 2242 626 2328 primum.
672 2240 767 2304 Certe
797 2241 850 2324 qui
881 2248 955 2325 post
981 2240 1154 2305 Concilium
1182 2240 1347 2304 Nicaenum
1372 2242 1468 2304 variis
1496 2240 1530 2302 in

480 2344 556 2407 locis
578 2342 772 2427 scripserunt
789 2343 916 2418 Patres,
932 2343 1047 2426 quique
1062 2342 1230 2405 venerandi
1251 2342 1343 2406 istius
1367 2364 1530 2406 consessus

481 2446 618 2520 decreta,
646 2466 704 2507 nec
732 2443 896 2528 ignorasse
925 2444 1072 2508 censendi
1103 2452 1186 2521 sunt,
1215 2467 1273 2508 nee
1302 2444 1527 2515 contemsisse;

480 2547 632 2632 placitum
658 2546 718 2610 hoc
743 2547 872 2610 minime
896 2546 1074 2631 eliquatam,
1098 2547 1273 2620 diecmsam,
1301 2548 1529 2624 euidenter,

478 2650 647 2733 perfectum
664 2659 752 2734 atque
762 2651 925 2732 firmatum
944 2650 1114 2713 credidere.
1153 2649 1293 2734 Optatus
1314 2649 1529 2726 Milevitanus,

481 2749 694 2813 Parmeniano
710 2751 900 2822 Donatistae,
918 2751 1114 2814 orthodoxos
1135 2751 1225 2834 quasi
1245 2752 1384 2815 omnium
1405 2751 1531 2814 haereti·

481 2871 590 2913 corum
613 2860 814 2915 sacramenta
834 2853 1031 2916 ratificantes
1050 2852 1178 2927 ridenti,
1197 2853 1390 2937 respondens
1413 2853 1531 2915 diserte

481 2953 549 3025 ait;
574 2954 659 3037 apud
682 2954 767 3038 ipsos
789 2976 847 3017 aon
869 2976 927 3018 aesc
947 2964 1147 3030 ςαοταοιοαία,
1161 2977 1275 3038 aquam
1293 2954 1357 3018 illie
1375 2977 1433 3018 esee
1451 2976 1532 3018 mers-

481 3054 594 3117 dacem.
619 3062 652 3119 et
676 3055 785 3119 liniv.
808 3064 894 3121 etv.
919 3058 1013 3120 docet
1036 3058 1213 3141 generatim
1235 3058 1322 3142 apud
1350 3057 1531 3121 Haereticos

480 3156 569 3220 aella
598 3177 655 3220 esec
681 3169 881 3223 sacramenta.
928 3159 1024 3223 Unde
1051 3159 1274 3244 Albaspinaeus
1303 3160 1361 3223 hoc
1390 3160 1530 3224 scholion

481 3261 624 3347 apponit.
670 3262 736 3347 Εμο
755 3284 792 3326 αα
808 3263 861 3326 loc
877 3271 905 3325 et
922 3262 996 3326 aliis
1009 3261 1112 3324 ricottis
1135 3262 1205 3325 ίοοίς
1225 3263 1360 3346 conjicio,
1375 3264 1456 3348 quod
1471 3264 1531 3347 Op-

481 3371 561 3426 tatus
582 3385 641 3426 aco
663 3365 815 3428 attimar
836 3365 987 3428 heretica
1001 3385 1088 3448 posse
1111 3361 1272 3448 baptizare.
1320 3364 1358 3426 ln
1381 3365 1441 3428 hac
1463 3365 1532 3449 ipsa

482 3466 643 3530 sententia
657 3468 718 3531 fuit
734 3466 875 3552 Magnus
890 3467 1036 3543 Basilius,
1053 3466 1106 3550 qui
1122 3466 1201 3529 Can.
1216 3488 1243 3529 1.
1260 3467 1299 3530 dc
1315 3465 1485 3529 Haereticis
1499 3465 1531 3526 in

481 3589 597 3651 genere
612 3569 699 3645 dicit,
715 3572 834 3635 τούτους
852 3571 885 3631 δὲ
905 3573 997 3646 δῆλον
1018 3570 1063 3630 ὅτι
1080 3570 1151 3631 ἄνευ
1166 3571 1373 3646 βαπτίσματος
1392 3568 1408 3645 ἡ
1428 3569 1531 3644 ἐκκλη-

483 3667 536 3732 σία
554 3671 588 3733 οὐ
603 3670 812 3752 παραδέχεται,
829 3678 862 3734 et
878 3671 955 3734 (lan.
974 3691 1024 3737 ao.
1041 3669 1236 3746 Eucratitas‚
1255 3669 1482 3751 Saccophoros‚
1498 3678 1531 3731 et

484 3772 693 3854 Apotactitas
708 3794 882 3850 recensens,
896 3773 1077 3837 summatim
1093 3773 1149 3849 ait,
1165 3774 1247 3852 ἡμεῖς
1261 3773 1317 3852 μέν
1332 3797 1376 3835 τοι
1392 3772 1436 3835 ἑνὶ
1450 3773 1531 3853 λόγῳ

483 3877 723 3954 ἆναβαπτίζομεν
738 3877 805 3942 τοὺς
825 3880 983 3942 τοιούτους.
999 3885 1033 3940 et
1044 3877 1121 3941 (lan.
1131 3896 1184 3960 47.
1201 3878 1235 3939 οὐ
1251 3880 1399 3961 δεχόμεθα
1414 3879 1467 3940 οὖν
1482 3877 1532 3939 αὐ-

483 3979 550 4043 τοὺς
571 3981 611 4044 εἰς
633 3979 687 4056 τὴν
712 3980 883 4056 ἐκκλησίαν,
901 3981 955 4041 ἐὰν
976 3979 1017 4057 μὴ
1038 3985 1247 4058 βαπτισθῶσιν
1270 3983 1313 4045 εἰς
1335 3981 1368 4043 τὸ
1390 3978 1533 4058 ἡμέτερον

482 4079 651 4159 βάπτισμα.
684 4079 945 4143 Succenturiatur
964 4081 1035 4144 istis
1053 4081 1188 4164 (lyrillus
1212 4081 1533 4165 Hierosolymitanus‚

484 4183 585 4265 quiin
603 4182 923 4268 praelationeait‚sls
944 4185 1049 4263 κύριος,
1070 4185 1117 4246 καὶ
1136 4185 1189 4261 μία
1208 4185 1316 4255 πίστις,
1333 4185 1382 4245 καὶ
1402 4183 1436 4245 ἓν
1455 4182 1533 4259 βάπ-

483 4309 582 4363 τισμα,
598 4289 693 4363 μόνον
712 4289 770 4367 γὰρ
791 4289 819 4349 ol
840 4286 981 4365 αἱρετικοὶ
1002 4287 1265 4363 ἇναβαπτίζονται,
1285 4285 1386 4362 ἐπειδὴ
1406 4285 1439 4347 τὸ
1460 4285 1531 4363 πρό-

482 4410 569 4462 τερον
588 4389 640 4449 οὐκ
660 4389 698 4464 ἦν
716 4388 883 4468 βάπτισμα.
918 4389 1078 4451 Athenas.
1096 4388 1186 4451 Orat.
1202 4407 1233 4471 3,
1253 4396 1366 4450 contra
1381 4388 1531 4462 Arianos,

485 4485 588 4569 [Orat.
612 4509 657 4551 ιτ.
678 4496 717 4568 §§.
734 4509 785 4567 42,
801 4511 854 4574 43.
878 4491 928 4553 ed.
951 4490 1160 4574 Benedictio]
1180 4491 1219 4553 de
1240 4512 1350 4553 corum
1372 4490 1531 4574 baptismo

483 4586 572 4662 dicit,
589 4597 648 4655 πῶς
671 4593 705 4653 οὐ
728 4599 882 4659 παντελῶς
904 4593 992 4656 κενὸν
1015 4595 1063 4654 καὶ
1086 4594 1263 4658 ἀλυσιτελὲς
1285 4593 1318 4656 τὸ
1340 4590 1408 4673 παρ’
1432 4592 1532 4656 αὐτοῖς
