<?xml version="1.0" encoding="UTF-8"?>
<!DOCTYPE html PUBLIC "-//W3C//DTD XHTML 1.0 Transitional//EN"
    "http://www.w3.org/TR/xhtml1/DTD/xhtml1-transitional.dtd">
<html xmlns="http://www.w3.org/1999/xhtml" xml:lang="en" lang="en">
 <head>
  <title>
</title>
<meta http-equiv="Content-Type" content="text/html;charset=utf-8" />
  <meta name='ocr-system' content='tesseract 3.04.00' />
  <meta name='ocr-capabilities' content='ocr_page ocr_carea ocr_par ocr_line ocrx_word'/>
</head>
<body>
  <div class='ocr_page' id='page_1' title='image "./reliquiaesacrae08routgoog_0277.png"; bbox 0 0 3700 5667; ppageno 0'>
   <div class='ocr_carea' id='block_1_1' title="bbox 372 690 1354 763">
    <p class='ocr_par' dir='ltr' id='par_1_1' title="bbox 372 690 1354 763">
     <span class='ocr_line' id='line_1_1' title="bbox 372 690 1354 763; baseline 0.004 -9"><span class='ocrx_word' id='word_1_1' title='bbox 372 691 424 754; x_wconf 92' lang='lat' dir='ltr'><strong>IN</strong></span> <span class='ocrx_word' id='word_1_2' title='bbox 446 691 478 754; x_wconf 89' lang='lat' dir='ltr'><strong>S.</strong></span> <span class='ocrx_word' id='word_1_3' title='bbox 496 690 734 755; x_wconf 86' lang='lat' dir='ltr'><strong>GREGORII</strong></span> <span class='ocrx_word' id='word_1_4' title='bbox 758 692 966 757; x_wconf 80' lang='lat' dir='ltr'><strong>NEOCAES.</strong></span> <span class='ocrx_word' id='word_1_5' title='bbox 981 694 1052 757; x_wconf 90' lang='grc' dir='ltr'><strong>ΕΡ.</strong></span> <span class='ocrx_word' id='word_1_6' title='bbox 1071 694 1246 760; x_wconf 84' lang='lat' dir='ltr'><strong>CANON.</strong></span> <span class='ocrx_word' id='word_1_7' title='bbox 1290 692 1354 763; x_wconf 78' lang='lat'><strong>271</strong></span> 
     </span>
    </p>
   </div>
   <div class='ocr_carea' id='block_1_2' title="bbox 307 860 1359 1228">
    <p class='ocr_par' dir='ltr' id='par_1_2' title="bbox 307 860 1359 1228">
     <span class='ocr_line' id='line_1_2' title="bbox 307 860 1357 946; baseline 0.005 -25"><span class='ocrx_word' id='word_1_8' title='bbox 307 864 522 923; x_wconf 77' lang='lat' dir='ltr'><strong>sustentatam</strong></span> <span class='ocrx_word' id='word_1_9' title='bbox 546 866 777 924; x_wconf 88' lang='lat' dir='ltr'><strong>tormentorum</strong></span> <span class='ocrx_word' id='word_1_10' title='bbox 803 860 865 924; x_wconf 84' lang='lat' dir='ltr'><strong>vim</strong></span> <span class='ocrx_word' id='word_1_11' title='bbox 891 860 1047 925; x_wconf 88' lang='lat' dir='ltr'><strong>saerilioia</strong></span> <span class='ocrx_word' id='word_1_12' title='bbox 1069 869 1200 946; x_wconf 81' lang='lat' dir='ltr'><strong>gustare</strong></span> <span class='ocrx_word' id='word_1_13' title='bbox 1224 884 1357 926; x_wconf 78' lang='lat' dir='ltr'><strong>eonsen-</strong></span> 
     </span>
     <span class='ocr_line' id='line_1_3' title="bbox 309 960 1358 1049; baseline 0.005 -27"><span class='ocrx_word' id='word_1_14' title='bbox 309 960 427 1024; x_wconf 81' lang='lat' dir='ltr'><strong>tientes</strong></span> <span class='ocrx_word' id='word_1_15' title='bbox 445 982 574 1025; x_wconf 86' lang='lat' dir='ltr'><strong>oausam</strong></span> <span class='ocrx_word' id='word_1_16' title='bbox 588 961 662 1026; x_wconf 90' lang='lat' dir='ltr'><strong>fidei</strong></span> <span class='ocrx_word' id='word_1_17' title='bbox 677 961 902 1047; x_wconf 77' lang='lat' dir='ltr'><strong>prodidissent,</strong></span> <span class='ocrx_word' id='word_1_18' title='bbox 915 963 1010 1028; x_wconf 88' lang='lat' dir='ltr'><strong>aliter</strong></span> <span class='ocrx_word' id='word_1_19' title='bbox 1026 970 1136 1028; x_wconf 86' lang='lat' dir='ltr'><strong>aotam</strong></span> <span class='ocrx_word' id='word_1_20' title='bbox 1155 969 1217 1039; x_wconf 91' lang='lat' dir='ltr'><strong>est,</strong></span> <span class='ocrx_word' id='word_1_21' title='bbox 1231 964 1272 1029; x_wconf 91' lang='lat' dir='ltr'><strong>de</strong></span> <span class='ocrx_word' id='word_1_22' title='bbox 1290 964 1358 1049; x_wconf 90' lang='lat' dir='ltr'><strong>qui-</strong></span> 
     </span>
     <span class='ocr_line' id='line_1_4' title="bbox 308 1060 1359 1152; baseline 0.004 -28"><span class='ocrx_word' id='word_1_23' title='bbox 308 1060 368 1125; x_wconf 88' lang='lat' dir='ltr'><strong>bus</strong></span> <span class='ocrx_word' id='word_1_24' title='bbox 388 1062 421 1125; x_wconf 91' lang='lat' dir='ltr'><strong>S.</strong></span> <span class='ocrx_word' id='word_1_25' title='bbox 438 1062 574 1127; x_wconf 79' lang='lat' dir='ltr'><strong>Basilius</strong></span> <span class='ocrx_word' id='word_1_26' title='bbox 589 1063 638 1128; x_wconf 90' lang='lat' dir='ltr'><strong>M.</strong></span> <span class='ocrx_word' id='word_1_27' title='bbox 657 1064 691 1127; x_wconf 90' lang='lat' dir='ltr'><strong>in</strong></span> <span class='ocrx_word' id='word_1_28' title='bbox 707 1064 849 1149; x_wconf 72' lang='lat' dir='ltr'><strong>Epistola</strong></span> <span class='ocrx_word' id='word_1_29' title='bbox 870 1065 1025 1130; x_wconf 74' lang='lat' dir='ltr'><strong>Oomom&#39;m</strong></span> <span class='ocrx_word' id='word_1_30' title='bbox 1044 1066 1090 1130; x_wconf 79' lang='lat' dir='ltr'><strong>ad</strong></span> <span class='ocrx_word' id='word_1_31' title='bbox 1106 1065 1359 1152; x_wconf 72' lang='lat' dir='ltr'><strong>Amphilochium,</strong></span> 
     </span>
     <span class='ocr_line' id='line_1_5' title="bbox 310 1163 556 1228; baseline 0 -2"><span class='ocrx_word' id='word_1_32' title='bbox 310 1163 440 1227; x_wconf 76' lang='lat' dir='ltr'><strong>(lenone</strong></span> <span class='ocrx_word' id='word_1_33' title='bbox 459 1163 556 1228; x_wconf 86' lang='lat' dir='ltr'><strong>VIII.</strong></span> 
     </span>
    </p>
   </div>
   <div class='ocr_carea' id='block_1_3' title="bbox 719 1362 943 1430">
    <p class='ocr_par' dir='ltr' id='par_1_3' title="bbox 719 1362 943 1430">
     <span class='ocr_line' id='line_1_6' title="bbox 719 1362 943 1430; baseline -0.013 0"><span class='ocrx_word' id='word_1_34' title='bbox 719 1362 873 1430; x_wconf 80' lang='lat' dir='ltr'>OANON</span> <span class='ocrx_word' id='word_1_35' title='bbox 897 1364 943 1428; x_wconf 90' lang='lat' dir='ltr'><strong>Il.</strong></span> 
     </span>
    </p>
   </div>
   <div class='ocr_carea' id='block_1_4' title="bbox 304 1550 1358 4385">
    <p class='ocr_par' dir='ltr' id='par_1_4' title="bbox 308 1550 1358 2661">
     <span class='ocr_line' id='line_1_7' title="bbox 353 1550 1356 1652; baseline 0.005 -25"><span class='ocrx_word' id='word_1_36' title='bbox 353 1561 389 1627; x_wconf 88' lang='lat' dir='ltr'><strong>P.</strong></span> <span class='ocrx_word' id='word_1_37' title='bbox 407 1584 424 1629; x_wconf 81' lang='lat'><em>2</em></span> <span class='ocrx_word' id='word_1_38' title='bbox 427 1569 479 1649; x_wconf 84' lang='lat'><strong>58.</strong></span> <span class='ocrx_word' id='word_1_39' title='bbox 496 1564 517 1630; x_wconf 90' lang='lat' dir='ltr'><strong>l.</strong></span> <span class='ocrx_word' id='word_1_40' title='bbox 530 1586 561 1646; x_wconf 84' lang='lat'><strong>9.</strong></span> <span class='ocrx_word' id='word_1_41' title='bbox 576 1567 707 1648; x_wconf 80' lang='grc' dir='ltr'>φευκτὸν</span> <span class='ocrx_word' id='word_1_42' title='bbox 722 1568 770 1630; x_wconf 79' lang='grc' dir='ltr'><strong>καί</strong></span> <span class='ocrx_word' id='word_1_43' title='bbox 788 1566 943 1652; x_wconf 76' lang='grc' dir='ltr'>φρικῶδες]</span> <span class='ocrx_word' id='word_1_44' title='bbox 959 1566 1067 1651; x_wconf 82' lang='lat' dir='ltr'>Vulgo</span> <span class='ocrx_word' id='word_1_45' title='bbox 1083 1550 1209 1649; x_wconf 74' lang='grc' dir='ltr'><strong>Ιφρικτὸν</strong></span> <span class='ocrx_word' id='word_1_46' title='bbox 1224 1566 1273 1632; x_wconf 73' lang='grc' dir='ltr'><strong>καὶ</strong></span> <span class='ocrx_word' id='word_1_47' title='bbox 1288 1578 1356 1651; x_wconf 69' lang='lat' dir='ltr'><strong>ppt·</strong></span> 
     </span>
     <span class='ocr_line' id='line_1_8' title="bbox 310 1663 1357 1753; baseline 0.005 -25"><span class='ocrx_word' id='word_1_48' title='bbox 310 1670 408 1740; x_wconf 80' lang='grc' dir='ltr'>κῶἀες,</span> <span class='ocrx_word' id='word_1_49' title='bbox 424 1667 479 1728; x_wconf 81' lang='lat' dir='ltr'><strong>sed</strong></span> <span class='ocrx_word' id='word_1_50' title='bbox 500 1667 631 1747; x_wconf 83' lang='grc' dir='ltr'>φευκτὸν</span> <span class='ocrx_word' id='word_1_51' title='bbox 648 1688 707 1751; x_wconf 86' lang='lat' dir='ltr'><strong>pro</strong></span> <span class='ocrx_word' id='word_1_52' title='bbox 726 1667 851 1747; x_wconf 83' lang='grc' dir='ltr'>φρικτὸν</span> <span class='ocrx_word' id='word_1_53' title='bbox 866 1689 884 1730; x_wconf 84' lang='lat' dir='ltr'><strong>a</strong></span> <span class='ocrx_word' id='word_1_54' title='bbox 902 1688 953 1731; x_wconf 72' lang='lat' dir='ltr'><strong>see</strong></span> <span class='ocrx_word' id='word_1_55' title='bbox 973 1667 1124 1732; x_wconf 71' lang='lat' dir='ltr'><strong>codicibus</strong></span> <span class='ocrx_word' id='word_1_56' title='bbox 1139 1670 1270 1753; x_wconf 74' lang='lat' dir='ltr'><strong>sm&#39;pts&#39;r,</strong></span> <span class='ocrx_word' id='word_1_57' title='bbox 1282 1663 1357 1733; x_wconf 76' lang='lat' dir='ltr'><strong>An&#39;·</strong></span> 
     </span>
     <span class='ocr_line' id='line_1_9' title="bbox 309 1766 1357 1853; baseline 0.003 -26"><span class='ocrx_word' id='word_1_58' title='bbox 309 1766 445 1848; x_wconf 69' lang='lat' dir='ltr'><strong>misique</strong></span> <span class='ocrx_word' id='word_1_59' title='bbox 471 1787 541 1850; x_wconf 82' lang='lat' dir='ltr'><strong>quae</strong></span> <span class='ocrx_word' id='word_1_60' title='bbox 570 1777 701 1831; x_wconf 80' lang='lat' dir='ltr'><strong>voratur</strong></span> <span class='ocrx_word' id='word_1_61' title='bbox 728 1770 883 1831; x_wconf 75' lang='lat' dir='ltr'><strong>Canentem</strong></span> <span class='ocrx_word' id='word_1_62' title='bbox 908 1769 1050 1852; x_wconf 66' lang='lat' dir='ltr'><strong>synopsi,</strong></span> <span class='ocrx_word' id='word_1_63' title='bbox 1074 1768 1210 1853; x_wconf 88' lang='lat' dir='ltr'><strong>reposui.</strong></span> <span class='ocrx_word' id='word_1_64' title='bbox 1266 1769 1357 1832; x_wconf 88' lang='lat' dir='ltr'><strong>Idem</strong></span> 
     </span>
     <span class='ocr_line' id='line_1_10' title="bbox 310 1866 1357 1954; baseline 0.003 -25"><span class='ocrx_word' id='word_1_65' title='bbox 310 1886 436 1949; x_wconf 90' lang='lat' dir='ltr'><strong>quoqne</strong></span> <span class='ocrx_word' id='word_1_66' title='bbox 458 1866 491 1929; x_wconf 91' lang='lat' dir='ltr'><strong>in</strong></span> <span class='ocrx_word' id='word_1_67' title='bbox 513 1867 621 1931; x_wconf 85' lang='lat' dir='ltr'><strong>oodioe</strong></span> <span class='ocrx_word' id='word_1_68' title='bbox 642 1890 700 1931; x_wconf 91' lang='lat' dir='ltr'><strong>sno</strong></span> <span class='ocrx_word' id='word_1_69' title='bbox 721 1868 875 1933; x_wconf 88' lang='lat' dir='ltr'><strong>invenisse</strong></span> <span class='ocrx_word' id='word_1_70' title='bbox 893 1869 1056 1933; x_wconf 75' lang='lat' dir='ltr'><strong>Ioannem</strong></span> <span class='ocrx_word' id='word_1_71' title='bbox 1076 1869 1357 1954; x_wconf 85' lang='lat' dir='ltr'><strong>OEoolampadium</strong></span> 
     </span>
     <span class='ocr_line' id='line_1_11' title="bbox 308 1965 1357 2054; baseline 0.003 -24"><span class='ocrx_word' id='word_1_72' title='bbox 308 1975 437 2033; x_wconf 86' lang='lat' dir='ltr'><strong>oonstat</strong></span> <span class='ocrx_word' id='word_1_73' title='bbox 454 1991 495 2031; x_wconf 89' lang='lat' dir='ltr'><strong>ex</strong></span> <span class='ocrx_word' id='word_1_74' title='bbox 509 1968 652 2034; x_wconf 85' lang='lat' dir='ltr'><strong>versione</strong></span> <span class='ocrx_word' id='word_1_75' title='bbox 672 1970 785 2034; x_wconf 87' lang='lat' dir='ltr'><strong>horum</strong></span> <span class='ocrx_word' id='word_1_76' title='bbox 803 1978 900 2054; x_wconf 87' lang='lat' dir='ltr'><strong>atque</strong></span> <span class='ocrx_word' id='word_1_77' title='bbox 922 1971 954 2034; x_wconf 90' lang='lat' dir='ltr'><strong>S.</strong></span> <span class='ocrx_word' id='word_1_78' title='bbox 972 1967 1061 2034; x_wconf 89' lang='lat' dir='ltr'><strong>Petri</strong></span> <span class='ocrx_word' id='word_1_79' title='bbox 1078 1965 1173 2033; x_wconf 85' lang='lat' dir='ltr'><strong>Alex.</strong></span> <span class='ocrx_word' id='word_1_80' title='bbox 1190 1991 1357 2047; x_wconf 79' lang='lat' dir='ltr'><strong>canonum,</strong></span> 
     </span>
     <span class='ocr_line' id='line_1_12' title="bbox 309 2069 1358 2155; baseline 0.003 -22"><span class='ocrx_word' id='word_1_81' title='bbox 309 2090 380 2153; x_wconf 85' lang='lat' dir='ltr'><strong>quoe</strong></span> <span class='ocrx_word' id='word_1_82' title='bbox 399 2069 431 2131; x_wconf 93' lang='lat' dir='ltr'><strong>in</strong></span> <span class='ocrx_word' id='word_1_83' title='bbox 450 2069 730 2155; x_wconf 71' lang='lat' dir='ltr'><strong>Mioropresdytioo,</strong></span> <span class='ocrx_word' id='word_1_84' title='bbox 746 2072 810 2136; x_wconf 88' lang='lat' dir='ltr'><strong>sive</strong></span> <span class='ocrx_word' id='word_1_85' title='bbox 831 2072 968 2137; x_wconf 82' lang='lat' dir='ltr'><strong>Petrum</strong></span> <span class='ocrx_word' id='word_1_86' title='bbox 987 2071 1197 2148; x_wconf 88' lang='lat' dir='ltr'><strong>Bibliotheoa,</strong></span> <span class='ocrx_word' id='word_1_87' title='bbox 1212 2071 1358 2150; x_wconf 83' lang='lat' dir='ltr'><strong>Basileae,</strong></span> 
     </span>
     <span class='ocr_line' id='line_1_13' title="bbox 309 2166 1358 2257; baseline 0.004 -24"><span class='ocrx_word' id='word_1_88' title='bbox 309 2191 394 2233; x_wconf 89' lang='lat' dir='ltr'><strong>anno</strong></span> <span class='ocrx_word' id='word_1_89' title='bbox 411 2189 506 2254; x_wconf 86' lang='lat'><strong>1550.</strong></span> <span class='ocrx_word' id='word_1_90' title='bbox 522 2171 611 2236; x_wconf 92' lang='lat' dir='ltr'><strong>edita</strong></span> <span class='ocrx_word' id='word_1_91' title='bbox 625 2179 684 2236; x_wconf 87' lang='lat' dir='ltr'><strong>est.</strong></span> <span class='ocrx_word' id='word_1_92' title='bbox 720 2173 838 2236; x_wconf 88' lang='lat' dir='ltr'><strong>Itidem</strong></span> <span class='ocrx_word' id='word_1_93' title='bbox 853 2173 951 2237; x_wconf 85' lang='lat' dir='ltr'><strong>vertit</strong></span> <span class='ocrx_word' id='word_1_94' title='bbox 965 2172 1048 2236; x_wconf 86' lang='lat' dir='ltr'><strong>alter</strong></span> <span class='ocrx_word' id='word_1_95' title='bbox 1061 2173 1220 2257; x_wconf 86' lang='lat' dir='ltr'><strong>interpres</strong></span> <span class='ocrx_word' id='word_1_96' title='bbox 1236 2166 1358 2237; x_wconf 81' lang='lat' dir='ltr'><strong>Herro-</strong></span> 
     </span>
     <span class='ocr_line' id='line_1_14' title="bbox 309 2273 1357 2360; baseline 0.002 -24"><span class='ocrx_word' id='word_1_97' title='bbox 309 2279 374 2349; x_wconf 91' lang='lat' dir='ltr'><strong>tus,</strong></span> <span class='ocrx_word' id='word_1_98' title='bbox 393 2273 433 2335; x_wconf 90' lang='lat' dir='ltr'><strong>de</strong></span> <span class='ocrx_word' id='word_1_99' title='bbox 455 2295 518 2356; x_wconf 90' lang='lat' dir='ltr'><strong>quo</strong></span> <span class='ocrx_word' id='word_1_100' title='bbox 539 2295 647 2358; x_wconf 90' lang='lat' dir='ltr'><strong>supra,</strong></span> <span class='ocrx_word' id='word_1_101' title='bbox 658 2275 848 2360; x_wconf 75' lang='lat' dir='ltr'><strong>sapimdmn</strong></span> <span class='ocrx_word' id='word_1_102' title='bbox 865 2273 1115 2359; x_wconf 73' lang='lat' dir='ltr'><strong>Iorrmsdamqae.</strong></span> <span class='ocrx_word' id='word_1_103' title='bbox 1159 2273 1241 2337; x_wconf 83' lang='lat' dir='ltr'><strong>Mox</strong></span> <span class='ocrx_word' id='word_1_104' title='bbox 1263 2275 1357 2338; x_wconf 86' lang='grc' dir='ltr'>ἀλλο·</span> 
     </span>
     <span class='ocr_line' id='line_1_15' title="bbox 310 2374 1356 2461; baseline 0.004 -26"><span class='ocrx_word' id='word_1_105' title='bbox 310 2375 390 2454; x_wconf 89' lang='grc' dir='ltr'>τρίου</span> <span class='ocrx_word' id='word_1_106' title='bbox 405 2394 464 2458; x_wconf 92' lang='lat' dir='ltr'><strong>pro</strong></span> <span class='ocrx_word' id='word_1_107' title='bbox 478 2374 565 2439; x_wconf 91' lang='lat' dir='ltr'><strong>edito</strong></span> <span class='ocrx_word' id='word_1_108' title='bbox 580 2376 748 2456; x_wconf 77' lang='grc' dir='ltr'>ἀλλοτρίων</span> <span class='ocrx_word' id='word_1_109' title='bbox 760 2376 873 2461; x_wconf 83' lang='lat' dir='ltr'><strong>recepi,</strong></span> <span class='ocrx_word' id='word_1_110' title='bbox 885 2385 946 2440; x_wconf 81' lang='lat' dir='ltr'><strong>orto</strong></span> <span class='ocrx_word' id='word_1_111' title='bbox 961 2374 1075 2439; x_wconf 86' lang='lat' dir='ltr'><strong>saltem</strong></span> <span class='ocrx_word' id='word_1_112' title='bbox 1084 2374 1267 2460; x_wconf 62' lang='lat' dir='ltr'><strong>emptorem</strong></span> <span class='ocrx_word' id='word_1_113' title='bbox 1282 2396 1356 2439; x_wconf 81' lang='lat' dir='ltr'><strong>auo·</strong></span> 
     </span>
     <span class='ocr_line' id='line_1_16' title="bbox 310 2475 1357 2563; baseline 0.006 -26"><span class='ocrx_word' id='word_1_114' title='bbox 310 2475 443 2540; x_wconf 85' lang='lat' dir='ltr'><strong>toritate</strong></span> <span class='ocrx_word' id='word_1_115' title='bbox 470 2476 572 2540; x_wconf 83' lang='lat' dir='ltr'><strong>nixus.</strong></span> <span class='ocrx_word' id='word_1_116' title='bbox 618 2476 710 2541; x_wconf 87' lang='lat' dir='ltr'><strong>Nune</strong></span> <span class='ocrx_word' id='word_1_117' title='bbox 735 2479 825 2542; x_wconf 87' lang='lat' dir='ltr'><strong>rideo</strong></span> <span class='ocrx_word' id='word_1_118' title='bbox 847 2485 1003 2563; x_wconf 86' lang='lat' dir='ltr'><strong>praestare</strong></span> <span class='ocrx_word' id='word_1_119' title='bbox 1026 2477 1158 2559; x_wconf 74' lang='grc' dir='ltr'>φευκτὸν</span> <span class='ocrx_word' id='word_1_120' title='bbox 1182 2476 1357 2556; x_wconf 74' lang='lat' dir='ltr'><strong>Pedalium,</strong></span> 
     </span>
     <span class='ocr_line' id='line_1_17' title="bbox 309 2575 735 2661; baseline 0.007 -23"><span class='ocrx_word' id='word_1_121' title='bbox 309 2577 364 2639; x_wconf 86' lang='lat' dir='ltr'><strong>sed</strong></span> <span class='ocrx_word' id='word_1_122' title='bbox 380 2575 413 2639; x_wconf 91' lang='lat' dir='ltr'><strong>in</strong></span> <span class='ocrx_word' id='word_1_123' title='bbox 428 2598 466 2639; x_wconf 84' lang='lat' dir='ltr'><strong>eo</strong></span> <span class='ocrx_word' id='word_1_124' title='bbox 480 2575 541 2661; x_wconf 79' lang='lat' dir='ltr'><strong>legi</strong></span> <span class='ocrx_word' id='word_1_125' title='bbox 557 2578 735 2657; x_wconf 73' lang='grc' dir='ltr'>ἀλλοτρίου.</span> 
     </span>
    </p>

    <p class='ocr_par' dir='ltr' id='par_1_5' title="bbox 308 2676 1357 3477">
     <span class='ocr_line' id='line_1_18' title="bbox 354 2676 1357 2765; baseline 0.003 -24"><span class='ocrx_word' id='word_1_126' title='bbox 354 2678 437 2744; x_wconf 86' lang='lat' dir='ltr'><strong>Ibid.</strong></span> <span class='ocrx_word' id='word_1_127' title='bbox 452 2678 474 2742; x_wconf 96' lang='lat' dir='ltr'><strong>I.</strong></span> <span class='ocrx_word' id='word_1_128' title='bbox 494 2699 541 2743; x_wconf 86' lang='lat'><strong>11.</strong></span> <span class='ocrx_word' id='word_1_129' title='bbox 563 2684 621 2746; x_wconf 82' lang='grc' dir='ltr'><strong>πᾶς</strong></span> <span class='ocrx_word' id='word_1_130' title='bbox 643 2679 660 2743; x_wconf 83' lang='grc' dir='ltr'>ὁ</span> <span class='ocrx_word' id='word_1_131' title='bbox 682 2679 825 2765; x_wconf 76' lang='grc' dir='ltr'>τοιοῦτος]</span> <span class='ocrx_word' id='word_1_132' title='bbox 841 2676 1036 2756; x_wconf 80' lang='lat' dir='ltr'><strong>Articulum,</strong></span> <span class='ocrx_word' id='word_1_133' title='bbox 1052 2701 1145 2764; x_wconf 85' lang='lat' dir='ltr'><strong>quem</strong></span> <span class='ocrx_word' id='word_1_134' title='bbox 1168 2678 1236 2744; x_wconf 82' lang='lat' dir='ltr'><strong>sola</strong></span> <span class='ocrx_word' id='word_1_135' title='bbox 1257 2679 1357 2744; x_wconf 80' lang='lat' dir='ltr'><strong>habet</strong></span> 
     </span>
     <span class='ocr_line' id='line_1_19' title="bbox 308 2781 1356 2867; baseline 0.002 -23"><span class='ocrx_word' id='word_1_136' title='bbox 308 2781 408 2845; x_wconf 89' lang='lat' dir='ltr'><strong>editio</strong></span> <span class='ocrx_word' id='word_1_137' title='bbox 427 2781 584 2867; x_wconf 79' lang='lat' dir='ltr'><strong>princeps,</strong></span> <span class='ocrx_word' id='word_1_138' title='bbox 603 2781 733 2846; x_wconf 88' lang='lat' dir='ltr'><strong>firmant</strong></span> <span class='ocrx_word' id='word_1_139' title='bbox 753 2803 853 2846; x_wconf 80' lang='lat' dir='ltr'><strong>omnes</strong></span> <span class='ocrx_word' id='word_1_140' title='bbox 871 2792 990 2866; x_wconf 85' lang='lat' dir='ltr'><strong>praeter</strong></span> <span class='ocrx_word' id='word_1_141' title='bbox 1011 2804 1109 2845; x_wconf 90' lang='lat' dir='ltr'><strong>unum</strong></span> <span class='ocrx_word' id='word_1_142' title='bbox 1122 2781 1184 2846; x_wconf 80' lang='lat' dir='ltr'><strong>eod.</strong></span> <span class='ocrx_word' id='word_1_143' title='bbox 1203 2800 1276 2865; x_wconf 80' lang='lat'><strong>205.</strong></span> <span class='ocrx_word' id='word_1_144' title='bbox 1291 2803 1356 2846; x_wconf 78' lang='lat' dir='ltr'><strong>mo·</strong></span> 
     </span>
     <span class='ocr_line' id='line_1_20' title="bbox 308 2885 1354 2970; baseline 0 -23"><span class='ocrx_word' id='word_1_145' title='bbox 308 2885 468 2968; x_wconf 69' lang='grc' dir='ltr'>υυοοτυρίί.</span> <span class='ocrx_word' id='word_1_146' title='bbox 515 2885 595 2948; x_wconf 83' lang='lat' dir='ltr'><strong>Mox</strong></span> <span class='ocrx_word' id='word_1_147' title='bbox 615 2885 758 2949; x_wconf 79' lang='lat' dir='ltr'><strong>codicum</strong></span> <span class='ocrx_word' id='word_1_148' title='bbox 778 2907 932 2950; x_wconf 80' lang='lat' dir='ltr'><strong>consensu</strong></span> <span class='ocrx_word' id='word_1_149' title='bbox 955 2894 1095 2958; x_wconf 76' lang='lat' dir='ltr'><strong>coaetus,</strong></span> <span class='ocrx_word' id='word_1_150' title='bbox 1116 2907 1179 2949; x_wconf 89' lang='lat' dir='ltr'><strong>uno</strong></span> <span class='ocrx_word' id='word_1_151' title='bbox 1200 2885 1261 2948; x_wconf 89' lang='lat' dir='ltr'><strong>hoe</strong></span> <span class='ocrx_word' id='word_1_152' title='bbox 1282 2902 1354 2970; x_wconf 82' lang='lat'><strong>205.</strong></span> 
     </span>
     <span class='ocr_line' id='line_1_21' title="bbox 308 2986 1356 3070; baseline 0.005 -22"><span class='ocrx_word' id='word_1_153' title='bbox 308 2987 500 3070; x_wconf 85' lang='lat' dir='ltr'><strong>refragante,</strong></span> <span class='ocrx_word' id='word_1_154' title='bbox 509 2986 651 3050; x_wconf 86' lang='lat' dir='ltr'><strong>ordinem</strong></span> <span class='ocrx_word' id='word_1_155' title='bbox 663 2988 831 3051; x_wconf 85' lang='lat' dir='ltr'><strong>verborum</strong></span> <span class='ocrx_word' id='word_1_156' title='bbox 846 2988 949 3068; x_wconf 77' lang='grc' dir='ltr'>καιρὸν</span> <span class='ocrx_word' id='word_1_157' title='bbox 964 2987 1041 3052; x_wconf 74' lang='grc' dir='ltr'>εἶναι</span> <span class='ocrx_word' id='word_1_158' title='bbox 1055 2988 1174 3068; x_wconf 76' lang='grc' dir='ltr'>κέρδους</span> <span class='ocrx_word' id='word_1_159' title='bbox 1186 2986 1219 3050; x_wconf 91' lang='lat' dir='ltr'><strong>in</strong></span> <span class='ocrx_word' id='word_1_160' title='bbox 1235 2986 1356 3067; x_wconf 76' lang='grc' dir='ltr'>κέρδους</span> 
     </span>
     <span class='ocr_line' id='line_1_22' title="bbox 310 3089 1353 3175; baseline 0.001 -24"><span class='ocrx_word' id='word_1_161' title='bbox 310 3091 412 3167; x_wconf 81' lang='grc' dir='ltr'>καιρὸν</span> <span class='ocrx_word' id='word_1_162' title='bbox 432 3091 509 3152; x_wconf 75' lang='grc' dir='ltr'>εἶναι</span> <span class='ocrx_word' id='word_1_163' title='bbox 529 3089 670 3165; x_wconf 81' lang='lat' dir='ltr'><strong>mutavi3</strong></span> <span class='ocrx_word' id='word_1_164' title='bbox 694 3089 750 3152; x_wconf 88' lang='lat' dir='ltr'><strong>ubi</strong></span> <span class='ocrx_word' id='word_1_165' title='bbox 768 3091 867 3156; x_wconf 74' lang='grc' dir='ltr'>αὐτοῖς</span> <span class='ocrx_word' id='word_1_166' title='bbox 888 3110 946 3175; x_wconf 87' lang='lat' dir='ltr'><strong>pro</strong></span> <span class='ocrx_word' id='word_1_167' title='bbox 965 3093 1080 3156; x_wconf 80' lang='grc' dir='ltr'>ἑαυτοῖς</span> <span class='ocrx_word' id='word_1_168' title='bbox 1094 3089 1157 3154; x_wconf 75' lang='lat' dir='ltr'><strong>cod.</strong></span> <span class='ocrx_word' id='word_1_169' title='bbox 1174 3089 1353 3154; x_wconf 77' lang='lat' dir='ltr'><strong>vetustIssi·</strong></span> 
     </span>
     <span class='ocr_line' id='line_1_23' title="bbox 308 3185 1354 3274; baseline 0.002 -24"><span class='ocrx_word' id='word_1_170' title='bbox 308 3209 378 3252; x_wconf 92' lang='lat' dir='ltr'><strong>mus</strong></span> <span class='ocrx_word' id='word_1_171' title='bbox 398 3191 448 3252; x_wconf 82' lang='lat'><strong>26.</strong></span> <span class='ocrx_word' id='word_1_172' title='bbox 472 3188 582 3265; x_wconf 83' lang='lat' dir='ltr'><strong>habet,</strong></span> <span class='ocrx_word' id='word_1_173' title='bbox 599 3210 721 3254; x_wconf 84' lang='lat' dir='ltr'><strong>noanon</strong></span> <span class='ocrx_word' id='word_1_174' title='bbox 744 3190 834 3253; x_wconf 71' lang='lat' dir='ltr'><strong>sodes</strong></span> <span class='ocrx_word' id='word_1_175' title='bbox 853 3191 928 3274; x_wconf 80' lang='lat'><strong>625.</strong></span> <span class='ocrx_word' id='word_1_176' title='bbox 949 3186 1142 3254; x_wconf 80' lang='lat' dir='ltr'><strong>Rawlinsoni</strong></span> <span class='ocrx_word' id='word_1_177' title='bbox 1163 3186 1197 3252; x_wconf 90' lang='lat' dir='ltr'><strong>in</strong></span> <span class='ocrx_word' id='word_1_178' title='bbox 1218 3190 1289 3253; x_wconf 83' lang='lat' dir='ltr'><strong>ead.</strong></span> <span class='ocrx_word' id='word_1_179' title='bbox 1309 3185 1354 3252; x_wconf 80' lang='lat' dir='ltr'><strong>bi·</strong></span> 
     </span>
     <span class='ocr_line' id='line_1_24' title="bbox 308 3290 1353 3376; baseline 0.002 -23"><span class='ocrx_word' id='word_1_180' title='bbox 308 3290 420 3354; x_wconf 90' lang='lat' dir='ltr'><strong>blioth.</strong></span> <span class='ocrx_word' id='word_1_181' title='bbox 443 3290 535 3356; x_wconf 88' lang='lat' dir='ltr'><strong>Bodl.</strong></span> <span class='ocrx_word' id='word_1_182' title='bbox 560 3313 644 3355; x_wconf 90' lang='lat' dir='ltr'><strong>nuno</strong></span> <span class='ocrx_word' id='word_1_183' title='bbox 673 3291 842 3376; x_wconf 86' lang='lat' dir='ltr'><strong>repositus.</strong></span> <span class='ocrx_word' id='word_1_184' title='bbox 897 3292 979 3356; x_wconf 89' lang='lat' dir='ltr'><strong>Mox</strong></span> <span class='ocrx_word' id='word_1_185' title='bbox 1005 3292 1059 3355; x_wconf 86' lang='grc' dir='ltr'><strong>τὸυ</strong></span> <span class='ocrx_word' id='word_1_186' title='bbox 1085 3292 1187 3370; x_wconf 81' lang='grc' dir='ltr'>κοιράυ</span> <span class='ocrx_word' id='word_1_187' title='bbox 1209 3292 1264 3353; x_wconf 89' lang='grc' dir='ltr'><strong>τὸυ</strong></span> <span class='ocrx_word' id='word_1_188' title='bbox 1287 3296 1353 3356; x_wconf 81' lang='grc' dir='ltr'>τοῖς</span> 
     </span>
     <span class='ocr_line' id='line_1_25' title="bbox 308 3392 1207 3477; baseline 0.001 -24"><span class='ocrx_word' id='word_1_189' title='bbox 308 3396 401 3454; x_wconf 77' lang='grc' dir='ltr'>πᾶσιν</span> <span class='ocrx_word' id='word_1_190' title='bbox 416 3398 551 3475; x_wconf 75' lang='lat' dir='ltr'><strong>praestat</strong></span> <span class='ocrx_word' id='word_1_191' title='bbox 566 3392 742 3468; x_wconf 78' lang='lat' dir='ltr'><strong>Pedaliem,</strong></span> <span class='ocrx_word' id='word_1_192' title='bbox 757 3399 791 3456; x_wconf 87' lang='lat' dir='ltr'><strong>et</strong></span> <span class='ocrx_word' id='word_1_193' title='bbox 806 3392 923 3477; x_wconf 64' lang='lat' dir='ltr'><strong>Syllam</strong></span> <span class='ocrx_word' id='word_1_194' title='bbox 938 3399 1000 3458; x_wconf 83' lang='grc' dir='ltr'>τοῖς</span> <span class='ocrx_word' id='word_1_195' title='bbox 1015 3400 1090 3456; x_wconf 86' lang='lat' dir='ltr'><strong>ante</strong></span> <span class='ocrx_word' id='word_1_196' title='bbox 1104 3397 1207 3454; x_wconf 79' lang='grc' dir='ltr'><strong>πᾶσιν.</strong></span> 
     </span>
    </p>

    <p class='ocr_par' dir='ltr' id='par_1_6' title="bbox 304 3476 1354 4385">
     <span class='ocr_line' id='line_1_26' title="bbox 351 3476 1351 3579; baseline 0.002 -26"><span class='ocrx_word' id='word_1_197' title='bbox 351 3491 435 3555; x_wconf 77' lang='lat' dir='ltr'><strong>nia.</strong></span> <span class='ocrx_word' id='word_1_198' title='bbox 450 3476 478 3553; x_wconf 66' lang='grc' dir='ltr'><strong>ιζ</strong></span> <span class='ocrx_word' id='word_1_199' title='bbox 493 3495 540 3556; x_wconf 80' lang='lat'><strong>1⁶.</strong></span> <span class='ocrx_word' id='word_1_200' title='bbox 563 3495 611 3556; x_wconf 58' lang='lat' dir='ltr'><strong>xe</strong></span> <span class='ocrx_word' id='word_1_201' title='bbox 630 3493 804 3574; x_wconf 58' lang='lat' dir='ltr'><strong>nepsam</strong></span> <span class='ocrx_word' id='word_1_202' title='bbox 821 3490 961 3577; x_wconf 69' lang='lat' dir='ltr'><strong>amm]</strong></span> <span class='ocrx_word' id='word_1_203' title='bbox 984 3493 1042 3556; x_wconf 74' lang='grc' dir='ltr'><strong>κο</strong></span> <span class='ocrx_word' id='word_1_204' title='bbox 1058 3512 1119 3579; x_wconf 76' lang='lat' dir='ltr'><strong>pro</strong></span> <span class='ocrx_word' id='word_1_205' title='bbox 1138 3491 1206 3556; x_wconf 73' lang='lat' dir='ltr'><strong>osa</strong></span> <span class='ocrx_word' id='word_1_206' title='bbox 1224 3512 1264 3555; x_wconf 71' lang='lat' dir='ltr'><strong>ex</strong></span> <span class='ocrx_word' id='word_1_207' title='bbox 1279 3491 1351 3555; x_wconf 73' lang='lat' dir='ltr'><strong>ee.</strong></span> 
     </span>
     <span class='ocr_line' id='line_1_27' title="bbox 307 3591 1354 3680; baseline 0.003 -25"><span class='ocrx_word' id='word_1_208' title='bbox 307 3591 361 3655; x_wconf 78' lang='lat' dir='ltr'><strong>los</strong></span> <span class='ocrx_word' id='word_1_209' title='bbox 385 3593 508 3677; x_wconf 67' lang='lat' dir='ltr'><strong>seraptis</strong></span> <span class='ocrx_word' id='word_1_210' title='bbox 534 3596 606 3678; x_wconf 88' lang='lat'><strong>158.</strong></span> <span class='ocrx_word' id='word_1_211' title='bbox 631 3601 665 3658; x_wconf 91' lang='lat' dir='ltr'><strong>et</strong></span> <span class='ocrx_word' id='word_1_212' title='bbox 691 3611 761 3680; x_wconf 80' lang='lat'><strong>195.</strong></span> <span class='ocrx_word' id='word_1_213' title='bbox 785 3595 962 3671; x_wconf 84' lang='lat' dir='ltr'><strong>emendavi,</strong></span> <span class='ocrx_word' id='word_1_214' title='bbox 987 3591 1035 3658; x_wconf 89' lang='lat' dir='ltr'><strong>ita</strong></span> <span class='ocrx_word' id='word_1_215' title='bbox 1060 3601 1203 3658; x_wconf 81' lang='lat' dir='ltr'><strong>vertente</strong></span> <span class='ocrx_word' id='word_1_216' title='bbox 1229 3612 1354 3679; x_wconf 87' lang='lat' dir='ltr'><strong>quoque</strong></span> 
     </span>
     <span class='ocr_line' id='line_1_28' title="bbox 306 3694 1354 3790; baseline 0.004 -34"><span class='ocrx_word' id='word_1_217' title='bbox 306 3694 447 3757; x_wconf 85' lang='lat' dir='ltr'><strong>aodioem</strong></span> <span class='ocrx_word' id='word_1_218' title='bbox 472 3717 562 3759; x_wconf 88' lang='lat' dir='ltr'><strong>suurn</strong></span> <span class='ocrx_word' id='word_1_219' title='bbox 586 3697 728 3790; x_wconf 76' lang='grc' dir='ltr'>ῌυυοοίυ,</span> <span class='ocrx_word' id='word_1_220' title='bbox 750 3705 778 3759; x_wconf 76' lang='lat' dir='ltr'><strong>ot</strong></span> <span class='ocrx_word' id='word_1_221' title='bbox 799 3718 925 3781; x_wconf 73' lang='lat' dir='ltr'><strong>quornm</strong></span> <span class='ocrx_word' id='word_1_222' title='bbox 946 3695 1137 3783; x_wconf 71' lang='lat' dir='ltr'><strong>improbitati</strong></span> <span class='ocrx_word' id='word_1_223' title='bbox 1158 3695 1240 3760; x_wconf 71' lang='lat' dir='ltr'><strong>mitit</strong></span> <span class='ocrx_word' id='word_1_224' title='bbox 1255 3699 1354 3780; x_wconf 71' lang='lat' dir='ltr'><strong>potest</strong></span> 
     </span>
     <span class='ocr_line' id='line_1_29' title="bbox 305 3793 1352 3883; baseline 0.002 -25"><span class='ocrx_word' id='word_1_225' title='bbox 305 3796 413 3878; x_wconf 72' lang='lat' dir='ltr'><strong>adjici.</strong></span> <span class='ocrx_word' id='word_1_226' title='bbox 457 3796 552 3861; x_wconf 84' lang='lat' dir='ltr'><strong>Nulla</strong></span> <span class='ocrx_word' id='word_1_227' title='bbox 566 3803 658 3862; x_wconf 87' lang='lat' dir='ltr'><strong>extat</strong></span> <span class='ocrx_word' id='word_1_228' title='bbox 672 3798 829 3882; x_wconf 89' lang='lat' dir='ltr'><strong>partioula</strong></span> <span class='ocrx_word' id='word_1_229' title='bbox 843 3798 877 3861; x_wconf 91' lang='lat' dir='ltr'><strong>in</strong></span> <span class='ocrx_word' id='word_1_230' title='bbox 890 3798 990 3863; x_wconf 75' lang='lat' dir='ltr'><strong>eodim</strong></span> <span class='ocrx_word' id='word_1_231' title='bbox 1004 3797 1058 3862; x_wconf 92' lang='lat' dir='ltr'><strong>illo</strong></span> <span class='ocrx_word' id='word_1_232' title='bbox 1075 3801 1127 3872; x_wconf 85' lang='lat'><strong>26,</strong></span> <span class='ocrx_word' id='word_1_233' title='bbox 1143 3798 1206 3883; x_wconf 84' lang='lat' dir='ltr'><strong>qul,</strong></span> <span class='ocrx_word' id='word_1_234' title='bbox 1222 3805 1260 3862; x_wconf 87' lang='lat' dir='ltr'><strong>ut</strong></span> <span class='ocrx_word' id='word_1_235' title='bbox 1274 3793 1352 3873; x_wconf 83' lang='lat' dir='ltr'><strong>dixi,</strong></span> 
     </span>
     <span class='ocr_line' id='line_1_30' title="bbox 305 3886 1353 3982; baseline 0.001 -22"><span class='ocrx_word' id='word_1_236' title='bbox 305 3895 535 3960; x_wconf 86' lang='lat' dir='ltr'><strong>vetustissimus</strong></span> <span class='ocrx_word' id='word_1_237' title='bbox 549 3905 608 3960; x_wconf 86' lang='lat' dir='ltr'><strong>est.</strong></span> <span class='ocrx_word' id='word_1_238' title='bbox 655 3897 891 3981; x_wconf 85' lang='lat' dir='ltr'><strong>Interpretatus</strong></span> <span class='ocrx_word' id='word_1_239' title='bbox 905 3905 955 3962; x_wconf 84' lang='lat' dir='ltr'><strong>est</strong></span> <span class='ocrx_word' id='word_1_240' title='bbox 971 3905 1079 3961; x_wconf 90' lang='lat' dir='ltr'><strong>autem</strong></span> <span class='ocrx_word' id='word_1_241' title='bbox 1094 3898 1248 3974; x_wconf 84' lang='lat' dir='ltr'><strong>Zonaras,</strong></span> <span class='ocrx_word' id='word_1_242' title='bbox 1263 3886 1353 3982; x_wconf 66' lang='lat' dir='ltr'><strong>post</strong></span> 
     </span>
     <span class='ocr_line' id='line_1_31' title="bbox 306 3997 1350 4081; baseline 0 -20"><span class='ocrx_word' id='word_1_243' title='bbox 306 4020 366 4081; x_wconf 88' lang='lat' dir='ltr'><strong>que</strong></span> <span class='ocrx_word' id='word_1_244' title='bbox 381 4019 454 4060; x_wconf 89' lang='lat' dir='ltr'><strong>eum</strong></span> <span class='ocrx_word' id='word_1_245' title='bbox 468 3997 642 4074; x_wconf 83' lang='lat' dir='ltr'><strong>Blastares,</strong></span> <span class='ocrx_word' id='word_1_246' title='bbox 655 4001 703 4062; x_wconf 84' lang='grc' dir='ltr'><strong>καὶ</strong></span> <span class='ocrx_word' id='word_1_247' title='bbox 716 3997 814 4077; x_wconf 80' lang='grc' dir='ltr'>πάσης</span> <span class='ocrx_word' id='word_1_248' title='bbox 828 4000 953 4065; x_wconf 75' lang='grc' dir='ltr'>ἀτοπίας</span> <span class='ocrx_word' id='word_1_249' title='bbox 968 3998 1114 4062; x_wconf 73' lang='grc' dir='ltr'>ἐπίκοινα.</span> <span class='ocrx_word' id='word_1_250' title='bbox 1154 3997 1213 4062; x_wconf 90' lang='lat' dir='ltr'><strong>Ille</strong></span> <span class='ocrx_word' id='word_1_251' title='bbox 1228 3998 1350 4062; x_wconf 80' lang='lat' dir='ltr'><strong>interes</strong></span> 
     </span>
     <span class='ocr_line' id='line_1_32' title="bbox 304 4099 1351 4182; baseline 0 -20"><span class='ocrx_word' id='word_1_252' title='bbox 304 4099 395 4162; x_wconf 80' lang='lat' dir='ltr'><strong>codes</strong></span> <span class='ocrx_word' id='word_1_253' title='bbox 409 4101 481 4182; x_wconf 82' lang='lat'><strong>625.</strong></span> <span class='ocrx_word' id='word_1_254' title='bbox 502 4099 576 4161; x_wconf 91' lang='lat' dir='ltr'><strong>olim</strong></span> <span class='ocrx_word' id='word_1_255' title='bbox 593 4099 867 4163; x_wconf 79' lang='lat' dir='ltr'><strong>Itawlimooianos</strong></span> <span class='ocrx_word' id='word_1_256' title='bbox 886 4101 935 4162; x_wconf 79' lang='grc' dir='ltr'><strong>καὶ</strong></span> <span class='ocrx_word' id='word_1_257' title='bbox 955 4100 1075 4176; x_wconf 77' lang='grc' dir='ltr'>πολλὴν</span> <span class='ocrx_word' id='word_1_258' title='bbox 1092 4099 1267 4179; x_wconf 72' lang='grc' dir='ltr'>ὑπερβολὴν</span> <span class='ocrx_word' id='word_1_259' title='bbox 1286 4119 1351 4162; x_wconf 85' lang='lat' dir='ltr'><strong>una</strong></span> 
     </span>
     <span class='ocr_line' id='line_1_33' title="bbox 304 4191 1351 4284; baseline -0.002 -22"><span class='ocrx_word' id='word_1_260' title='bbox 304 4221 376 4262; x_wconf 85' lang='lat' dir='ltr'><strong>eum</strong></span> <span class='ocrx_word' id='word_1_261' title='bbox 390 4199 588 4262; x_wconf 67' lang='lat' dir='ltr'><strong>Amsteoiaoo</strong></span> <span class='ocrx_word' id='word_1_262' title='bbox 602 4198 737 4284; x_wconf 75' lang='lat' dir='ltr'><strong>Symoprs&#39;</strong></span> <span class='ocrx_word' id='word_1_263' title='bbox 753 4197 862 4261; x_wconf 81' lang='lat' dir='ltr'><strong>habet.</strong></span> <span class='ocrx_word' id='word_1_264' title='bbox 907 4196 1052 4280; x_wconf 86' lang='lat' dir='ltr'><strong>Denique</strong></span> <span class='ocrx_word' id='word_1_265' title='bbox 1072 4217 1131 4281; x_wconf 89' lang='lat' dir='ltr'><strong>pro</strong></span> <span class='ocrx_word' id='word_1_266' title='bbox 1151 4194 1274 4262; x_wconf 84' lang='grc' dir='ltr'>ἀτοπίας</span> <span class='ocrx_word' id='word_1_267' title='bbox 1294 4191 1351 4260; x_wconf 86' lang='lat' dir='ltr'><strong>mi-</strong></span> 
     </span>
     <span class='ocr_line' id='line_1_34' title="bbox 304 4292 1349 4385; baseline -0.002 -22"><span class='ocrx_word' id='word_1_268' title='bbox 304 4322 363 4364; x_wconf 89' lang='lat' dir='ltr'><strong>nus</strong></span> <span class='ocrx_word' id='word_1_269' title='bbox 386 4299 549 4385; x_wconf 83' lang='lat' dir='ltr'><strong>eleganter</strong></span> <span class='ocrx_word' id='word_1_270' title='bbox 571 4302 715 4377; x_wconf 75' lang='grc' dir='ltr'>ἀσεβείας</span> <span class='ocrx_word' id='word_1_271' title='bbox 737 4299 821 4363; x_wconf 88' lang='lat' dir='ltr'><strong>idem</strong></span> <span class='ocrx_word' id='word_1_272' title='bbox 843 4298 933 4364; x_wconf 80' lang='lat' dir='ltr'><strong>eodem</strong></span> <span class='ocrx_word' id='word_1_273' title='bbox 955 4302 1030 4383; x_wconf 84' lang='lat'><strong>625,</strong></span> <span class='ocrx_word' id='word_1_274' title='bbox 1054 4299 1110 4363; x_wconf 88' lang='lat' dir='ltr'><strong>sed</strong></span> <span class='ocrx_word' id='word_1_275' title='bbox 1134 4296 1264 4364; x_wconf 77' lang='grc' dir='ltr'>ἀσωτίας</span> <span class='ocrx_word' id='word_1_276' title='bbox 1285 4292 1349 4362; x_wconf 79' lang='lat' dir='ltr'><strong>eod.</strong></span> 
     </span>
    </p>
   </div>
   <div class='ocr_carea' id='block_1_5' title="bbox 304 4399 1351 4687">
    <p class='ocr_par' dir='ltr' id='par_1_7' title="bbox 304 4399 1351 4687">
     <span class='ocr_line' id='line_1_35' title="bbox 308 4399 1350 4501; baseline -0.003 -37"><span class='ocrx_word' id='word_1_277' title='bbox 308 4423 318 4464; x_wconf 82' lang='grc' dir='ltr'><strong>ι</strong></span> <span class='ocrx_word' id='word_1_278' title='bbox 325 4402 379 4486; x_wconf 88' lang='lat'><strong>58.</strong></span> <span class='ocrx_word' id='word_1_279' title='bbox 417 4399 581 4465; x_wconf 84' lang='lat' dir='ltr'><strong>Exhibeat</strong></span> <span class='ocrx_word' id='word_1_280' title='bbox 601 4401 649 4464; x_wconf 79' lang='grc' dir='ltr'><strong>καὶ</strong></span> <span class='ocrx_word' id='word_1_281' title='bbox 667 4402 735 4465; x_wconf 74' lang='grc' dir='ltr'>οὐδὲ</span> <span class='ocrx_word' id='word_1_282' title='bbox 752 4400 937 4482; x_wconf 68' lang='grc' dir='ltr'>ὑπερβολὴν,</span> <span class='ocrx_word' id='word_1_283' title='bbox 953 4420 1025 4484; x_wconf 82' lang='lat' dir='ltr'><strong>quae</strong></span> <span class='ocrx_word' id='word_1_284' title='bbox 1045 4399 1139 4464; x_wconf 78' lang='lat' dir='ltr'><strong>lentio</strong></span> <span class='ocrx_word' id='word_1_285' title='bbox 1159 4399 1275 4501; x_wconf 73' lang='lat' dir='ltr'><strong>duplex¹</strong></span> <span class='ocrx_word' id='word_1_286' title='bbox 1290 4405 1350 4476; x_wconf 86' lang='lat' dir='ltr'><strong>est,</strong></span> 
     </span>
     <span class='ocr_line' id='line_1_36' title="bbox 304 4501 663 4587; baseline 0 -21"><span class='ocrx_word' id='word_1_287' title='bbox 304 4501 472 4566; x_wconf 75' lang='lat' dir='ltr'><strong>Pedalium</strong></span> <span class='ocrx_word' id='word_1_288' title='bbox 486 4508 521 4566; x_wconf 87' lang='lat' dir='ltr'><strong>et</strong></span> <span class='ocrx_word' id='word_1_289' title='bbox 536 4501 663 4587; x_wconf 65' lang='lat' dir='ltr'><strong>Syllam.</strong></span> 
     </span>
     <span class='ocr_line' id='line_1_37' title="bbox 347 4597 1351 4687; baseline 0.003 -24"><span class='ocrx_word' id='word_1_290' title='bbox 347 4602 383 4664; x_wconf 89' lang='lat' dir='ltr'><strong>P.</strong></span> <span class='ocrx_word' id='word_1_291' title='bbox 402 4620 476 4685; x_wconf 85' lang='lat'><strong>259.</strong></span> <span class='ocrx_word' id='word_1_292' title='bbox 495 4602 515 4665; x_wconf 93' lang='lat' dir='ltr'><strong>l.</strong></span> <span class='ocrx_word' id='word_1_293' title='bbox 538 4620 566 4665; x_wconf 85' lang='lat'><strong>2.</strong></span> <span class='ocrx_word' id='word_1_294' title='bbox 585 4603 653 4668; x_wconf 78' lang='grc' dir='ltr'>τοὺς</span> <span class='ocrx_word' id='word_1_295' title='bbox 668 4599 873 4687; x_wconf 74' lang='grc' dir='ltr'>προεστῶτας]</span> <span class='ocrx_word' id='word_1_296' title='bbox 892 4601 1028 4665; x_wconf 85' lang='lat' dir='ltr'><strong>Nomine</strong></span> <span class='ocrx_word' id='word_1_297' title='bbox 1040 4600 1279 4686; x_wconf 74' lang='lat' dir='ltr'><strong>proesidemtiam</strong></span> <span class='ocrx_word' id='word_1_298' title='bbox 1299 4597 1351 4666; x_wconf 84' lang='lat' dir='ltr'><strong>hio</strong></span> 
     </span>
    </p>
   </div>
   <div class='ocr_carea' id='block_1_6' title="bbox 0 0 1854 5667">
    <p class='ocr_par' dir='ltr' id='par_1_8' title="bbox 0 0 1854 5667">
     <span class='ocr_line' id='line_1_38' title="bbox 0 0 1854 5667; baseline 0 2"><span class='ocrx_word' id='word_1_299' title='bbox 0 0 1854 5667; x_wconf 95' lang='lat' dir='ltr'><strong> </strong></span> 
     </span>
    </p>
   </div>
  </div>
 </body>
</html>
