3700 5667
410 668 515 732 SYN.
531 668 762 733 ANTIOCH.
779 669 887 731 ADV.
904 669 1109 732 PAULUM
1133 667 1297 732 SAMOS.
1342 668 1407 732 815

360 838 463 917 ἐπειδὴ
485 841 527 915 δὲ,
544 840 582 907 ὣς
604 840 689 903 αύτοί
708 847 795 920 φασι·
818 837 872 916 τὴν
891 839 949 920 γὰρ
969 835 1133 914 ἑπιστολην
1151 835 1204 899 ούκ
1223 836 1319 918 ἔσχον
1337 836 1407 919 lyei·

359 950 390 1011 ol
404 949 459 1012 τὸν
473 949 653 1028 Σαμοσατέα
668 950 894 1028 κατακρίναντες
909 949 1066 1011 ἐπίσκοποι
1080 951 1248 1027 γράφοντες
1263 944 1405 1026 εἰρήκασι,

360 1058 399 1137 μὴ
413 1058 489 1123 εἶναι
504 1062 664 1138 ὁμοούσιον
678 1060 732 1121 τὸν
746 1056 811 1121 υἱὸν
826 1060 866 1141 τῷ
884 1057 982 1138 πατρὶ,
1000 1056 1049 1120 καί
1065 1055 1173 1119 λοιπὸν
1187 1054 1269 1118 αὐτοὶ
1288 1057 1337 1118 διὸ
1353 1054 1409 1134 τὴν

360 1168 433 1247 πρὸς
446 1168 514 1235 τοὺς
529 1169 680 1249 εἰρηκότας
695 1166 858 1245 εύλάβειάν
872 1191 905 1230 τε
921 1167 968 1229 καὶ
983 1165 1078 1244 τιμὴν,
1089 1166 1162 1228 otro
1177 1163 1245 1244 περὶ
1258 1163 1313 1242 τὴν
1322 1164 1409 1243 λέξιν

332 1276 529 1350 5διάκεινται,
547 1279 640 1341 καλὸν
658 1275 720 1358 μετ’
737 1277 833 1340 αὐτῶν
848 1284 898 1340 dte.
915 1283 967 1340 dcc.
1011 1282 1053 1340 Et
1072 1293 1173 1360 postea
1194 1302 1259 1361 pag.
1275 1281 1345 1348 759.
1366 1277 1408 1339 Ol

358 1388 415 1463 μὲν
437 1386 491 1449 τὸν
513 1386 693 1466 Σαμοσατέα
715 1387 893 1451 καθελόντες
915 1390 1086 1462 σωματικῶς
1107 1383 1349 1462 ἐκλαμβάνοντες
1370 1384 1405 1447 τὸ

358 1497 528 1571 ὀμοούσιον,
548 1500 599 1557 τοῦ
620 1496 745 1558 Παύλου
765 1495 947 1575 σοφίζεσθαί
964 1519 997 1556 τε
1018 1493 1159 1561 θέλοντος
1181 1496 1229 1556 καί
1249 1494 1406 1575 λέγοντος,

361 1608 387 1668 εἰ
402 1606 442 1683 μὴ
463 1606 494 1683 ἔξ
514 1604 669 1684 άνθριύπου
691 1603 818 1685 γέγονεν
834 1607 850 1666 ὁ
871 1603 1000 1684 Χριστὸς
1021 1604 1111 1680 Θεὸς,
1127 1604 1234 1667 οὐκοῦν
1248 1605 1406 1683 ὁμοούσιος

361 1717 426 1776 ἔστι
440 1719 479 1800 τῷ
494 1715 591 1795 πατρὶ,
606 1717 653 1778 καὶ
668 1713 782 1795 ἀνάγκη
797 1720 874 1795 τρεῖς
889 1714 993 1780 οὐσίας
1006 1714 1092 1787 εἶναι,
1104 1716 1175 1794 μίαν
1189 1716 1246 1793 μὲν
1260 1739 1408 1796 προηγου-

314 1821 461 1902 ιομίνην,
477 1826 530 1890 τὰς
544 1825 577 1886 δὲ
592 1824 643 1886 δύο
658 1821 694 1902 ἐξ
708 1823 829 1902 ἐκείνης,
846 1827 893 1886 διὰ
908 1822 984 1886 τοῦτ’
1001 1825 1118 1890 εἰκότως
1136 1823 1354 1902 εὐλαβηθέντες
1369 1824 1404 1887 τὸ

361 1937 493 1994 τοιοῦτον
523 1935 661 2014 σόφισμα
689 1938 741 1995 τοῦ
771 1931 981 2011 Σαμοσατέας,
1009 1931 1154 2013 εἰρήκασι,
1178 1932 1218 2011 μὴ
1247 1932 1324 1996 εἶναι
1351 1933 1407 1997 τὸν

359 2042 491 2123 Χριστὸν
506 2044 675 2121 όμοούσιον·
693 2043 746 2106 οὐκ
762 2042 827 2106 ἔστι
842 2046 899 2125 γὰρ
914 2045 1005 2110 οὕτως
1020 2045 1037 2106 ό
1051 2043 1114 2110 υἱὸς
1127 2042 1201 2124 πρὸς
1212 2042 1266 2106 τὸν
1280 2043 1404 2125 πατέρα,

360 2153 398 2219 ὡς
416 2156 529 2219 ἐκεῖνος
547 2154 635 2216 ἐνόει.
658 2155 687 2215 ol
702 2155 734 2215 δὲ
750 2152 804 2231 τὴν
817 2150 978 2232 Ἀρειανὴν
993 2154 1109 2232 αἵρεσιν
1124 2155 1405 2232 ἁναθεματίσαντες,

360 2261 564 2342 θεωρήσαντες
582 2263 637 2339 τὴν
653 2263 837 2343 πανουργίαν
858 2267 908 2325 τοῦ
930 2263 1065 2339 Παύλου,
1083 2263 1130 2326 καὶ
1149 2262 1346 2345 λογισαμένοι
1364 2263 1405 2342 μὴ

314 2401 326 2438 ι
332 2398 348 2456 5
360 2375 450 2438 ούτιος
468 2375 516 2436 καί
535 2373 583 2437 ἐπὶ
603 2379 662 2436 τῶν
680 2373 854 2452 ἀσωμάτων,
872 2375 919 2436 καὶ
937 2373 1070 2452 μάλιστα
1084 2373 1133 2437 ἐπὶ
1151 2378 1234 2437 Θεού
1250 2372 1283 2436 τὸ
1302 2373 1407 2453 ὁμοσύ-

360 2505 428 2544 σιον
447 2482 655 2560 σημαίνεσθαι,
670 2481 868 2562 γινοίσκοντές
887 2507 921 2546 τε
940 2482 980 2561 μὴ
1000 2485 1111 2563 κτίσμα
1125 2491 1175 2547 dic.
1191 2483 1407 2548 δια-εἰκότως

358 2589 492 2672 εἰρήκασι
510 2591 557 2654 καὶ
573 2592 655 2654 αὐτοὶ
670 2593 831 2670 θμοούσιον
845 2593 898 2655 τὸν
912 2595 988 2656 υἰόν.
1011 2599 1133 2658 Iterum.
1177 2591 1299 2669 Ἐπειδὴ
1314 2593 1372 2672 γάρ
1387 2591 1404 2653 θ

359 2702 550 2781 Σαμοσατεὺς
571 2703 702 2782 ἐφρόνει,
723 2702 763 2781 μὴ
785 2702 860 2766 εἶναι
881 2704 938 2784 πρὸ
958 2705 1077 2784 Μαρίας
1095 2702 1149 2766 τὸν
1170 2703 1245 2775 υἰὸν,
1267 2700 1336 2765 ἀλλ’
1353 2698 1403 2765 ἀπ’

359 2809 446 2888 oriris
465 2811 561 2893 ἀρχὴν
581 2810 741 2893 ἐσχηκέναι
760 2817 812 2875 τοῦ
833 2812 919 2886 εἶναι,
937 2814 1040 2876 τούτου
1056 2813 1158 2876 ἕνεκεν
1173 2815 1202 2876 ol
1215 2815 1281 2876 τότε
1296 2819 1404 2876 συνελ-

313 2921 470 2993 αοθόντες,
494 2926 634 2984 καθεῖλον
655 2923 711 3000 μὲν
733 2921 823 2985 αὐτὸν
846 2922 893 2985 καί
915 2922 1062 3003 αἱρετικὸν
1085 2921 1251 3003 ἀπέφηναν.
1282 2922 1350 3003 περὶ
1372 2922 1405 2985 δὲ

359 3034 409 3110 τῆς
429 3035 481 3094 τοῦ
497 3033 562 3094 υἱοῦ
582 3033 717 3111 θεότητος
738 3035 946 3114 ἁπλούστερον
965 3031 1144 3114 γράφοντες,
1160 3032 1195 3096 ού
1209 3031 1405 3114 κατεγένοντα

359 3237 456 3291 autem,
466 3228 556 3298 stipsi
565 3228 736 3293 dicuntnam
745 3230 856 3300 epistola
907 3232 976 3285 lem:
994 3229 1163 3301 nequeenim
1177 3228 1258 3283 Filius
1270 3229 1307 3283 ita
1319 3247 1347 3283 sa
1358 3229 1406 3283 ha·

359 3315 439 3366 penes
457 3317 500 3352 me
517 3317 574 3352 non
591 3300 650 3363 ruit,
666 3301 714 3381 qui
732 3300 856 3354 Samosa·
905 3301 951 3354 bet
974 3310 1097 3369 respectu
1121 3299 1207 3352 Patris
1231 3299 1342 3369 qualiter
1362 3300 1406 3353 illa

358 3377 461 3423 tensem
471 3367 631 3423 damnarunt
639 3371 765 3440 episcopi,
774 3371 857 3439 crip—
906 3369 1048 3440 cogitabat.
1087 3368 1142 3427 Qui
1165 3377 1254 3421 autern
1277 3369 1405 3427 Arianam

314 3454 348 3511 25
359 3446 387 3490 to
399 3437 538 3502 tradidere,
553 3439 648 3492 lilium
662 3440 721 3501 Dei,
731 3456 787 3492 non
799 3457 857 3492 esse
906 3439 1020 3492 haeresin
1044 3437 1210 3491 anathemate
1234 3435 1404 3501 damnarunt,

360 3507 431 3561 Patri
457 3508 726 3570 consubstantialem,
754 3526 784 3562 ac
812 3508 857 3561 de·
906 3525 969 3562 cum
994 3508 1070 3561 Pauli
1093 3506 1261 3561 calliditatem
1285 3505 1404 3560 animad-

359 3595 433 3631 mum
442 3578 502 3647 ipsi,
510 3579 615 3647 pietatis
625 3578 785 3648 honorisque
795 3596 857 3632 cau·
905 3579 1055 3640 vertissent,
1074 3587 1100 3631 et
1119 3579 1273 3648 cogitarent,
1291 3593 1347 3629 non
1368 3576 1406 3635 its

359 3664 389 3700 sa
401 3665 463 3718 erga
472 3649 542 3701 viror
555 3649 600 3718 qui
610 3648 667 3702 haec
677 3647 808 3711 dixerunt,
819 3648 857 3702 sic
907 3647 940 3701 de
949 3648 1119 3717 incorporeis,
1129 3657 1155 3700 et
1167 3645 1280 3701 maxime
1293 3645 1326 3699 de
1337 3646 1406 3711 Deo,

359 3734 408 3786 pro
429 3735 460 3770 ea
479 3735 544 3771 voce
568 3727 632 3771 sunt
653 3719 749 3781 affecti,
770 3735 857 3788 operae
908 3716 1214 3771 consubstantialitatem
1224 3715 1405 3785 accipiendam

309 3801 351 3855 30
359 3787 473 3856 pretium
485 3787 565 3840 luerit
577 3789 619 3857 pie
631 3806 692 3842 cum
705 3789 769 3858 ipsis
782 3806 813 3841 ea
825 3786 858 3842 de
906 3805 972 3850 esse,
983 3797 1208 3869 agnoscentasque
1218 3785 1337 3839 Verbum
1349 3803 1405 3840 non

358 3855 538 3910 redimerem:
553 3858 588 3910 Et
632 3867 695 3911 stes.
723 3857 777 3916 Qui
786 3858 857 3911 enim
907 3857 1218 3928 creaturam,&c.-Jure
1232 3864 1258 3909 et
1275 3856 1326 3926 ipsi
1343 3855 1405 3910 Fili·

360 3925 574 3980 samosatensem
611 3945 746 3996 eposuere,
765 3945 857 3981 vocem
907 3946 955 3981 um
982 3927 1243 3981 consubstantialem
1271 3924 1404 3980 dixerunt.

360 3994 601 4050 consubstantialis
629 3998 757 4066 corporali
784 4015 856 4051 acce·
908 4004 1010 4051 ltenrm.
1047 3996 1116 4050 Cum
1130 3997 1200 4049 enirn
1213 3996 1404 4050 Samosatensis

358 4083 419 4134 pere
438 4065 526 4129 modo,
544 4085 606 4120 cum
625 4066 723 4120 Paulus
742 4068 857 4135 argutari
908 4066 1003 4120 Filium
1017 4067 1125 4119 sentiret
1137 4083 1191 4119 non
1204 4082 1261 4118 esse
1273 4075 1333 4118 ante
1344 4066 1404 4118 Ma-

311 4148 327 4203 3
332 4151 347 4205 5
359 4137 436 4188 vellet
453 4153 484 4189 ac
503 4135 597 4200 dicere,
611 4136 640 4189 si
659 4136 783 4190 Christus
801 4154 856 4189 non
907 4136 982 4199 riam,
996 4135 1042 4189 sed
1054 4135 1088 4189 ab
1100 4136 1145 4188 illa
1156 4135 1261 4187 initium
1274 4134 1403 4191 existendi

358 4223 390 4258 ex
407 4205 515 4259 homine
534 4206 609 4258 Deus
627 4207 713 4259 tactus
731 4215 780 4268 est,
793 4223 856 4275 ergo
906 4207 1046 4274 accepisse,
1070 4204 1169 4258 idcirco
1196 4204 1312 4272 episcopi
1338 4214 1403 4258 tunc

360 4274 600 4328 Consubstantialis
621 4284 660 4328 est
680 4275 760 4337 Patri,
778 4285 875 4346 atque,
905 4275 1068 4345 congregati,
1083 4274 1158 4327 illurn
1175 4271 1364 4341 deposuerunt,
1379 4283 1406 4332 et

357 4343 419 4398 hinc
432 4362 539 4398 necesse
551 4355 603 4398 tres
616 4363 672 4399 esse
685 4345 856 4408 substantias,
905 4345 1059 4399 haereticum
1079 4343 1262 4396 declararunt:
1291 4342 1324 4396 de
1345 4343 1403 4401 Filii

357 4431 439 4468 unam
457 4415 582 4485 priorem,
598 4414 664 4468 duas
682 4432 744 4468 vero
763 4432 793 4468 ex
812 4415 857 4468 illa
905 4424 994 4468 autem
1014 4413 1151 4467 divinitate
1173 4430 1234 4465 cum
1257 4413 1403 4482 simplicius

309 4496 348 4549 40
357 4485 539 4553 procedentes.
571 4485 687 4556 ideoque
699 4482 765 4537 illud
779 4483 855 4537 Pauli
905 4483 1058 4545 criberant,
1067 4482 1101 4535 ad
1114 4491 1262 4536 accuratam
1277 4482 1401 4536 Consob-

357 4555 493 4625 sophisma
519 4554 579 4624 jure
609 4563 740 4615 caventes,
767 4552 855 4607 dixere
905 4554 1034 4607 stantialis
1043 4552 1284 4623 interpretationem
1294 4569 1348 4606 non
1357 4553 1403 4607 de.

357 4623 496 4680 Christum
505 4641 560 4678 non
569 4642 626 4678 esse
634 4623 856 4679 consubstantiat·
904 4631 1043 4686 venerunt,
1063 4621 1110 4678 sed
1129 4632 1160 4677 ut
1177 4631 1352 4695 conceperant
1370 4623 1403 4678 de

841 4728 921 4773 882
