3700 5667
428 1430 475 1524 S.
502 1429 908 1527 l‘AMPHlLUS
944 1432 1250 1528 MARTYR.

741 1720 951 1752 ...ὴ-ν-

437 1949 473 2019 S.
492 1948 714 2022 Humanum
730 1947 807 2022 Lib.
826 1948 883 2021 De
909 1948 1006 2020 Visis
1020 1948 1232 2032 Illustribus,
1314 1931 1316 1934 ⁵

668 2090 743 2158 cap.
762 2067 862 2138 lxxv.
880 2091 914 2160 p.
932 2065 1014 2138 16⁶.

316 2210 646 2324 PAManus
663 2256 854 2350 presbyter,
875 2256 1020 2327 susem
1038 2255 1259 2326 caesasenns
1278 2253 1363 2346 upr-

314 2378 409 2467 scopi
433 2380 686 2461 ⁸nccessarius,
704 2387 805 2449 tanto
829 2376 1081 2450 bbibliothecae
1099 2379 1225 2449 divinae
1241 2401 1361 2448 amore

250 2487 255 2496 ’
314 2500 485 2593 flagravit,
507 2508 550 2570 ut
572 2504 765 2573 maximam
790 2514 928 2596 partem
953 2502 1118 2597 Origenis
1140 2501 1361 2572 voluminum

313 2647 378 2694 sua
407 2648 514 2694 manu
543 2626 776 2718 descripserit,
805 2649 883 2719 quae
914 2649 1027 2719 usque
1058 2626 1163 2696 hodie
1193 2625 1258 2694 ein
1285 2625 1363 2696 Cae-

312 2749 454 2818 sariensi
481 2749 697 2820 bibliotheca
722 2750 907 2822 habentur.
969 2750 1040 2821 Sed
1068 2760 1105 2821 et
1131 2746 1201 2819 ‘¹iu
1227 2749 1361 2819 duode-

312 2872 381 2940 cim
415 2871 604 2963 prophetas
634 2874 759 2966 viginti
792 2874 948 2966 quinque
979 2870 1164 2966 ἐξηγήσεων
1194 2870 1360 2966 Origcnis

308 2996 490 3085 ‚volumina
522 3021 630 3068 manu
665 3000 740 3090 ejus
779 3009 923 3070 exarata
958 3000 1105 3091 repperi,
1141 3020 1222 3090 quae
1258 3006 1358 3068 tanto

311 3121 505 3213 amplector
534 3131 571 3192 et
601 3145 701 3192 servo
731 3123 872 3215 gaudio,
901 3131 943 3191 ut
971 3121 1082 3192 Croesi
1113 3144 1198 3212 opes
1228 3120 1358 3191 habere

311 3267 369 3312 me
398 3247 549 3315 credam.
602 3246 640 3315 Si
668 3247 762 3316 enim
789 3245 917 3316 laetitia
945 3254 1010 3325 est,
1037 3266 1145 3313 unam
1171 3242 1369 3335 epistolam·

311 3366 441 3437 habere
467 3367 640 3459 martyris,
663 3376 797 3459 quanto
823 3368 937 3459 magis
964 3375 1019 3435 tot
1044 3363 1156 3435 millia
1182 3387 1357 3448 versuum,

311 3514 391 3582 quae
421 3491 508 3560 mihi
539 3491 679 3561 videtur
708 3492 762 3560 sui
796 3489 976 3582 sanguinis
1005 3490 1160 3581 signasse
1189 3487 1363 3581 vestigiis..

312 3615 469 3705 Scripsit,
496 3623 686 3705 antequam
717 3613 892 3685 Eusebius
923 3611 1146 3683 Caesariensis
1175 3611 1356 3693 scriberet,

310 3748 325 3779 ⁰
338 3736 614 3830 Apologeticum
632 3760 695 3829 pro
712 3736 878 3830 Origene,
897 3732 960 3807 fet
978 3758 1098 3829 passus
1115 3745 1171 3807 cat
1188 3735 1356 3806 Caesareae

312 3859 506 3930 Palaestina
522 3863 587 3933 sub
604 3863 849 3955 persecutione
868 3859 1070 3931 Maximini.

349 4067 365 4100 ⁸
378 4056 428 4114 Ab
442 4058 496 4116 hoc
510 4058 602 4116 amico
616 4077 669 4115 suo
683 4060 810 4124 Εὐσέβιος
823 4060 838 4113 ὅ
854 4059 1006 4130 Παμφίλου.
1044 4055 1122 4114 Vide
1136 4055 1212 4113 infra
1226 4075 1289 4134 cap.
1302 4055 1354 4114 81.

310 4160 411 4234 (Libri
426 4161 474 4218 De
491 4161 570 4219 Viris
584 4161 649 4230 Ill.)
675 4160 864 4219 Faamcrus.

349 4265 364 4309 b
381 4267 427 4324 De
441 4266 539 4325 studio
554 4267 585 4325 S.
602 4267 747 4343 Pamphili
763 4266 906 4345 Martyris
920 4265 951 4322 in
966 4263 1141 4323 bibliotheca
1156 4263 1295 4322 Cesarea
1309 4264 1354 4321 in·

308 4373 448 4431 struenda
467 4373 567 4430 confer
585 4373 609 4429 si
627 4370 722 4447 placet
739 4389 803 4446 quae
823 4368 860 4426 ad
875 4389 937 4448 cap.
952 4368 1002 4426 81.
1018 4379 1049 4426 et
1068 4367 1133 4425 113.
1176 4366 1235 4426 Sed
1250 4367 1353 4427 biblio·

306 4478 391 4535 theca
412 4477 509 4535 divina
530 4486 574 4535 est
596 4475 748 4554 Scriptura
770 4473 866 4541 Sacra,
888 4483 922 4530 ut
943 4493 969 4531 c.
989 4474 1039 4530 Sl.
1066 4471 1254 4530 Panaretus.
1302 4471 1353 4531 Sic

305 4580 454 4660 appellant
481 4579 664 4639 ecclesiastici
692 4589 825 4637 auctores
853 4575 1035 4655 scripturam
1061 4594 1181 4634 sacram.
1218 4573 1353 4634 Alcimus
