3700 5667
562 655 613 719 IN
639 657 873 720 SYNODUM
898 656 1274 721 ANTIOCHENAM.
1375 663 1440 723 335

396 828 643 903 δὀννοοοίονοονν,
666 849 706 890 ex
732 826 782 889 his
807 826 910 890 verbis
936 834 1159 911 argumentum
1181 827 1330 891 Valesius
1354 837 1441 893 reete

395 929 492 1005 duoit,
509 927 599 1012 enjus
620 928 788 992 adnotatio
811 929 964 1012 sequitur.
1013 929 1109 994 Falsa
1129 939 1179 994 est
1199 930 1297 1015 igitur
1316 953 1352 994 eo
1370 954 1442 1017 sup·
1572 988 1575 994 .

395 1031 539 1117 posititin
556 1030 703 1115 Epistola
721 1030 864 1115 Dionysii
880 1031 1090 1095 Alexandrini
1111 1031 1152 1095 od
1176 1032 1311 1095 Paulum
1332 1033 1442 1098 Samo·

396 1141 565 1204 estensem,
591 1153 662 1217 quae
686 1131 773 1195 edito
797 1139 846 1196 est
868 1131 901 1195 in
923 1144 1012 1196 tomo
1033 1133 1078 1196 xi.
1101 1141 1283 1197 sanctorum
1307 1136 1442 1198 Petrum
1468 1169 1476 1186 ι

396 1257 460 1299 unu
474 1255 547 1298 eum
563 1255 584 1295 x
600 1232 871 1317 propositionibus
883 1234 977 1297 Pauli
990 1234 1234 1312 samosatensis,
1249 1236 1288 1300 ol.
1299 1235 1442 1322 Dionysii

397 1335 439 1399 ud
460 1356 515 1399 eas
536 1331 802 1418 responsionibus.
849 1332 933 1396 Num
958 1334 1074 1398 Patres
1097 1335 1223 1418 quidem
1251 1336 1443 1400 Antiocheni

398 1436 529 1503 Consilii
549 1433 710 1500 affirmant
731 1434 918 1519 Dionysium
940 1457 1004 1499 non
1023 1436 1147 1500 dedisse
1166 1436 1276 1501 literas
1297 1438 1339 1500 ad
1356 1440 1441 1502 Pau·

397 1537 472 1615 lum,
495 1538 550 1601 sed
580 1544 710 1600 tontum
738 1537 780 1599 sd
811 1536 986 1601 Ecclesium
1015 1537 1274 1602 Antiochensem.
1320 1538 1360 1602 In
1389 1539 1444 1604 illo

398 1646 506 1704 eutem
521 1638 667 1724 Epistola
682 1660 752 1723 quae
768 1638 912 1723 Dionysii
933 1638 1059 1703 nomine
1079 1638 1241 1722 publionto
1259 1647 1309 1704 est
1325 1640 1444 1726 Diony·

399 1743 463 1805 sius
481 1741 531 1804 bis
547 1741 648 1804 Paulo
664 1740 826 1823 scripsisse
841 1740 967 1804 dieitur.
1014 1742 1076 1803 Sed
1092 1762 1149 1803 neo
1168 1741 1259 1805 stilus
1279 1741 1362 1805 illius
1380 1742 1444 1827 epi·

399 1842 489 1908 stolae
509 1864 546 1905 ao
567 1841 780 1926 responsionis
801 1840 930 1925 reliquis
950 1841 1094 1927 Dionysii
1115 1842 1241 1928 seriptis
1263 1845 1443 1927 respondet.

400 1943 515 2027 Itaque
534 1964 615 2026 opus
637 1942 715 2006 illud
735 1942 950 2007 adulterinum
970 1965 1048 2016 esse,
1069 1944 1110 2007 ob
1130 1966 1185 2007 ess
1208 1966 1287 2028 quas
1308 1944 1375 2008 dixi
1394 1968 1444 2008 rn-

399 2047 502 2110 tiones
523 2044 601 2108 mihi
623 2044 807 2129 persuadeo,
824 2045 898 2108 lieet
916 2045 1074 2108 Batonius
1095 2067 1167 2109 eum
1185 2044 1364 2133 Epistolsm
1386 2069 1445 2132 pro

398 2170 474 2212 vern
487 2169 525 2211 se
538 2169 691 2233 germana
705 2145 864 2211 habuerit.
888 2149 1048 2210 Vunnsrns.

444 2252 482 2313 P.
498 2268 572 2333 304.
588 2247 609 2311 l.
629 2266 677 2312 12.
698 2249 809 2311 πολλοὶ
831 2249 1007 2332 συνίσασιν]
1028 2250 1139 2312 πολλοὶ
1159 2250 1215 2313 σὺν
1234 2251 1304 2329 ἡμῖν
1321 2252 1446 2315 θννίοή

400 2353 495 2416 Leotl.
511 2358 544 2414 et
558 2349 741 2434 osomphrrio
754 2351 916 2413 Ιουονυουὸ
930 2351 1053 2434 Μονρο.
1085 2350 1189 2414 Addit
1203 2351 1368 2417 Burtonus
1381 2354 1444 2418 eod.

401 2454 510 2518 Puris.
530 2474 557 2518 1.
588 2454 693 2517 Abest
707 2437 818 2516 πολΚοὶ
832 2476 853 2516 o
868 2454 945 2514 MS.
960 2451 1100 2536 Norfhlo.

443 2556 528 2620 Ibid.
543 2556 562 2618 l.
577 2576 626 2640 13.
643 2557 715 2619 ἄνευ
729 2554 809 2620 τινὸς
822 2556 891 2635 περὶ
905 2556 959 2617 τὸν
972 2556 1068 2636 λόγον
1083 2556 1245 2638 λοιδορίας]
1261 2555 1349 2619 Male
1363 2556 1446 2621 huno

400 2658 503 2723 looum
528 2657 625 2721 vertit
652 2656 969 2740 Christophorsonus‚
995 2656 1048 2741 qui
1076 2657 1226 2720 Rufinum
1251 2664 1338 2723 reote
1366 2680 1447 2743 prae-

401 2766 529 2824 euntem
544 2758 632 2842 sequi
647 2757 758 2821 noluit.
803 2756 915 2821 Vertit
935 2757 1019 2821 enim
1039 2758 1104 2821 sine
1122 2759 1189 2822 ullo
1206 2757 1362 2823 vorborum
1381 2782 1448 2823 οον-

401 2862 536 2936 tumelio,
548 2883 620 2925 cum
633 2861 821 2924 vertendum
835 2866 919 2923 esset
933 2860 997 2923 siue
1011 2846 1077 2922 ulls
1091 2861 1245 2945 νοίἰρίονὶο
1258 2871 1367 2925 nootrae
1381 2884 1448 2925 οου-

401 2964 534 3027 tumelia.
558 2963 726 3026 Vsnnsius.

446 3066 527 3129 lbid.
548 3064 568 3128 l.
588 3085 636 3149 15.
660 3063 706 3129 ὑπ’
729 3066 818 3128 αὐτοῦ
841 3064 907 3147 τοῦ]
935 3064 1039 3128 Abest
1062 3065 1151 3128 αὐτοῦ
1174 3085 1195 3127 u
1218 3066 1291 3128 MS.
1306 3065 1445 3148 Norfhlc.

403 3167 601 3251 Syrroelbque.
647 3168 740 3230 Nune
759 3165 851 3230 addit
869 3165 1032 3229 Burtonus
1046 3166 1131 3230 codd.
1149 3166 1259 3230 Ρονίο.
1278 3186 1304 3230 1.
1321 3167 1448 3231 Flemi-

402 3272 556 3353 tinuoque.

447 3370 568 3435 1bid.l.
590 3373 636 3433 16.
659 3369 713 3433 τὸν
736 3369 820 3434 Θεὸν
842 3369 896 3433 τὸν
918 3373 1024 3434 ἑαυτοῦ
1046 3369 1095 3432 καὶ
1118 3370 1227 3450 Κύριον
1249 3369 1443 3453 ἀρνουμένου]

404 3474 555 3559 Speetnre
577 3472 726 3535 videntur
749 3479 859 3556 potres
884 3492 997 3535 comm.
1019 3490 1051 3550 4.
1075 3469 1176 3542 Iuda,
1203 3471 1252 3532 καὶ
1276 3473 1330 3532 τὸν
1354 3473 1449 3549 μόνον

403 3582 550 3655 δεσπότην
571 3575 655 3640 Θεὸν
675 3576 723 3638 καὶ
744 3578 854 3657 Κύρων
873 3576 956 3654 ἡμῶν
968 3572 1089 3651 Ἰησοῦν
1106 3573 1239 3653 Χριστὸν
1254 3574 1448 3654 ἂρνούμενοιτ

405 3681 488 3755 Ηοο,
511 3691 549 3742 ut
574 3677 760 3762 supradixi
786 3678 828 3741 od
851 3676 923 3741 Cin
948 3677 1144 3761 Fragments
1168 3698 1199 3760 p.
1225 3677 1295 3755 148.
1322 3674 1449 3739 lectioni

405 3782 496 3858 Θεὸν,
513 3803 582 3865 quae
602 3781 695 3843 abest
715 3779 841 3864 quidem
862 3802 883 3843 a
897 3778 1041 3864 plurimis
1055 3777 1191 3863 apostoli
1206 3777 1376 3854 codicibus,
1391 3777 1448 3841 sli-

404 3891 561 3968 quatenus
587 3881 816 3966 patrocinatur.
862 3880 993 3944 Abeunt
1015 3880 1112 3943 verbo
1135 3880 1182 3943 καὶ
1205 3881 1316 3960 Κύρων
1336 3901 1357 3942 u
1371 3880 1448 3944 MS.

404 3983 529 4049 Ευνοὸὶὸ
544 3983 638 4047 Bodl.
654 4004 709 4046 seu
724 3982 823 4046 Suoil.
861 3982 967 4045 Addit
983 3982 1147 4045 Burtonus
1161 3981 1245 4044 codd.
1262 3981 1348 4045 Mad.
1363 3981 1449 4043 Mos.

404 4088 511 4152 Fukel.
531 4085 747 4149 Heiniohenus
769 4085 976 4148 Drosdorsem.
1022 4083 1155 4147 Habent
1174 4085 1222 4145 καὶ
1241 4083 1295 4145 τὸν
1313 4083 1379 4145 υἱὸν
1398 4084 1450 4145 οὐ.

404 4195 457 4253 τοῦ
482 4190 547 4270 ἂρν.
576 4186 690 4250 MSSti
716 4185 889 4249 Florentini
916 4186 972 4250 sed
994 4187 1089 4270 prior
1112 4185 1235 4247 illorum
1263 4205 1284 4246 u
1313 4182 1452 4246 secundo

404 4312 511 4353 manu.
557 4290 612 4353 ltu
633 4288 731 4352 vertit
751 4286 887 4351 Rufinus
908 4309 947 4351 ao
969 4287 995 4349 si
1018 4286 1120 4349 solum
1141 4284 1312 4348 invenisset
1331 4284 1452 4346 καὶτὸν

405 4392 489 4457 Θεὸν
503 4391 694 4472 ἀρνουμένου,
706 4390 806 4452 Deum
817 4399 915 4453 aulem
926 4389 1046 4474 munit
1059 4387 1197 4471 aefidem
1210 4386 1243 4447 in
1257 4407 1319 4469 qua
1332 4393 1454 4450 renatus

395 4495 508 4579 suerit.
536 4492 632 4557 Unde
644 4500 770 4556 mututu
785 4514 853 4555 esse
865 4491 1015 4555 videntur
1024 4491 1121 4554 verbe
1132 4511 1152 4552 n
1163 4486 1453 4551 eontrndieentibus

404 4596 477 4660 fidei
504 4595 679 4660 oatbolioae.
729 4592 810 4656 Mox
837 4593 920 4657 infre
946 4597 1213 4657 commemoratur
1236 4590 1254 4668 ἡ
1279 4591 1454 4670 ἆρνηοίθεος
