3700 5667
392 628 458 695 366
720 629 1102 696 ANNOTATIONES

392 804 599 875 servatorum,
611 798 905 863 communicationum
918 798 1101 865 idionctm
1114 799 1256 866 Μυσία
1267 823 1324 867 noc
1337 803 1447 868 incoss-

435 1001 521 1083 Quin
541 999 640 1064 etiam
654 1007 722 1065 tam
742 1001 835 1085 plene
854 1009 1067 1088 wcurateque
1086 1004 1266 1090 composita
1285 1005 1388 1071 irrisae
1404 1008 1448 1071 vi-

393 1105 489 1168 detur
511 1101 656 1175 formula,
678 1108 715 1165 ut
737 1102 862 1166 nonnisi
886 1109 961 1187 post
983 1103 1056 1169 lites
1078 1121 1209 1170 exortas
1232 1105 1446 1173 Nestorianus

393 1204 556 1271 conditam
584 1223 656 1266 eam
684 1224 753 1266 esse
781 1203 911 1287 opinerz
944 1204 1006 1269 etsi
1030 1212 1145 1271 eontra
1168 1207 1375 1292 disputatum
1403 1210 1446 1274 sit

393 1329 414 1371 a
435 1306 473 1370 cl.
490 1303 657 1369 Feverlino
674 1303 708 1366 in
727 1304 858 1368 Discors.
881 1311 958 1370 ante
979 1315 1228 1373 commemorata
1250 1311 1300 1373 Dc
1319 1311 1446 1375 Hoerssi

394 1407 495 1471 Porcii
518 1405 709 1471 Scmosotcui
729 1409 770 1486 ξς.
789 1405 852 1469 viii.
876 1406 976 1472 stix.
1021 1407 1088 1472 Ubi
1111 1409 1190 1473 nihil
1212 1410 1279 1474 iere
1302 1432 1365 1496 pro
1387 1433 1446 1475 sua

393 1507 555 1573 sententia
579 1507 752 1570 statuenda
777 1505 825 1569 vir
849 1507 889 1570 ol.
909 1507 1021 1572 attulit
1046 1517 1165 1594 praetsr
1189 1509 1323 1575 dubiam
1348 1511 1444 1577 iidem

393 1611 519 1675 illorum
539 1607 670 1672 testium
692 1607 745 1692 qui
766 1615 875 1692 patres
890 1608 1110 1674 Antiocheam
1128 1610 1319 1676 vocabulum
1339 1615 1445 1692 dauci

396 1739 464 1778 σιον
475 1710 701 1797 improbavisse
711 1710 892 1787 retulerint,
900 1718 935 1775 et
945 1710 1282 1798 silentiumpostssde
1291 1715 1445 1800 reprobo·

393 1814 481 1880 tione
501 1812 565 1877 ista
586 1811 628 1876 ab
643 1811 776 1876 Arianis
794 1811 871 1896 ipsis
891 1820 1062 1886 senatum,
1078 1812 1111 1876 in
1130 1835 1169 1878 eo
1183 1813 1269 1878 enim
1283 1815 1372 1900 quod
1386 1815 1445 1893 ait,

396 1915 640 1979 Ooatcstctioacm
656 1914 741 1978 otri
758 1913 827 1978 ΟΡ.
848 1914 882 1977 ἰιι
902 1912 1066 1998 Ephesino
1084 1912 1225 1979 Concilio
1244 1916 1447 2002 propositam

394 2017 454 2081 hoc
469 2016 571 2101 ipsum
592 2016 704 2081 afferre
725 2016 914 2100 symbolum,
930 2015 1051 2080 fallitur
1066 2014 1262 2093 Fevsrlinus,
1277 2026 1315 2083 ut
1330 2020 1446 2104 cuique

394 2118 556 2184 constabit
576 2117 745 2182 formulam
766 2117 987 2182 Antiochenam
1010 2117 1169 2183 Matieno
1190 2118 1321 2197 dictam,
1345 2131 1446 2208 atque

394 2221 427 2285 in
446 2220 501 2284 illa
522 2220 648 2304 quidem
670 2221 883 2284 cascaram
900 2220 1019 2305 partim
1040 2221 1241 2307 descriptam,
1258 2244 1331 2287 oum
1352 2224 1446 2302 istoc,

394 2324 435 2388 de
457 2345 520 2408 quo
541 2321 658 2407 agitur,
674 2321 817 2405 symbolo
837 2321 886 2386 vel
907 2321 968 2386 levi
987 2322 1118 2387 braobio
1139 2324 1325 2390 conferenti.
1358 2325 1446 2391 Vide

397 2424 534 2489 Concilio
548 2446 578 2507 p.
594 2424 669 2508 338.
685 2430 762 2487 tom.
779 2422 822 2486 iii.
866 2423 947 2487 Oum
962 2423 1074 2508 majori
1089 2423 1154 2488 veri
1172 2424 1276 2510 specie
1297 2424 1444 2501 dixisset,

395 2525 571 2612 symbolum
592 2524 653 2588 hoo
673 2524 805 2587 indicari
823 2524 855 2587 in
871 2522 988 2589 Libello
1005 2525 1149 2611 Supplicc
1169 2526 1280 2591 Basilii
1295 2526 1445 2606 Diaconi,

396 2651 489 2714 quern
508 2648 606 2711 supra
624 2650 654 2712 p.
670 2630 745 2711 363.
761 2626 943 2690 memoravi.
987 2626 1098 2711 Neque
1119 2628 1297 2693 audiendus
1316 2630 1446 2695 videtur

396 2729 586 2806 Ehrlichius,
614 2729 662 2792 vir
687 2728 801 2791 doctus
827 2727 867 2792 de
893 2750 956 2812 quo
983 2751 1088 2812 supra,
1117 2729 1170 2813 qui
1196 2751 1268 2793 cum
1294 2752 1445 2797 assensus

396 2831 564 2897 Feverlino
586 2839 680 2907 esset,
703 2828 876 2913 spuicam
896 2829 958 2894 hoo
979 2838 1013 2895 et
1035 2831 1193 2895 Matbsma
1214 2832 1443 2912 Antiochorum,

395 2934 480 3017 quod
498 2932 579 2995 Cleri
593 2931 686 2994 affert
704 2931 891 3008 &anemoria
905 2930 1054 2997 habenda
1068 2955 1126 3016 pro
1140 2954 1204 2996 uno
1217 2939 1317 3017 atque
1331 2935 1444 3000 eodem

395 3057 475 3111 esse,
490 3034 636 3117 idemque
655 3033 697 3095 ad
712 3032 879 3097 concilium
896 3043 1011 3098 contra
1032 3037 1276 3099 Samosatenum
1296 3035 1444 3101 habitum

394 3133 606 3210 attribuisset,
622 3133 682 3197 sibi
704 3156 800 3219 porro
822 3157 856 3199 se
876 3135 1068 3219 persuasisse
1086 3136 1144 3215 ait,
1158 3159 1267 3201 vocem
1281 3139 1444 3218 ipooicsov

394 3236 486 3300 initio
505 3243 654 3299 accurate
674 3235 856 3320 exposuisse
877 3244 987 3321 patres
1009 3237 1227 3302 Antiochenos
1249 3238 1443 3322 expositam·

395 3361 456 3425 que
471 3337 651 3413 assensisse,
665 3345 778 3420 postea
790 3343 908 3411 tamen,
922 3358 962 3400 ne
973 3359 1121 3421 perversa
1136 3338 1228 3403 Pauli
1243 3338 1442 3424 expositione

394 3441 491 3506 animi
505 3440 668 3502 hominum
683 3439 912 3513 imbuerentur,
926 3440 968 3502 ab
983 3439 1037 3503 illa
1057 3440 1282 3505 abstinendum
1302 3440 1441 3505 duxisse.

396 3539 467 3602 Vid.
482 3538 562 3601 Not.
578 3539 646 3622 ejus
665 3539 706 3601 ud
722 3538 852 3601 Dissert.
868 3539 917 3601 Dc
931 3537 1098 3603 Erroribus
1113 3540 1213 3603 Pasti
1227 3541 1344 3603 Samos.
1358 3543 1384 3618 5.
1397 3538 1441 3602 ix.

394 3643 444 3702 At
459 3661 533 3702 vero
555 3640 745 3722 conjecturae
768 3638 908 3723 alioquin
930 3648 1035 3703 acutae
1056 3640 1116 3703 hoo
1138 3640 1256 3725 opponi
1273 3661 1367 3725 posse
1385 3662 1443 3724 pu·

394 3749 469 3815 tem,
485 3738 605 3801 nullum
624 3740 700 3803 alibi
718 3762 873 3824 apparere
893 3750 987 3805 extra
1001 3741 1082 3804 hanc
1098 3741 1265 3805 formulam
1284 3741 1441 3825 Symboli·

393 3862 464 3904 cam
487 3839 658 3924 vestigium
679 3841 870 3925 receptionis
892 3843 977 3925 apud
999 3842 1217 3906 Antiochenos
1236 3841 1331 3926 hujus
1350 3865 1442 3906 voea-

393 3941 469 4005 buli.
511 3941 641 4005 Interea
660 3944 793 4007 eandem
813 3944 958 4016 formam,
975 3944 1015 4007 de
1034 3966 1098 4027 qua
1115 3951 1167 4008 tot
1186 3943 1321 4008 dicenda
1337 3951 1441 4020 erant,

393 4065 455 4105 non
481 4043 639 4127 gravabor
663 4066 702 4107 ex
727 4045 823 4108 tornis
850 4044 1057 4108 Consiliorum
1081 4043 1233 4128 proferre,
1256 4065 1328 4107 cum
1355 4044 1442 4108 baud

392 4144 440 4207 ita
463 4144 556 4207 obvia
579 4143 631 4221 sit,
656 4152 725 4208 tum
750 4167 824 4208 vero
848 4166 869 4208 a
892 4144 1050 4208 nonnullis
1075 4144 1149 4208 huic
1174 4146 1302 4229 Synodo
1324 4144 1442 4208 Antio-

393 4244 501 4307 chenae
523 4243 597 4309 licet
619 4266 786 4330 perperam
808 4245 1020 4308 adscribatur.
1060 4244 1164 4308 Extat
1186 4245 1254 4308 huso
1276 4244 1388 4308 eodem
1409 4243 1443 4306 in

393 4345 500 4407 Tomo
517 4367 642 4430 quoque
660 4345 711 4408 vii.
736 4344 925 4409 Collccticais
949 4345 1010 4407 Vct.
1030 4344 1235 4430 Scriptorum,
1251 4364 1272 4406 a
1293 4342 1329 4407 cl.
1351 4342 1443 4407 Maio

392 4466 432 4507 ex
449 4445 612 4509 Vaticanis
627 4445 786 4509 codicibus
801 4445 960 4510 editorum
975 4467 1008 4529 p.
1029 4447 1098 4510 162.

435 4546 511 4623 Περὶ
539 4549 590 4621 τῆς
620 4545 872 4624 ἔνανθρωπήσεως
900 4550 953 4609 τοῦ
980 4551 1062 4609 Θεοῦ
1086 4548 1188 4627 Λόγου
1216 4549 1270 4608 roi
1294 4546 1361 4608 uici
1389 4547 1444 4607 τοῦ
