3700 5667
466 700 666 768 ANNOTT.
690 701 740 765 IN
762 700 795 765 S.
818 700 1034 766 CORNELII
1059 701 1356 766 FRAGMENTA.
1400 703 1440 766 el

394 873 554 959 qnoniam,
567 895 638 957 quae
653 872 794 956 proxime
809 880 996 958 sequuntur,
1007 872 1148 937 Concilia
1163 872 1300 957 quinque
1309 873 1443 938 Cartha⁴

394 976 549 1064 giniensia
569 975 602 1038 in
624 974 770 1038 omnibus
786 982 862 1038 sunt
876 974 1027 1059 Cypriani
1045 974 1244 1053 editionibus,
1261 977 1301 1039 de
1315 976 1445 1041 Veneta

395 1079 543 1154 editione,
557 1099 653 1161 quam
665 1076 844 1161 Spirensem
857 1077 965 1140 Fellus
976 1077 1091 1161 aliique
1105 1079 1278 1162 appellant,
1289 1102 1359 1164 quae
1371 1101 1445 1143 vero

395 1202 416 1245 a
429 1179 611 1244 Vendelino
627 1177 767 1262 Spirensi
781 1200 865 1242 anno
885 1197 963 1258 1471
984 1178 1129 1242 Venetiis
1143 1178 1296 1262 impressa
1310 1187 1371 1256 ost,
1385 1180 1446 1244 hoo

396 1282 590 1346 monendum
599 1282 691 1357 duco,
700 1280 891 1344 adornatam
899 1280 996 1343 fuisse
1006 1280 1093 1344 illam
1101 1282 1143 1344 ad
1155 1281 1289 1345 formam
1299 1283 1446 1346 editionis

397 1406 508 1449 revera
522 1382 684 1468 principis,
701 1405 771 1467 quae
787 1383 898 1445 eodem
919 1404 1004 1446 anno
1019 1384 1130 1446 Romae
1141 1405 1258 1447 excuse
1271 1384 1385 1461 fuerat,
1401 1384 1446 1448 lo·

397 1488 511 1552 liorum
527 1486 560 1548 id
581 1485 691 1548 ordine
705 1492 803 1569 atque
823 1506 954 1548 numero
970 1486 1217 1562 demonstrante,
1234 1487 1308 1549 dum
1330 1486 1447 1550 omissa

397 1599 446 1655 est
457 1590 594 1674 epistola
604 1588 646 1651 ad
660 1587 796 1650 Paulum
808 1587 855 1649 11.
872 1586 910 1650 P.
921 1587 961 1649 R.
977 1587 1018 1651 ab
1034 1588 1180 1673 episeopo
1193 1588 1351 1652 Aleriensi
1367 1611 1446 1674 prae·

397 1692 471 1767 fixa,
492 1690 545 1775 qui
567 1711 607 1753 ex
627 1696 755 1753 vetusto
781 1687 953 1771 exemplari
977 1688 1149 1754 Parisiensi
1172 1691 1323 1775 Cypriani
1347 1713 1446 1775 opera

397 1815 493 1856 manu
509 1813 567 1856 sua
582 1790 802 1875 descripserat.
849 1790 961 1873 Neque
975 1790 1069 1854 aliter
1088 1791 1238 1857 statuisse
1259 1815 1341 1856 nunc
1356 1792 1446 1855 video

399 1896 577 1959 Panzarum
595 1893 627 1956 in
642 1892 818 1956 Annalibus
838 1892 1026 1976 lypoyropl.
1043 1893 1112 1955 Vol.
1128 1893 1156 1955 Ι.
1172 1915 1202 1977 p.
1220 1912 1293 1978 423.
1310 1893 1447 1977 priorem

397 1996 569 2061 editionem
584 1995 764 2058 Romanam
784 2015 852 2057 esse
872 1994 1023 2057 scribens.
1069 1995 1120 2057 Ad
1140 1996 1220 2059 duas
1240 1995 1319 2058 alias
1334 1995 1447 2079 Cypri·

398 2098 451 2162 ani
466 2097 633 2172 editiones,
648 2096 733 2180 quod
753 2095 882 2171 attinet,
899 2117 970 2178 quae
991 2094 1058 2159 sine
1078 2095 1147 2159 loco
1167 2104 1305 2160 stanno
1325 2103 1449 2174 artam,

398 2200 449 2264 hae
461 2199 525 2263 cito
540 2207 613 2283 post
629 2198 790 2262 inventam
805 2205 907 2261 artem
919 2198 1182 2283 typographicam
1198 2220 1321 2262 excusae
1334 2197 1449 2262 Schoe-

398 2322 517 2366 manno
532 2301 687 2377 videntur,
703 2299 736 2362 in
747 2299 829 2363 Hisl.
842 2298 908 2362 Lil.
922 2301 1056 2363 Petram
1067 2301 1249 2364 Latinorum
1261 2298 1449 2364 Bibliotheca

399 2403 490 2466 Tem.
505 2403 532 2465 1.
549 2421 659 2465 c.111.
707 2403 748 2463 In
770 2400 820 2464 his
841 2400 1070 2486 antiquissimis
1088 2402 1290 2479 editionibus,
1312 2402 1369 2466 sed
1392 2424 1449 2466 neo

399 2504 433 2568 in
449 2504 594 2567 Romana
610 2515 710 2586 neque
725 2502 758 2565 in
773 2502 913 2578 Veneta,
928 2503 1071 2587 epistolae
1087 2504 1223 2569 Cornelii
1239 2512 1362 2568 extant.

446 2605 485 2669 P.
502 2607 548 2667 16.
564 2603 584 2665 l.
596 2621 624 2683 7.
637 2603 801 2666 Cornelius
812 2603 970 2687 Cypriane
984 2605 1053 2689 bc]
1068 2605 1239 2669 Recentior
1250 2606 1351 2669 codex
1360 2605 1449 2670 Colb.

401 2714 440 2771 ut
464 2705 577 2790 priacae
600 2704 748 2788 Cypriani
775 2704 939 2780 editiones,
965 2707 1143 2790 Cyprianus
1171 2708 1330 2771 Cornelio:
1374 2706 1450 2794 [luit

401 2809 452 2873 ed.
476 2807 677 2884 Manutiana,
705 2830 774 2892 quae
797 2829 880 2871 anno
897 2810 976 2892 1563
1001 2809 1034 2871 in
1056 2809 1116 2872 hao
1138 2816 1172 2873 et
1196 2809 1332 2894 epistola
1358 2831 1451 2893 prex·

403 2909 466 2974 ime
478 2917 630 2993 sequente
639 2909 767 2973 titulum
777 2932 883 2972 verum
896 2919 1066 2993 praestaret
1077 2913 1099 2994 z]
1120 2912 1203 2995 quod
1217 2911 1313 2976 etiam
1324 2912 1451 2977 Corbei·

402 3012 489 3077 ensis
505 3011 576 3075 MS.
593 3011 727 3094 primum
743 3033 810 3095 pree
825 3035 858 3075 se
874 3012 960 3087 tulit,
975 3013 1032 3076 sed
1046 3014 1088 3076 ab
1103 3012 1236 3096 antiqua
1250 3035 1346 3077 manu
1366 3014 1398 3076 in
1413 3036 1452 3077 eo

404 3113 591 3177 restitutum
614 3120 663 3176 est
680 3113 839 3176 Consentiae
856 3113 1022 3196 Cypriane.
1069 3113 1152 3194 Quin
1176 3136 1211 3177 re
1230 3115 1300 3198 ipsa
1314 3115 1451 3180 Cornelii

404 3216 457 3290 sit,
475 3214 651 3298 Cyprianus
667 3213 750 3278 infra
765 3214 870 3299 Epist.
883 3232 912 3298 7.
924 3216 1086 3300 ambigere
1100 3239 1159 3279 nos
1174 3239 1237 3280 non
1253 3217 1338 3281 sinit.
1369 3217 1451 3282 Eam

404 3316 460 3381 alii
481 3315 624 3399 epistolae
646 3316 870 3400 fragmentum,
891 3318 945 3381 alii
967 3318 1126 3395 schedam,
1142 3319 1195 3382 alii
1218 3319 1376 3383 litterulas
1397 3341 1452 3402 ap

405 3418 524 3504 pellare
537 3417 671 3481 malunt.
716 3417 790 3502 Ipse
806 3420 985 3504 Cyprianus
999 3418 1178 3503 inlaudata
1194 3420 1340 3504 Epistola
1356 3439 1385 3503 7.
1401 3421 1452 3483 lil-

405 3531 487 3585 teras
508 3528 611 3583 vocat.
657 3518 702 3582 Iis
724 3542 808 3596 vero,
827 3522 881 3604 qui
902 3522 1116 3606 fragmentum
1138 3529 1263 3605 putant,
1282 3522 1388 3586 favere
1410 3520 1454 3584 vi·

406 3623 501 3687 detur
523 3621 636 3706 primo,
659 3622 742 3704 quod
766 3621 979 3699 Novatianus,
1001 3623 1126 3687 etiamsi
1150 3624 1291 3687 nondum
1312 3624 1454 3688 nomina·

406 3732 470 3799 tus,
492 3723 581 3806 lajas
604 3723 740 3786 scelerati
764 3723 893 3788 lnninis
917 3725 1077 3788 vocabulis
1103 3725 1304 3810 designetur;
1341 3726 1454 3790 deinde

407 3825 491 3908 quod
523 3824 699 3908 Cyprianus
727 3825 870 3910 epistolae
905 3827 979 3891 huic
1013 3827 1200 3902 rescribens,
1228 3828 1378 3892 nonnulla
1411 3829 1454 3893 ad

409 3926 591 3990 Evaristum
607 3933 640 3989 et
656 3926 875 3992 Nicostratum
889 3928 1064 3993 attinentia
1078 3936 1147 3993 tum
1162 3929 1307 3994 didicisse
1321 3953 1355 3994 se
1371 3952 1454 3994 com·

407 4034 576 4103 memorat,
591 4050 661 4111 quae
677 4027 709 4091 in
724 4028 778 4092 illa
792 4051 856 4093 non
870 4030 1040 4095 habentur.
1086 4031 1134 4095 At
1149 4031 1318 4095 Novatiani
1340 4054 1454 4095 nornen

407 4129 440 4192 in
456 4129 516 4192 hac
531 4129 666 4214 epistola
680 4132 824 4196 consulto
839 4133 950 4210 taceri,
965 4135 1096 4217 ejusque
1111 4133 1179 4196 loco
1195 4154 1367 4217 pronomen
1382 4134 1454 4196 sub-

408 4230 510 4308 stitui,
530 4253 673 4316 sequens,
694 4233 734 4296 de
757 4235 846 4318 eujus
868 4234 1054 4319 integritate
1076 4234 1180 4297 nullus
1201 4233 1339 4309 dubitat,
1361 4233 1455 4298 fidem

408 4332 513 4410 faciet,
539 4341 653 4416 utpote
679 4334 712 4396 in
737 4355 801 4420 qua
827 4334 989 4399 Cornelius
1016 4335 1128 4398 eadem
1153 4334 1278 4399 ratione
1304 4358 1338 4398 se
1362 4337 1454 4421 gerit.

409 4433 482 4499 Hoc
502 4444 535 4499 et
556 4436 690 4499 subinde
710 4436 826 4501 imitati
846 4444 921 4501 sunt
940 4437 993 4500 elii
1017 4435 1193 4521 pontifices,
1208 4437 1457 4523 nominatimque

409 4536 595 4600 Coelestinus
621 4559 698 4621 erga
721 4536 912 4613 Nestorium,
938 4560 1060 4602 necnon
1085 4544 1118 4600 et
1141 4545 1266 4622 patres:
1298 4537 1346 4600 vel
1373 4540 1457 4621 quod

410 4638 442 4702 in
469 4639 634 4705 hereseon
663 4646 737 4703 ortu
767 4641 959 4725 parcendum
993 4640 1143 4705 duxerint
1176 4640 1458 4704 haeresiarcharum
