3700 5667
504 666 570 728 334
846 662 909 725 AN
913 661 1200 728 NOTATIONES

501 842 525 871 ‘⁶
542 831 613 897 MS.
629 832 715 917 apud
730 832 768 896 cl.
782 833 928 909 Galeum,
943 831 997 897 ubi
1013 834 1053 896 de
1069 832 1195 917 Synodo
1212 832 1414 896 Antiochena
1428 834 1552 898 advers.

504 943 524 975 ‘⁸
543 934 786 999 Samosatenum
797 935 875 1019 agit,
885 935 954 998 haec
966 934 1073 999 habet.
1097 936 1285 1012 Intererant,
1295 933 1407 1017 inquit,
1421 936 1554 999 Ooudlio

504 1045 524 1066 '³
540 1043 653 1097 contra
668 1034 804 1097 Paulum
823 1032 1077 1108 samosatenum,
1093 1033 1266 1117 Gregorius
1281 1032 1552 1117 Thaumaturgus,

502 1146 524 1167 “
541 1135 607 1199 Leo
637 1135 814 1211 Tarsensis,
846 1134 1010 1198 Maximus
1039 1134 1233 1210 Bostreusis,
1259 1136 1307 1198 καὶ
1331 1133 1553 1215 Ἱεροσολύμων

503 1243 524 1274 “
540 1236 667 1318 Μάγνης
688 1236 733 1303 τὶς
755 1236 858 1316 ἱερεὺς,
885 1235 933 1298 καὶ
957 1238 1009 1312 τῆς
1033 1233 1175 1315 ἡμετέρας
1199 1235 1420 1308 Καππαδοκίας,
1444 1241 1552 1315 Φιρμα-

502 1345 522 1375 “
538 1338 644 1404 λιανὸς
658 1341 674 1401 ὁ
691 1337 860 1416 θαυμάσας,
872 1336 1085 1412 Theotecuus,
1098 1336 1266 1414 Photinus,
1278 1335 1462 1412 Marcellus,
1474 1337 1553 1400 &c.”

503 1440 573 1503 Vol.
592 1440 618 1503 1.
635 1462 664 1524 p.
684 1458 755 1522 235.
780 1441 937 1513 Tantum,
953 1459 1011 1501 nec
1027 1437 1130 1522 plura,
1146 1437 1270 1502 (larius.

545 1541 584 1604 P.
597 1560 671 1625 303.
687 1542 707 1603 l.
718 1561 747 1622 9.
765 1541 812 1604 καὶ
829 1539 963 1624 Παῦλος]
975 1539 1091 1603 Omisit
1103 1538 1293 1623 particulam
1309 1541 1356 1603 καὶ
1371 1538 1547 1614 Strothius,

501 1648 538 1706 ut
557 1643 628 1706 edit.
645 1641 746 1727 stopa
767 1649 800 1705 ct
823 1640 1081 1725 clrtroplorconi
1101 1642 1218 1726 Interp.
1237 1649 1433 1725 sequeretur.
1478 1641 1550 1705 Hoc

500 1766 616 1808 nomeu
645 1752 679 1807 et
707 1750 814 1807 cetera
842 1765 863 1807 a
892 1744 988 1807 MSto
1018 1742 1155 1825 Norfhlc.
1186 1742 1313 1818 absunt,
1344 1764 1442 1826 usque
1472 1743 1550 1806 dum

499 1847 542 1910 ad
567 1846 622 1909 illa
651 1846 699 1908 καὶ
729 1845 878 1927 Μαλχίων
903 1844 1035 1909 veneris.
1081 1844 1200 1908 Statim
1230 1851 1302 1928 post
1331 1844 1429 1908 habet
1455 1845 1549 1907 Bola-

497 1966 548 2009 rac
576 1967 634 2030 pro
660 1943 797 2007 Bolmaa
821 1950 912 2007 vetus
937 1944 1094 2029 interpres
1119 1947 1260 2026 Rufinus,
1287 1953 1385 2029 atque
1416 1946 1549 2028 Εὐτνχῆς

498 2067 557 2131 pro
580 2047 723 2128 Εὐτύχιας
748 2043 904 2129 Georgius
927 2044 1060 2130 Syncell.
1081 2046 1114 2109 iu
1139 2047 1386 2132 Olrcncpraplic
1409 2046 1477 2110 haeo
1500 2046 1548 2110 as-

498 2147 613 2211 ferens.

542 2248 627 2313 Ibid.
653 2247 673 2310 l.
700 2267 746 2310 11.
775 2247 946 2333 Θεόδωρος]
975 2250 1073 2312 Hunc
1098 2250 1287 2335 Gregorium
1313 2249 1547 2313 Neocaesarieu·

498 2372 564 2415 sem
584 2372 664 2425 esse,
680 2350 730 2413 oui
745 2358 886 2414 testante
902 2351 1100 2436 Hieronymo
1120 2375 1217 2437 supra
1237 2352 1411 2416 Theodoro
1432 2374 1546 2416 nomeu

497 2452 568 2527 suit,
598 2453 761 2517 existimat
790 2452 969 2516 Tillemout.
1013 2453 1092 2517 Vid.
1118 2454 1212 2517 Mem.
1239 2454 1322 2517 Ecel.
1347 2462 1424 2517 tom.
1448 2453 1487 2516 iv.
1512 2453 1545 2516 in

498 2555 600 2620 Paulo
616 2558 737 2619 Samos.
760 2555 834 2619 Art.
852 2577 884 2635 4.
929 2555 1058 2621 Etenim
1073 2580 1113 2621 ex
1129 2556 1268 2622 Eusebio
1283 2556 1389 2642 capite
1406 2558 1456 2620 28.
1472 2578 1545 2620 cou-

496 2665 574 2735 stat,
593 2680 666 2722 eum
688 2678 759 2722 cum
781 2657 881 2722 fratre
904 2658 1116 2723 Athenodoro
1138 2658 1276 2743 synodis,
1300 2681 1370 2742 quae
1392 2658 1544 2721 adversus

498 2759 633 2823 Paulum
644 2759 910 2832 convocabantur,
921 2759 1112 2823 interfuisse.
1139 2760 1241 2823 Porro
1253 2760 1370 2823 eisdem
1382 2759 1544 2844 praefuisse

498 2860 698 2944 Gregorium,
722 2860 824 2922 tradit
849 2859 1012 2921 Maximus
1035 2860 1069 2921 in
1097 2860 1260 2923 Oollctioae
1284 2883 1352 2922 cum
1381 2861 1544 2924 Theodosio

495 2962 642 3046 episcopo
658 2961 812 3023 Caesareae
828 2959 1000 3041 Bithyuiae.
1015 2982 1068 3042 pp.
1089 2963 1161 3038 161,
1180 2963 1249 3023 162.
1266 2962 1326 3044 Op.
1345 2964 1378 3025 S.
1397 2963 1542 3026 Maximi.

496 3062 701 3146 Primumque
727 3070 794 3124 stat
818 3082 932 3124 nomen
955 3061 1101 3144 Gregorii
1127 3062 1161 3124 iu
1186 3060 1341 3144 (latalogo
1367 3073 1496 3145 patrum
1523 3086 1544 3128 a

495 3164 592 3230 Gavio
606 3163 714 3228 allato.
745 3163 938 3227 Oanouicam
953 3163 1098 3248 Gregorii
1113 3162 1280 3248 epistolam
1300 3164 1443 3247 proxime
1465 3174 1543 3230 aute

495 3267 653 3332 collocavi.
699 3264 851 3330 Ceterum
868 3264 994 3331 addidit
1008 3267 1139 3347 Rufinus
1158 3287 1266 3330 vocem
1280 3263 1449 3348 presbyteri
1469 3278 1542 3350 post

494 3370 607 3435 ultima
622 3368 761 3444 nomina,
775 3367 935 3431 Mulelion
949 3374 984 3432 et
998 3369 1124 3432 Ιαιαίαα.

540 3471 624 3535 lbid.
641 3470 661 3533 l.
682 3491 728 3556 13.
751 3471 1121 3554 ἐπίσκοποι-ἐκκλησίαι]
1145 3469 1296 3534 Notanda
1316 3475 1366 3532 est
1387 3467 1542 3552 imprimis

492 3574 587 3657 hujus
605 3573 746 3658 epistolae
768 3572 942 3656 inscriptio,
959 3594 1030 3656 quae
1045 3594 1107 3635 non
1123 3570 1225 3634 solum
1240 3571 1468 3655 episcoporum,
1485 3572 1540 3634 sed

492 3677 749 3760 presbyterorum
764 3684 795 3735 et
809 3673 1024 3748 diaconorum,
1041 3681 1138 3756 atque
1155 3672 1236 3735 adeo
1250 3672 1351 3754 plebis
1369 3671 1467 3755 ipsius
1486 3695 1539 3736 no

492 3797 564 3838 meu
585 3774 749 3858 praefixum
770 3774 922 3846 continet,
939 3772 1049 3836 eodem
1070 3772 1162 3856 plane
1184 3773 1278 3834 modo
1298 3771 1329 3833 iu
1352 3773 1446 3835 Actis
1461 3774 1536 3837 Oar-

492 3875 688 3959 thagineueis
716 3874 844 3957 Synodi,
868 3875 920 3938 cui
942 3872 1071 3957 praeluit
1093 3874 1280 3957 Cyprianus,
1299 3896 1367 3936 cam
1388 3876 1423 3936 ia
1444 3897 1539 3939 acam

494 3976 677 4061 Oartlcqirto
695 3975 892 4038 mercimoni
913 3974 1042 4060 episcopi
1061 3973 1204 4061 plurimi,
1225 3997 1292 4038 cum
1306 3975 1491 4059 presbyteria
1510 3988 1540 4042 ct

491 4079 639 4155 αἱααωιία,
654 4086 805 4163 prame
827 4077 918 4140 etiam
937 4074 1038 4161 plebis
1059 4077 1196 4140 munima
1212 4087 1316 4162 purte,
1341 4079 1397 4140 &c
1444 4079 1537 4142 Idem

491 4181 607 4265 legitur
628 4180 662 4243 iu
684 4178 826 4243 Concilio
849 4178 1058 4242 Eliberitauo.
1083 4178 1249 4242 qursrus.
1298 4180 1357 4242 Kal
1381 4180 1536 4243 ἐπίσκοποι

491 4286 565 4349 Ma.
581 4281 717 4366 Norsolc.
732 4280 788 4344 sed
803 4280 906 4343 minus
921 4288 1008 4364 apte,
1024 4287 1058 4344 et
1072 4280 1105 4343 in
1119 4281 1180 4345 hoc
1198 4281 1305 4345 codice
1319 4282 1536 4361 Φιρμιλλιανὸς

490 4408 561 4450 cum
576 4384 692 4469 duplici
707 4392 728 4447 λ
742 4404 867 4467 semper
880 4382 1040 4446 scribitur.

534 4490 572 4551 P.
584 4506 658 4571 304.
674 4487 694 4549 l.
707 4505 736 4568 7.
754 4487 821 4548 οὐδὲ
835 4485 908 4565 πρὸς
922 4488 1083 4566 πρόσωπον
1097 4483 1219 4565 γράψας
1234 4486 1323 4569 αὐτῷ]
1343 4486 1384 4551 εἰς
1398 4510 1445 4565 πρ.
1459 4485 1533 4548 MS.

488 4589 626 4673 Norsolc.
672 4590 793 4653 Contra
812 4589 866 4665 τὴν
885 4590 1072 4669 γνησιόητα,
1089 4608 1184 4671 quam
1204 4594 1311 4649 tamen
1332 4586 1423 4650 multi
1444 4594 1533 4651 tuen-

488 4705 552 4767 tur,
566 4689 704 4774 epistohc,
721 4710 791 4772 quae
806 4687 931 4762 dicitur,
948 4688 1094 4770 Dionysii
1110 4687 1319 4751 Alccccdrini
1332 4689 1378 4751 ad
1394 4688 1532 4751 Paulum
