3700 5667
470 680 535 741 uu)
799 677 1177 743 ANNOTATIONES

470 857 536 914 tem
558 847 628 912 Ood.
644 846 695 910 ille
713 851 787 932 625.
809 852 876 930 περὶ
895 850 949 927 τὴν
968 852 1058 928 αὐτὴν
1081 852 1160 931 ὥραν
1181 853 1229 913 καὶ
1251 852 1391 935 ἐντούτῳ
1411 852 1514 932 διαφέ-

468 976 580 1031 ρονται.

513 1053 552 1117 P.
570 1073 641 1139 2²5·
656 1054 675 1117 l.
697 1073 745 1137 15·
763 1054 807 1116 Τὸ
822 1055 879 1132 μὲν
893 1054 958 1138 οὖν]
980 1053 1175 1118 Pertieulem
1191 1055 1245 1117 οὖν
1258 1053 1364 1138 eeoepi
1380 1075 1420 1118 ex
1435 1055 1515 1118 eodi-

468 1155 550 1220 cilus
571 1165 690 1240 septem,
710 1177 780 1241 quae
804 1155 921 1219 emisse
945 1164 995 1219 est
1018 1177 1090 1219 eum
1113 1156 1146 1218 in
1169 1154 1265 1219 tribue
1286 1155 1357 1219 eliis
1379 1158 1512 1242 seriptis,

468 1265 537 1322 tum
551 1259 636 1344 epud
650 1257 847 1342 Beuerepium
860 1264 959 1340 etque
974 1257 1006 1319 in
1021 1257 1088 1320 edd.
1105 1258 1275 1330 Purieinis,
1292 1265 1325 1320 et
1341 1258 1430 1341 eujus
1444 1258 1513 1321 loeo

467 1360 638 1445 repetitum
660 1360 694 1423 τὸ
717 1358 868 1423 exhibent
886 1357 1047 1436 Miluus,
1066 1359 1264 1436 Horduinue,
1278 1359 1401 1444 oliiqsn.
1445 1358 1512 1421 He-

467 1464 544 1528 bent
559 1468 685 1527 tuntum
701 1462 734 1524 τὸ
748 1464 805 1541 μὲν
819 1460 988 1525 Pedalium
1001 1469 1035 1524 et
1050 1460 1169 1546 Syllope
1187 1463 1373 1525 Groeooinnn.

513 1565 595 1629 Ibid.
612 1565 631 1627 l.
655 1567 702 1628 16.
726 1565 787 1645 ὀψὲ
809 1563 990 1647 σαββάτων]
1009 1562 1204 1627 Particulam
1227 1566 1259 1626 δὲ
1281 1572 1354 1650 post
1376 1566 1438 1645 ὀψὲ
1459 1584 1513 1627 ex-

466 1668 565 1753 punxi
583 1666 769 1752 jubentibus
790 1675 851 1729 eolo
872 1665 993 1749 seriptis
1015 1663 1175 1741 codicibus,
1189 1672 1223 1730 et
1244 1665 1512 1729 consentientibus

465 1769 618 1834 nonnullis
638 1769 723 1832 Noui
747 1769 823 1832 Test.
846 1767 1080 1852 Munueniptie.
1125 1765 1228 1831 Extat
1250 1789 1325 1831 vero
1346 1768 1379 1830 in
1400 1766 1513 1830 duodus

466 1871 612 1955 Dionysii
626 1870 710 1934 eoold.
726 1868 906 1933 Bolbiunis
920 1869 991 1952 185.
1007 1875 1040 1931 et
1056 1884 1129 1951 715.
1160 1867 1285 1931 Abesse
1300 1870 1332 1931 δὲ
1347 1889 1367 1932 α
1381 1868 1514 1932 Pedalie

466 1994 550 2036 nune
564 1971 655 2036 video
670 1970 833 2056 alteraque
848 1970 974 2054 Syllope.

510 2076 547 2138 P.
565 2077 636 2138 226.
659 2073 679 2136 l.
699 2093 726 2136 r.
749 2079 797 2136 καὶ
818 2073 1008 2156 προσελθὼν]
1034 2071 1098 2136 Ηίο
1120 2071 1228 2135 addidi
1252 2071 1441 2156 particulam
1464 2073 1512 2136 καὶ

465 2199 506 2240 ex
529 2185 638 2260 septen
660 2174 806 2258 Dionysii
830 2173 989 2250 eodinltu,
1011 2173 1222 2239 renitentibus
1247 2183 1375 2240 tuntum
1400 2173 1514 2238 duodus

468 2284 539 2365 185.
559 2288 593 2344 et
615 2297 687 2362 205.
707 2286 740 2343 et
762 2289 885 2363 utroque
908 2277 1104 2342 Coleliniuno.
1142 2279 1278 2343 Addunt
1305 2280 1436 2343 eundern
1463 2301 1511 2342 re-

464 2381 627 2467 fragantes
641 2382 745 2445 textui
760 2381 917 2446 eomrnuni
932 2380 1067 2464 plurimi
1085 2382 1196 2445 codun
1214 2381 1413 2467 nursinusque
1428 2383 1512 2445 Noui

469 2484 543 2547 Test.
558 2484 614 2547 sed
628 2483 773 2547 nesoiunt
788 2483 954 2547 Pedalium
968 2505 1006 2547 eo
1022 2481 1149 2568 Syllope.

508 2585 591 2649 Ibid.
617 2585 638 2650 l.
664 2603 715 2666 71.
744 2585 931 2670 σοφώτερον]
962 2586 1003 2647 In
1029 2585 1103 2649 MS.
1131 2587 1308 2666 σοφώτεροι.
1347 2584 1509 2647 ΗΑιιουιΝ.

467 2688 558 2751 Idem
573 2687 712 2772 positum
726 2687 831 2751 fueret
845 2693 879 2752 et
893 2688 935 2751 ad
951 2708 1040 2750 orum
1059 2686 1262 2750 Cuniliomm
1276 2684 1440 2751 Ιαὸὀααα.

508 2790 588 2854 Ibid.
612 2790 700 2874 l.13.
725 2793 777 2852 τοῦ
799 2789 927 2871 ῥήματος
950 2795 1001 2852 τοῦ
1025 2789 1098 2874 ὀψὲ]
1127 2788 1219 2852 Istud
1243 2795 1295 2852 τοῦ
1318 2790 1448 2871 ῥήματος
1469 2811 1510 2852 ex

463 2892 591 2955 Most-ts
605 2888 740 2953 omullus
754 2898 873 2974 praeter
884 2912 981 2953 unum
998 2890 1205 2954 Bodleianum
1217 2909 1288 2975 205.
1301 2890 1437 2954 restitui.
1469 2891 1510 2953 In

463 2993 749 3077 interpretamento
772 2998 881 3055 nutem
904 2993 1023 3057 voeulae
1050 2995 1111 3074 ὀψὲ
1135 2993 1220 3078 upud
1248 2992 1281 3056 S.
1304 2993 1508 3069 Matthaeum,

463 3095 547 3178 quod
571 3094 766 3178 expositores
790 3093 966 3157 divinorum
989 3093 1139 3157 librorum
1163 3094 1217 3157 diu
1239 3094 1330 3157 vuldo
1353 3095 1507 3170 exercuit,

462 3193 652 3279 Dionysium
677 3194 719 3257 ed
745 3193 875 3256 verbum
905 3194 1005 3258 secuti
1031 3203 1106 3258 sunt
1132 3202 1241 3278 putres
1270 3194 1389 3276 Synodi
1417 3195 1509 3257 Οὖρα-

461 3298 584 3362 meniooe
605 3299 702 3360 Suulcn
717 3295 750 3359 in
765 3297 893 3359 Oenone
908 3296 1028 3359 lxxxix.
1045 3296 1099 3380 qui
1118 3296 1166 3360 ite
1185 3318 1219 3359 se
1237 3295 1356 3369 habet;
1380 3300 1443 3364 Τὰς
1457 3302 1510 3361 τοῦ

461 3401 605 3481 σωτηρίαν
620 3399 732 3464 πάθους
749 3398 858 3479 ἡμέρας
872 3400 906 3462 ἑν
919 3401 1040 3482 νηστείᾳ
1055 3399 1103 3460 καὶ
1117 3401 1271 3480 προσευχῇ
1291 3398 1338 3460 καὶ
1354 3397 1509 3477 κατανύξει

462 3504 581 3583 καρδίας
599 3504 819 3574 ἐπιτελοῦντας,
834 3500 891 3582 χρὴ
910 3501 977 3566 τοὺς
994 3500 1116 3567 πιστοὺς
1132 3501 1200 3581 περὶ
1217 3499 1312 3580 μέσας
1326 3503 1376 3578 τῆς
1390 3501 1458 3581 περὶ
1472 3501 1507 3564 τὸ

459 3604 538 3685 μέγα
553 3603 714 3680 σάββατον
733 3602 836 3668 νυκτὸς
856 3604 933 3681 ὥρας
953 3603 1212 3681 ἀπονηστίζεσθαι,
1228 3607 1288 3664 τῶν
1308 3605 1397 3665 θείων
1418 3602 1506 3683 etiay-

460 3703 608 3786 γἐλιστῶν
625 3706 780 3766 Ματθαίου
796 3706 844 3766 καὶ
858 3708 968 3775 Λουκᾶ,
985 3705 1116 3783 τοῦμὲν,
1132 3707 1181 3767 διὰ
1196 3707 1248 3766 τοῦ
1262 3705 1323 3783 ὀψὲ
1339 3703 1508 3783 σαββάτων

458 3804 595 3887 ῥήματος,
610 3809 662 3866 τοῦ
677 3807 718 3882 δὲ,
735 3807 782 3867 διὰ
797 3811 849 3868 τοῦ
864 3807 971 3886 ὄρθρον
985 3806 1106 3884 βαθέος,
1123 3807 1177 3883 τὴν
1190 3803 1359 3888 βραδύτητα
1373 3810 1425 3884 τῆς
1440 3832 1507 3869 νυκ-

458 3907 509 3972 τὸς
525 3907 595 3985 ἡμῖν
616 3907 862 3986 ὑπογραφόντων.
899 3905 1067 3970 Oonsentit
1086 3906 1136 3969 his
1151 3905 1309 3969 Eusebius
1328 3927 1399 3969 oum
1419 3908 1505 3990 upud

460 4008 605 4071 Colonum
624 4007 659 4069 in
681 4008 713 4069 S.
724 4008 817 4070 ιΙοαα.
833 4029 853 4071 u
869 4007 1025 4072 Corderio
1039 4007 1170 4084 editum,
1185 4029 1239 4091 pp.
1254 4009 1330 4087 448,
1345 4028 1419 4092 449.
1435 4015 1505 4079 tum

458 4107 491 4171 in
517 4107 714 4193 Fragrnento
739 4130 760 4171 α
785 4108 823 4173 el.
848 4107 1000 4172 Mutthaei
1026 4130 1044 4172 e
1069 4109 1231 4173 oodioibns
1258 4108 1503 4192 Mosquensibus

458 4212 625 4297 desumpto
644 4210 675 4273 in
697 4211 864 4274 Aunedottu
883 4213 942 4274 Gr.
961 4219 1038 4275 torn.
1054 4211 1085 4275 ii.
1108 4234 1139 4295 p.
1156 4214 1207 4275 62.
1226 4219 1259 4276 et
1280 4211 1415 4275 Severus
1436 4213 1506 4272 An-

457 4313 639 4389 tiochensis,
658 4314 722 4376 sive
741 4313 820 4376 alius
838 4313 979 4397 quidam,
994 4313 1086 4377 initio
1107 4314 1222 4399 Opuso.
1238 4315 1289 4376 De
1306 4310 1505 4375 Oonoordunt.

456 4416 640 4500 Eounpelisl.
657 4438 689 4499 p.
707 4434 778 4480 221.
794 4423 871 4478 tom.
888 4415 930 4478 xi.
949 4414 1090 4479 Bibliotl.
1107 4417 1182 4478 PP.
1200 4415 1345 4479 Galloud.

500 4521 581 4584 Ibid.
598 4520 619 4582 l.
641 4540 688 4601 19.
709 4521 816 4599 ὁμοίως
834 4520 881 4582 καὶ
902 4518 1084 4604 ὁἹωάννης]
1106 4518 1300 4583 Particulum
1316 4518 1365 4581 καὶ
1379 4515 1503 4579 addunt

455 4621 519 4684 eod.
536 4640 608 4705 205.
625 4630 658 4684 et
672 4630 793 4704 uterque
809 4620 1026 4684 Ouisliniunus.
