3700 5667
409 668 440 730 S.
458 665 696 729 GREGORII
720 665 925 730 NEOCAES.
945 668 1095 731 EPIST.
1113 669 1285 734 CANON.
1329 672 1395 737 257

277 879 281 887 ·
343 841 363 917 ὀ
389 837 427 918 δὲ
451 837 543 922 Θεὸς
567 842 625 916 καὶ
651 838 783 936 ταύτην
808 840 867 916 καὶ
888 845 1002 917 ταῦτα
1025 837 1255 941 καταργήσει.
1291 840 1392 920 ἀλλὰ

343 975 401 1051 καί
426 973 446 1049 ὁ
472 970 598 1073 Σωτὴρ
618 972 638 1049 ὁ
662 970 781 1050 πάντα
803 971 1000 1075 καθαρίζων
1016 972 1063 1051 τὰ
1081 973 1269 1075 βρώματα·
1304 977 1392 1054 bOri

342 1105 384 1184 τὸ
402 1102 705 1209 εἰσπορευόμενον,
725 1108 829 1211 φησί,
848 1112 962 1184 κοινοῖ
983 1104 1047 1184 τὸν
1068 1106 1270 1209 ἄνθρωπον,
1289 1107 1390 1187 ἀλλὰ

342 1237 384 1319 τὸ
405 1240 690 1343 ἐκπορευόμενον.
719 1245 778 1319 καί
799 1243 870 1342 (for.
886 1255 1001 1334 legend.
1025 1239 1147 1340 ὅμοιον
1165 1243 1246 1348 καί)
1266 1239 1307 1321 τὸ
1330 1241 1394 1326 τοίς

315 1384 509 1478 5γυναίκας
523 1375 771 1479 αἰχμαλώτους
786 1379 1035 1480 διαφθαρῆναι,
1048 1374 1307 1481 ἐξυβριᾷἰντων
1320 1383 1393 1457 τῶν

341 1509 539 1613 βαρβάρων
568 1516 616 1592 εἰς
645 1509 691 1588 τὰ
720 1510 874 1609 σώματα
903 1512 1031 1588 αὐτῶν.
1068 1513 1152 1589 ἀλλ’
1183 1517 1212 1589 εἰ
1239 1511 1305 1610 μὲν
1333 1515 1392 1591 καί
1467 1524 1469 1528 ’

341 1640 514 1746 πρότερον
532 1640 761 1743 κατέγνωστό
780 1678 875 1728 τινος
889 1646 909 1722 ὁ
923 1644 1003 1738 βίος
1021 1647 1258 1747 πορευομένης
1272 1648 1390 1727 ὀπίσω

342 1781 569 1885 θόφθαλμῶν
582 1786 654 1857 τῶν
668 1777 951 1882 ἐκπορνευόντων
967 1780 1058 1859 κατὰ
1075 1780 1117 1859 τὸ
1131 1782 1389 1883 γεγραμμένον,

341 1917 453 2012 δῆλον
476 1912 530 1991 i'm
555 1914 578 2011 ή
600 1912 750 2015 πορνική
778 1914 800 1991 ἕ
820 1948 851 1996 ις
876 1915 1035 1997 ὕποπτος
1062 1918 1119 1992 καί
1145 1917 1182 1993 ἐν
1205 1922 1256 2022 τῷ
1280 1922 1391 2022 καιρῷ

297 2052 404 2146 ιοτῆς
421 2049 683 2152 αἰχμαλωσίας·
715 2051 773 2128 καί
793 2051 834 2128 οὐ
852 2051 1050 2153 προχείρως
1074 2054 1127 2129 δεῖ
1141 2049 1204 2132 τοίς
1226 2050 1390 2135 τοιαύτας

340 2190 516 2262 κοινωνεῖν
542 2189 614 2261 τῶν
637 2184 763 2286 εὐχῶν.
795 2188 824 2261 εἰ
848 2182 969 2282 με’ντοι
994 2186 1047 2268 τίς
1068 2186 1107 2261 ἐν
1125 2184 1218 2289 ἄκρᾳ
1236 2193 1386 2291 σωφρο-

340 2315 434 2420 σύνῃ
458 2313 615 2417 ζήσασα,
634 2319 690 2394 καί
719 2315 877 2419 καθαρὸν
899 2319 958 2395 καί
983 2317 1054 2422 ἔξω
1080 2316 1203 2416 πάσης
1225 2321 1391 2404 ὑπονοίας

340 2451 601 2551 ε’πιδεδειγμένη
628 2452 710 2544 βίον
739 2449 801 2529 τὸν
827 2447 1013 2553 πρότερον,
1033 2461 1096 2531 νῦν
1124 2453 1390 2555 περιπέπτωκεν

340 2587 377 2663 ἐκ
396 2585 479 2680 βίας
504 2589 562 2664 καί
582 2584 739 2687 ἀνάγκης
766 2589 874 2688 ὕβρει,
894 2588 1021 2692 ἔχομεν
1038 2585 1264 2689 παράδειγμα
1286 2587 1329 2667 τδ
1353 2592 1391 2669 ἐν

297 2750 330 2808 15
341 2726 391 2824 τῷ
413 2723 679 2827 Δευτερονομίιρ
706 2715 776 2800 dri)
795 2724 851 2801 ἐπὶ
870 2729 916 2827 τῇ
935 2723 1074 2818 νεανίδι,
1093 2721 1138 2820 ἣν
1156 2725 1194 2800 ἐν
1211 2728 1262 2829 τῷ
1279 2724 1388 2830 πεδίῳ

340 2852 438 2956 εὗρεν
456 2853 653 2957 ἅνθρωπος,
672 2858 729 2933 καὶ
747 2854 968 2953 βιασάμενος
986 2855 1107 2955 αὐτὴν,
1125 2856 1293 2957 ἐκοιμήθη
1311 2860 1387 2955 μετ’

339 2989 459 3086 αὐτῆς·
491 2994 570 3091 6Τῇ
599 2990 728 3068 νεανίδι
757 2992 798 3068 οιί
825 2990 1005 3089 ποιήσετε,
1033 2995 1158 3095 φησὶν,
1187 2991 1296 3088 οὐδὲν,
1325 2996 1389 3074 οὐκ

338 3307 434 3354 autem
450 3308 479 3354 et
494 3297 571 3354 hunc
585 3311 615 3356 et
630 3299 681 3356 has
695 3297 834 3355 destruet.
887 3298 942 3356 cile
961 3298 1139 3355 orationibus
1158 3319 1223 3356 curn
1245 3299 1387 3375 ejusmodi

340 3375 399 3435 sed
410 3375 548 3434 Servatur
559 3397 674 3455 quoque
685 3397 785 3436 omnes
795 3379 834 3434 ci·
888 3377 1108 3435 communicare.
1156 3378 1214 3436 Sed
1243 3378 1385 3454 siquidem

293 3456 390 3514 aobos
410 3455 574 3513 mundana:
601 3457 671 3515 Non
692 3456 770 3533 quod
791 3459 834 3514 in·
888 3456 993 3533 aliqua,
1014 3475 1079 3534 quar
1101 3457 1131 3513 in
1156 3477 1268 3516 sumnia
1291 3459 1384 3517 couti-

339 3546 408 3605 trat,
428 3535 533 3613 inquit,
556 3536 723 3614 coinquinat
744 3537 836 3595 honri.
888 3537 988 3594 nentia
1014 3537 1129 3602 vixerit,
1155 3548 1185 3595 et
1212 3557 1323 3615 puram,
1349 3539 1386 3597 ab

338 3636 424 3685 nem;
446 3616 496 3675 sed
510 3617 589 3692 quod
603 3618 761 3694 egreditur.
795 3617 837 3675 Et
888 3616 1025 3693 omnique
1056 3617 1220 3694 suspicione
1251 3617 1384 3686 alienam,

339 3695 393 3754 hoe
407 3716 533 3774 quoque,
545 3697 623 3773 quod
638 3699 759 3776 captivae
773 3717 836 3755 mu-
888 3696 1012 3774 priorem
1021 3696 1107 3755 vitam
1118 3697 1278 3756 ostenderit
1283 3720 1293 3768 ,-
1308 3717 1387 3757 nunc

338 3774 423 3835 lieres
447 3787 590 3856 corruptae
614 3777 744 3846 fuerunt,
771 3778 834 3835 bar·
887 3776 915 3833 vi
939 3787 969 3834 et
990 3777 1163 3836 necessitate
1184 3777 1215 3834 in
1236 3777 1385 3856 probrum,

292 3856 414 3930 25baris
441 3876 539 3914 earum
565 3858 734 3935 corporibus
758 3857 836 3914 inso-
887 3855 1130 3915 contumeliamve
1151 3856 1231 3936 lapsa
1251 3858 1309 3917 ait:
1336 3858 1386 3917 ha-

337 3935 430 3994 lenter
445 3936 647 3996 abutentibus:
671 3937 721 3996 aed
737 3938 760 3996 ai
777 3938 835 4016 pri.
887 3937 988 3995 bemus
1009 3936 1171 4016 exemplum
1192 3938 1269 4015 quod
1291 3949 1336 3997 eat
1354 3939 1386 3997 in

338 4036 373 4073 us
384 4036 500 4093 quoque
511 4017 647 4076 damnata
658 4019 717 4075 vita
728 4018 834 4082 fuerat,
886 4016 1127 4081 Deuteronomio,
1156 4016 1192 4076 de
1220 4018 1384 4076 adolescen-

338 4096 438 4172 procul
453 4096 489 4154 ab
499 4097 592 4154 oculis
606 4098 792 4163 abeuntibus,
803 4109 837 4155 ut
887 4095 950 4154 tulo
966 4116 1052 4173 quam
1068 4097 1155 4154 homo
1169 4098 1199 4154 in
1219 4117 1288 4175 agro
1302 4097 1383 4156 inve-

338 4174 410 4244 dixi,
432 4177 667 4242 fornicatoribus,
691 4189 724 4235 ut
746 4177 836 4255 aerip-
887 4176 941 4242 nit,
963 4186 993 4234 et
1016 4196 1050 4234 ea
1072 4176 1100 4232 vi
1124 4195 1294 4254 compressa,
1319 4197 1383 4234 cum

289 4266 400 4331 3otum
426 4266 495 4327 eat3
528 4256 699 4316 fornicarius
726 4257 836 4316 scilicet
886 4257 949 4334 ipsa
973 4255 1108 4314 dormiit:
1138 4254 1384 4322 Adolescentulae,

337 4334 454 4394 habitus
467 4348 512 4395 eat
526 4337 613 4395 etiam
625 4349 756 4416 tempore
770 4358 836 4415 cap·
886 4337 992 4412 inquit,
1006 4336 1079 4393 nihil
1099 4336 1230 4405 facietia,·
1253 4355 1311 4393 non
1330 4337 1385 4394 erit

242 4490 244 4495 Ι
336 4415 483 4474 tit-itatis:
511 4427 541 4476 et
568 4437 625 4474 non
650 4428 767 4496 oportet
791 4418 834 4475 fa·
886 4415 1109 4475 adolescentule
1132 4426 1283 4494 peccatum
1308 4436 1385 4474 mor-

370 4624 467 4672 δΜιιιι.
480 4641 520 4672 ιιι.
537 4638 572 4672 ιι.
713 4624 812 4670 eNurn.
826 4625 874 4671 xvi.
890 4638 928 4688 39.
1060 4627 1073 4664 «Ι
1087 4624 1162 4674 Deut.
1175 4625 1232 4673 xxii.
1247 4625 1351 4687 25-28.

424 4725 489 4766 von.
506 4726 550 4765 ιιι.
843 4725 860 4763 ι
875 4702 885 4764 l
