3700 5667
513 657 579 726 396
649 657 831 722 FRAGM.
855 658 1005 720 EPIST.
1030 655 1249 720 DlONYSII
1274 655 1421 718 ALEX.
1514 664 1516 668 ’

1002 1047 1062 1109 VI.

833 1243 884 1304 Εν
897 1242 995 1304 oodoni
1009 1240 1086 1304 libro
1099 1242 1234 1304 secondo.

556 1408 632 1472 ’Edu
651 1408 684 1471 δέ
703 1433 747 1474 τις
765 1415 824 1472 τῶν
844 1415 1050 1490 συκοφαντῶν,
1067 1408 1167 1485 ἐπειδὴ
1189 1413 1249 1471 τῶν
1271 1408 1411 1472 ἁπάντων
1431 1410 1561 1488 ποιητὴν

514 1520 567 1582 τὸν
591 1519 674 1583 Θεὸν
698 1519 745 1582 καὶ
768 1520 945 1600 δημιουργὸν
969 1520 1064 1595 εἶπον,
1088 1519 1185 1595 οἴηταί
1206 1545 1244 1598 με
1270 1521 1318 1583 καὶ
1343 1524 1394 1582 τοῦ
1426 1524 1561 1599 Χριστοῦ

514 1629 627 1711 λέγειν,
647 1628 799 1692 ἀκουσάτω
818 1655 874 1708 μου
893 1630 1038 1709 πρότερον
1057 1629 1171 1709 πατέρα
1190 1628 1343 1709 φήσαντος
1362 1629 1460 1700 αὐτὸν,
1478 1631 1513 1691 έν
1532 1625 1558 1713 ᾧ

515 1740 563 1803 καὶ
581 1742 598 1802 ὁ
618 1738 680 1805 υίὸς
698 1736 952 1820 προσγέγραπται·
973 1740 1048 1817 μετα
1066 1740 1124 1818 γὰρ
1143 1737 1177 1800 τὸ
1198 1741 1292 1801 εἰπεῖν
1305 1737 1419 1819 ποτέρα
1433 1738 1560 1817 ποιητὴν

515 1847 679 1930 ἐπαγήοχα·
705 1848 752 1910 καὶ
773 1847 839 1910 οὔτε
859 1846 956 1926 πατήρ
977 1848 1061 1909 ἔστιν
1080 1848 1122 1909 ὧν
1141 1846 1271 1925 ποιητὴς,
1289 1848 1316 1909 εἰ
1333 1847 1466 1927 κνρίωςὸ
1485 1870 1557 1925 γεν·

515 1956 607 2036 νήσας
634 1955 729 2036 πατὴρ
754 1956 899 2018 dirodoino·
937 1956 992 2034 τὴν
1016 1959 1074 2037 γὰρ
1099 1958 1271 2034 πλατύτητα
1296 1961 1346 2034 τῆς
1371 1962 1422 2019 τοῦ
1447 1956 1560 2037 πατρὸς

514 2069 714 2148 προσηγορίας
744 2070 778 2131 έν
806 2073 867 2133 τοῖς
898 2070 964 2146 έξῆς
993 2068 1264 2148 έπεξεργασόμεθαῑ
1302 2068 1370 2130 οὔτε
1394 2068 1514 2146 ποιητὴς
1539 2071 1558 2130 ὁ

513 2178 619 2258 πατὴρ,
639 2180 666 2241 εί
684 2179 775 2257 μόνος
792 2180 809 2239 d
826 2176 1019 2259 χειροτέχνης
1040 2177 1160 2254 ποιητὴς
1178 2176 1308 2256 λέγοιτο.
1336 2175 1404 2257 παρ’
1419 2174 1559 2256 Ἕλλησι

513 2291 571 2369 γὰρ
595 2288 713 2365 ποιηταὶ
738 2287 786 2348 καί
811 2292 870 2348 τῶν
895 2287 977 2348 ἰδίων
1003 2289 1162 2348 καλοῦνται
1187 2286 1288 2366 λόγων
1314 2289 1344 2350 οἱ
1369 2288 1469 2366 σόφοι.
1509 2289 1559 2350 καὶ

513 2395 668 2474 dompne,
687 2393 905 2460 ὁἈπόστολος
925 2393 999 2466 εἴτε,
1024 2395 1124 2471 νόμον.
1153 2394 1201 2456 καὶ
1222 2399 1281 2456 τῶν
1304 2394 1466 2474 έγκαρδίων
1486 2397 1556 2474 γὰρ,

514 2508 617 2586 ἀρετῆς
630 2504 648 2585 ἢ
664 2508 764 2572 κακίας
778 2507 896 2583 ποιηταὶ
911 2507 1111 2580 καθίστανται,
1123 2504 1161 2569 ὦς
1176 2504 1260 2567 εἶπεν
1274 2506 1291 2565 d
1304 2505 1393 2581 Θεὸς,
1410 2502 1558 2584 ’Ἔμεινα

515 2618 567 2676 τοῦ
590 2618 712 2692 ποιῆσαι
736 2617 842 2695 κρίσιν,
867 2617 990 2693 ἐποίησε
1013 2615 1046 2678 δὲ
1068 2614 1203 2690 ἀνομίαν.
1249 2618 1386 2677 Adducta
1407 2619 1467 2677 hoec
1487 2640 1505 2677 a
1525 2620 1557 2677 S.

518 2725 674 2784 Athanasio
689 2725 737 2782 ubi
753 2746 848 2804 supro.
864 2745 959 2783 mxx.
976 2745 1003 2803 p.
1019 2725 1088 2790 257.

555 2963 588 3020 Si
606 2963 671 3038 quis
690 2972 786 3019 autem
806 2961 1007 3028 calumniator,
1058 2963 1147 3038 hujus
1178 2971 1272 3041 pater,
1301 2963 1330 3020 in
1366 2963 1557 3040 sequentibus

513 3042 640 3118 eoquod
657 3043 752 3099 Deum
772 3041 900 3097 omnium
916 3042 1007 3099 facto·
1059 3042 1256 3119 expendemus
1271 3046 1293 3116 :)
1333 3063 1428 3119 neque
1463 3044 1557 3101 foetor

514 3141 574 3181 rem
598 3132 628 3178 ot
650 3132 807 3180 creatorem
830 3119 901 3188 dixi,
924 3132 1009 3198 putet
1059 3132 1151 3199 puter,
1177 3121 1201 3178 si
1229 3121 1308 3179 solus
1336 3123 1435 3199 opifex
1463 3123 1558 3180 factor

513 3221 560 3259 me
592 3202 679 3260 etism
708 3200 817 3258 Christi
850 3211 1008 3258 creatorem
1060 3201 1183 3259 dicotur.
1226 3200 1316 3279 Apud
1339 3202 1456 3259 Graecos
1478 3203 1555 3259 enim

515 3280 631 3349 dixisse,
647 3281 779 3339 advertat
796 3300 843 3338 mo
859 3280 940 3358 prius
957 3281 1009 3339 Pa·
1060 3281 1110 3356 qui
1131 3280 1276 3358 sapientes
1294 3293 1372 3346 sunt,
1387 3300 1505 3338 suorum
1520 3281 1557 3338 li-

514 3371 586 3419 trem
600 3363 694 3440 ipsum
709 3360 887 3438 appellasse;
909 3380 968 3437 quo
979 3361 1009 3418 in
1060 3361 1177 3416 brorum
1192 3360 1317 3418 factores
1331 3372 1481 3418 vocantur.
1512 3362 1555 3418 A·

514 3442 654 3500 vocabulo
673 3440 759 3498 simul
777 3441 947 3498 enuntiatus
966 3452 1010 3498 est
1060 3438 1191 3516 postolos
1206 3459 1321 3515 quoque
1338 3441 1389 3505 ait,
1397 3439 1502 3518 foetor
1516 3441 1555 3499 ίι-

514 3533 544 3579 et
560 3522 643 3579 filius.
687 3521 845 3596 Postquam
859 3520 936 3577 onim
954 3520 1010 3577 Ps-
1058 3519 1113 3594 ριό.
1156 3518 1266 3576 Rerum
1283 3519 1370 3577 etism
1386 3520 1555 3578 intrinsoou·

514 3611 587 3658 trem
613 3601 671 3657 dixi
697 3600 846 3665 foetorem,
871 3599 1007 3656 subdidi:
1061 3618 1135 3665 rum,
1150 3598 1312 3674 cujusmodi
1331 3611 1398 3657 sunt
1413 3600 1507 3657 virtus
1526 3612 1556 3658 et

512 3699 607 3755 neque
618 3692 700 3755 pater
710 3697 809 3734 eorum
820 3689 875 3743 est,
884 3697 1007 3753 quorum
1059 3677 1174 3743 vitium,
1194 3678 1317 3736 factores
1339 3690 1555 3756 nuncupantur,

512 3769 557 3816 est
578 3758 679 3824 faetor,
700 3757 723 3812 si
745 3757 860 3833 proprie
881 3757 905 3813 is
928 3767 1009 3833 pstor
1059 3757 1301 3832 quemadmodum
1311 3758 1386 3816 dixit
1397 3759 1488 3824 Deus,
1496 3761 1555 3816 Er-

513 3855 575 3894 osse
602 3834 783 3911 intelligutur
810 3835 861 3910 qui
885 3835 1006 3911 genuit:
1059 3837 1187 3912 spectavi
1210 3845 1240 3894 nt
1257 3836 1376 3914 faceret
1396 3839 1554 3916 judicium.

514 3913 712 3987 (latitudinem
755 3914 833 3971 enim
876 3914 1008 3973 vocabuli
1049 3913 1126 3990 fecit
1141 3924 1234 3974 antem
1249 3917 1434 3995 iniquitaten.

644 4135 657 4172 d
672 4133 741 4181 Rom.
754 4133 777 4181 ii.
796 4147 831 4193 ¹3·
842 4144 867 4181 ot
878 4133 932 4181 διο.
944 4134 976 4181 ἰν.
993 4148 1028 4180 ιι.
1280 4145 1292 4174 e
1307 4135 1352 4183 Iso„
1365 4151 1388 4182 ν.
1403 4149 1425 4195 7.
