3700 5667
496 675 561 740 278
827 668 1208 733 ANNOTATIONES

542 842 580 905 P.
598 841 657 926 263
681 840 701 904 l.
715 841 744 904 6.
761 843 795 904 ἐν
813 840 1004 923 αἰχμαλωσίᾳ
1019 838 1264 923 ἐπιλαθομένους]
1282 839 1428 904 Positum
1443 848 1494 905 eet
1510 841 1549 905 in

498 943 689 1008 editionibus
709 942 854 1006 omnibus
871 948 989 1027 praeter
999 942 1172 1026 peineipem
1192 944 1226 1004 ἐν
1246 945 1436 1026 αἰχμαλωσίᾳ
1454 945 1548 1007 ἐπελ-

499 1048 613 1119 θόντας,
642 1044 884 1121 ἐπιλαθομένους,
911 1044 967 1108 eed
995 1045 1177 1110 ἐπελθόντας
1205 1044 1291 1108 istud
1321 1044 1548 1129 negligendum

498 1147 617 1232 putavi.
673 1146 783 1230 Neque
811 1152 989 1230 agnoscunt
1018 1144 1142 1208 oodioes
1171 1145 1280 1230 scripti
1309 1153 1471 1230 quatuor;
1509 1155 1549 1212 et

498 1255 635 1332 quatuor
655 1248 716 1312 otii
737 1247 841 1311 looum
857 1247 905 1310 ite
926 1247 1087 1321 exhibent,
1105 1249 1138 1310 ἐν
1157 1249 1348 1332 αἰχμαλωσίᾳ
1364 1248 1549 1329 γευομένους

499 1350 788 1430 ἐπιλανθανομένους
808 1375 851 1422 τε,
868 1359 1062 1434 quapropter
1079 1349 1112 1411 in
1132 1346 1199 1411 eolo
1214 1349 1312 1412 codiee
1328 1366 1399 1433 205,
1415 1350 1547 1415 favente

497 1461 606 1517 eutem
634 1452 766 1516 Heroeti
795 1451 1058 1535 Ιοίυρνοίαἰίουο,
1087 1451 1282 1535 thoroeque
1312 1452 1546 1530 θοιυιυουίοτὶο,

498 1557 679 1622 ἐπελθόντας
693 1553 820 1618 videtur
834 1553 983 1639 positum.
1014 1552 1177 1616 Exhibent
1191 1554 1359 1617 Pedalium
1373 1562 1407 1618 et
1421 1553 1548 1638 Syllano

500 1658 534 1720 ἐν
562 1660 597 1735 τῇ
627 1657 817 1739 αἰχμαλωσίᾳ
849 1657 1035 1721 ἀπελθόντας
1066 1655 1114 1718 καί
1144 1657 1191 1718 ἐπ.
1220 1662 1253 1719 et
1282 1656 1440 1720 euffioiunt
1469 1659 1547 1719 ποτέ

497 1759 598 1822 πιστοί
612 1780 670 1843 pro
685 1761 839 1822 Ποντικοί.

542 1859 624 1923 Ibid.
648 1858 669 1922 l.
690 1878 739 1923 12.
761 1859 939 1945 Πυεύματι]
962 1860 1106 1922 Zonaras
1124 1857 1190 1922 ait:
1209 1856 1303 1921 Ὀσοι
1323 1859 1380 1938 μὲν
1402 1858 1464 1931 οὖν,
1485 1866 1546 1938 φη-

497 1962 557 2034 σίυ,
581 1961 870 2043 αἰχμαλωτισθέντες
892 1962 974 2033 ποτέ,
998 1960 1262 2042 συγκατετόγησαν
1283 1967 1344 2026 τοῖς
1364 1959 1545 2041 βαρβάροις.

498 2063 546 2125 καὶ
559 2060 621 2142 μετ’
638 2062 733 2125 αὐτῶν
751 2063 883 2140 ἐπῆλθον
897 2061 1147 2142 βαρβαρωθέντες
1161 2065 1199 2124 τὰ
1213 2063 1274 2140 ἔθη·
1298 2065 1345 2126 καί
1360 2064 1461 2142 ὥσπερ
1477 2064 1544 2125 ἐπι-

497 2167 658 2245 λαθόμενοι
673 2166 718 2228 ὅτι
733 2166 765 2226 ἐκ
780 2168 832 2227 τοῦ
854 2165 972 2227 Πόντου
993 2163 1072 2241 ἦσαν
1086 2165 1271 2243 Χριστιανοὶ,
1288 2166 1457 2244 ὁμοφύλους
1471 2167 1546 2246 ἐφό-

498 2265 646 2345 νευσαν,ἢ
661 2268 747 2332 ὀδοὺς
757 2267 949 2329 ὑπεδείκνυον
963 2271 1024 2331 τοῖς
1033 2263 1200 2344 βαρβάροις
1214 2266 1416 2346 ἆγνοουμένας
1431 2266 1544 2340 αὐτοῖς,

496 2367 514 2447 ἢ
537 2371 629 2434 οἰκίας
650 2370 860 2434 λανθανοόσας
882 2368 996 2433 αὐτούς·
1023 2368 1103 2430 οὗτοι
1123 2369 1196 2444 μηδὲ
1219 2370 1261 2433 εἰς
1282 2370 1426 2448 ἀκρόασιν
1446 2393 1545 2448 παρα-

418 2534 422 2539 ,
497 2469 690 2552 ὀεχθήτωσαν
706 2473 929 2549 μετανοοῦντες·
953 2467 1106 2532 τουτέστιν
1123 2468 1178 2546 ἐξω
1196 2475 1349 2534 παντελῶς
1368 2473 1418 2547 τῆς
1437 2471 1545 2549 ἐκκλη-

497 2571 564 2636 σίας
594 2569 801 2650 ἐστηκέτωσαν
830 2571 863 2633 ἐν
890 2571 971 2654 τόπιρ
996 2570 1107 2648 δηλαδὴ
1136 2572 1389 2661 προσκλιιιόντων,
1420 2570 1475 2636 ἐως
1504 2570 1546 2633 ἂν

497 2671 691 2749 σιωπήσωσιν
704 2674 734 2735 οἰ
751 2671 830 2752 ἅγιοι
849 2671 917 2752 περὶ
935 2671 1030 2734 αὐτῶν
1050 2672 1132 2749 κοινῇ
1152 2674 1358 2738 συνελθόντες·
1380 2675 1483 2752 ἁγίους
1497 2674 1543 2745 δέ,

496 2770 515 2850 ἢ
529 2773 597 2839 τοὺς
612 2774 790 2840 ἐπισκόπους
805 2779 900 2846 καλεῖ,
916 2771 934 2851 ἢ
952 2774 1020 2839 τοὺς
1036 2774 1158 2839 πιστοὺς
1172 2776 1273 2839 ἁπλῶς
1291 2777 1364 2836 κατὰ
1378 2773 1431 2837 τὸυ
1444 2773 1545 2854 μέγαν

497 2875 669 2938 ἀπόστολον
684 2880 818 2938 Παῦλον.
841 2875 875 2938 τὸ
895 2875 938 2946 δέ,
954 2875 1011 2953 πρὸ
1031 2875 1126 2937 αὐτῶν
1147 2878 1188 2958 τῷ
1208 2873 1283 2960 ἁγίῳ
1298 2877 1451 2955 πνεύματι,
1469 2876 1543 2954 ἐπή-

497 3000 584 3057 γαγε,
601 2976 714 3042 δεικνὺς
735 2977 781 3039 ὅτι
802 2976 862 3038 θσα
885 2978 918 3038 ἐν
941 2980 1023 3061 κοινῇ
1045 2976 1202 3059 διασκίψει
1217 2980 1439 3057 οἰκονομοῦντοι
1460 2981 1545 3058 παρὸ

498 3079 675 3150 ἐπισκόπων,
691 3077 709 3156 ἢ
726 3078 773 3140 καί
788 3075 890 3142 ἁπλῶς
906 3082 964 3139 τῶυ
978 3082 1103 3152 πιστῶν,
1120 3077 1153 3139 τὸ
1169 3077 1255 3158 ἅγιον
1274 3084 1390 3158 πνεῦμα
1402 3080 1544 3157 ὑποτίθη-

498 3205 549 3243 σιυ
564 3181 638 3242 atre
651 3186 713 3246 τοῖς
728 3181 795 3260 περί
810 3180 905 3243 αὐτῶν
920 3179 1188 3258 διασκεπτομέυοις.
1226 3181 1306 3244 Tam
1321 3191 1440 3244 tetrum
1454 3180 1545 3244 vide-

498 3280 594 3344 batur
608 3281 721 3344 horum
735 3281 935 3366 proditorum
952 3280 984 3342 in
1003 3280 1141 3364 petriam
1155 3282 1313 3359 delictum,
1330 3289 1366 3346 ut
1380 3282 1457 3345 illud
1471 3282 1547 3346 reli-

498 3383 602 3467 querit
618 3382 738 3466 judioio
760 3383 908 3468 synodico
931 3383 1114 3467 Gregorius,
1136 3405 1198 3468 quo
1218 3386 1448 3458 decerneretur,
1463 3386 1545 3471 quid

497 3483 538 3547 de
552 3483 591 3546 iis
610 3484 788 3547 faciendum
802 3484 919 3558 fuerit3
944 3491 1052 3548 temen
1072 3493 1145 3567 post
1164 3485 1291 3570 longum
1312 3487 1395 3550 sorte
1415 3494 1547 3573 tempus

498 3585 540 3649 ud
555 3585 869 3649 communicationem
885 3585 1023 3650 eoolesiae
1038 3584 1233 3670 recipiendis.

881 3888 1034 3953 OANON
1057 3889 1153 3952 VIII.

542 4073 625 4138 Ibid.
641 4074 661 4137 1.
677 4095 727 4156 ¹4·
747 4076 825 4142 Τοὺς
844 4079 876 4141 δὲ
894 4078 967 4161 tte]
994 4077 1087 4162 ἰΤιιίρο
1106 4076 1268 4162 praemieeo
1282 4078 1349 4142 haee
1364 4086 1450 4155 sunt,
1466 4085 1548 4160 Περὶ

498 4181 556 4242 τῶν
578 4179 668 4242 οἴκοις
690 4177 858 4258 ἀλλοτρίοις
881 4182 1022 4243 ἐπελθεῖν
1041 4180 1255 4258 τολμησάντων
1278 4184 1311 4244 ἐν
1332 4186 1366 4259 τῇ
1389 4187 1447 4244 τῶν
1468 4189 1548 4263 βαρ-

497 4276 601 4358 βόρωυ
617 4279 765 4358 ἐπιδρομῇ.
812 4279 875 4344 Sed
897 4282 938 4345 de
959 4282 1009 4344 hie
1030 4281 1258 4345 additamentis
1279 4283 1344 4345 dixi
1365 4283 1407 4347 ed
1428 4285 1545 4347 θουοιι.

500 4402 543 4442 τι.
576 4378 720 4458 Ἀξιιίσῃς
734 4403 793 4465 pro
808 4380 935 4459 ἀξιῶσαι
949 4383 1052 4447 minue
1066 4383 1146 4447 bene
1161 4385 1305 4468 Syoopeie
1318 4407 1356 4448 eo
1372 4386 1546 4451 Pedalium.

544 4479 625 4543 Ibid.
642 4480 662 4546 I.
679 4499 728 4564 17.
746 4484 933 4569 ὑποπίπτειν]
946 4485 1078 4550 Addunt
1094 4488 1198 4553 αὐτοὺς
1212 4487 1296 4550 codd.
1308 4490 1404 4572 3385.
1419 4495 1453 4552 et
1468 4491 1545 4573 625.

498 4581 600 4645 Ιίοισί.
617 4582 728 4667 inquo
744 4583 870 4666 quidem
891 4587 1066 4670 posteriore
1081 4589 1178 4652 verbo
1195 4599 1246 4653 ter
1264 4598 1547 4675 repraesententur.
