3700 5667
470 656 537 719 148
825 652 1179 719 ANNOTATIONES

478 823 612 890 Passus
628 821 859 892 celebratione.
904 822 952 884 At
974 825 1134 885 tractatus
1148 819 1279 884 Thomas
1301 819 1442 882 nondum
1462 820 1528 884 edi-

478 931 532 988 tus
547 922 683 987 habetur
697 922 730 985 in
744 921 937 987 bibliotheca
956 922 1054 1006 regia.
1077 921 1245 985 Bsunzrus.
1291 920 1421 985 Videsis
1443 920 1528 985 inira

479 1045 551 1110 quae
566 1025 606 1088 de
622 1032 767 1109 tempore
783 1024 960 1088 Dominicae
975 1024 1215 1089 resurrectionis
1237 1023 1291 1087 alii
1310 1023 1404 1087 aliter
1423 1029 1526 1089 statu·

477 1127 561 1192 crint
575 1127 609 1191 in
624 1127 774 1191 Droursu
789 1128 892 1196 Aanx.
909 1127 1014 1211 Epist.
1030 1127 1076 1191 ad
1089 1126 1260 1192 Basiliden
1275 1125 1326 1188 bic
1340 1125 1439 1190 edita.

523 1229 562 1292 P.
582 1247 654 1291 100.
676 1228 696 1290 l.
724 1229 773 1292 18.
797 1229 937 1315 Propter
963 1230 1047 1313 quod
1075 1228 1147 1314 tro]
1174 1228 1286 1292 Refert
1314 1227 1397 1291 hunc
1422 1227 1526 1291 locum

478 1338 606 1394 sanctus
624 1330 825 1415 Augustinus
848 1353 993 1395 sermone
1010 1349 1082 1413 294.
1099 1352 1130 1415 p.
1149 1350 1347 1414 1193.n0vae
1366 1329 1526 1394 editionis.

477 1431 647 1497 Bsnuams.
696 1432 746 1495 lbi
763 1433 795 1496 S.
807 1434 1018 1518 Augustinus,
1033 1432 1082 1495 vel
1102 1432 1183 1496 alius
1198 1431 1278 1516 quis,
1294 1432 1436 1495 adducto
1455 1431 1526 1496 loco

478 1531 546 1595 haeo
570 1531 698 1615 quidem
723 1533 877 1617 prefatus
903 1542 974 1607 est;
1008 1536 1138 1598 sanem
1163 1535 1338 1618 cyprianus
1362 1543 1413 1611 est,
1440 1555 1527 1619 quern

477 1634 512 1699 irs
533 1655 642 1698 omaus
661 1634 784 1720 smupsi,
799 1635 944 1720 antiquas
963 1636 1115 1721 metopas
1134 1636 1214 1700 sodis
1231 1635 1344 1718 dayam·
1368 1635 1447 1720 quid
1462 1656 1527 1700 sca·

477 1735 549 1799 ecrit
564 1735 600 1798 do
617 1733 762 1819 baptismo
773 1736 986 1820 porvulorum,
1001 1737 1061 1800 imo
1079 1737 1157 1821 qaid
1168 1758 1282 1822 seraper
1294 1736 1447 1802 ecclesiam
1461 1756 1526 1799 sen·

476 1835 547 1899 sisso
562 1836 781 1911 morramoerit,
792 1836 958 1920 paululum
972 1839 1108 1923 accipito.

523 1937 606 2002 Ibid.
627 1938 648 2001 l.
669 1955 719 2019 27.
743 1937 846 2002 Porro
867 1955 976 2004 autem
998 1940 1068 2024 δια]
1094 1939 1211 2004 Totum
1235 1938 1319 2003 huno
1341 1938 1445 2003 locum
1470 1938 1525 2001 de-

477 2040 606 2125 scripsit
631 2047 761 2111 sauotus
784 2040 999 2123 Hieronymus
1025 2041 1058 2103 in
1082 2040 1144 2103 line
1169 2039 1241 2104 libri
1264 2038 1352 2105 tertii
1375 2040 1527 2102 adversus

479 2142 678 2227 Pelagianos.
724 2142 787 2205 Sed
810 2143 896 2228 apud
920 2142 1152 2226 Hieronymum
1174 2141 1290 2225 legitur
1311 2141 1446 2204 remissio
1467 2161 1527 2225 pro

477 2245 622 2316 raabam·
647 2251 680 2308 et
702 2266 760 2327 pro
782 2267 819 2307 eo
842 2244 927 2328 quod
949 2244 1035 2328 apud
1053 2243 1246 2328 cyprianum
1267 2250 1354 2308 recte
1372 2242 1527 2328 scriptum

478 2352 528 2409 est
542 2345 579 2409 do
598 2366 650 2430 ope
666 2355 769 2410 costra
790 2368 827 2409 ao
848 2345 958 2409 diviua
974 2345 1194 2420 misericordia,
1210 2344 1243 2407 in
1260 2344 1457 2429 Hieronymo
1471 2343 1528 2408 ha-

478 2446 534 2510 bet
548 2446 584 2508 ds
597 2468 650 2532 ope
664 2456 767 2511 noum
781 2447 979 2511 addititiam
992 2447 1240 2511 resonantiam.
1267 2447 1439 2510 Bsnnzws.

524 2547 608 2612 Ibid.
625 2549 712 2613 1.28.
734 2548 929 2634 gravissimis
953 2549 1169 2634 delictoribus]
1190 2550 1415 2636 Negatoribus,
1431 2549 1527 2614 sacri-

478 2648 593 2725 flentis,
617 2649 774 2715 libellatis.
819 2650 999 2716 Delictores
1024 2652 1102 2717 dicit
1126 2674 1180 2716 eos
1203 2651 1257 2736 qui
1280 2652 1377 2715 tidem
1398 2650 1528 2716 Christo

465 2751 588 2815 'datam
617 2753 836 2830 deseruerunt,
862 2753 1111 2837 dereliquerunt.
1158 2753 1402 2818 Obserravimus
1430 2775 1528 2837 supra

478 2853 520 2919 ad
536 2853 642 2937 Epist.
658 2876 707 2918 nv,
725 2854 779 2937 (el.
797 2854 1052 2938 mr.)R1esm1us
1071 2878 1092 2919 a
1111 2855 1201 2919 Fello
1218 2855 1342 2919 allatus.
1388 2857 1437 2919 At
1451 2877 1528 2918 vero

478 2955 578 3039 magis
593 2956 706 3019 suadet
720 2955 808 3032 illud,
825 2977 892 3019 mm
899 2966 1005 3040 postea
1020 2956 1214 3032 credideriut,
1229 2958 1417 3041 exponenda
1430 2957 1529 3020 verba

478 3056 567 3120 lstaeo
596 3056 636 3119 de
664 3056 844 3120 hominibus
870 3057 1084 3122 Christianam
1115 3058 1208 3119 tidem
1237 3058 1402 3141 amplexis,
1428 3066 1528 3141 atque
1585 3077 1587 3080 ·

478 3156 596 3227 idcirco
616 3158 810 3242 baptismum
830 3159 1023 3242 petentibus,
1041 3181 1097 3244 por
1117 3181 1210 3243 quem
1229 3158 1356 3243 quidem
1376 3159 1528 3244 baptismi

479 3257 577 3323 ritum
595 3259 628 3321 in
642 3259 769 3327 nomine
783 3260 898 3324 Divino
918 3262 1112 3325 celebratum
1128 3277 1260 3345 peccata
1280 3261 1386 3327 omnia
1405 3260 1528 3325 remitti

480 3382 518 3428 ac
533 3361 630 3427 deleri
646 3363 797 3426 credebat
812 3363 997 3448 antiquitas.

525 3465 607 3529 Ibid.
625 3465 644 3528 l.
661 3484 714 3549 32.
737 3465 797 3528 nisi
820 3466 904 3549 quod
925 3466 1097 3528 secundum
1114 3464 1236 3550 Adam]
1255 3464 1320 3527 Vix
1341 3463 1416 3528 alibi
1438 3485 1528 3547 repe-

481 3564 575 3640 ritur,
603 3566 688 3649 apud
713 3566 862 3649 antiquos
888 3567 1070 3652 scriptores,
1098 3565 1184 3629 locus
1209 3566 1252 3629 ad
1276 3564 1527 3630 confirmandum

480 3665 596 3751 dogma
618 3666 658 3730 de
686 3666 831 3750 originali
853 3676 994 3751 peccato,
1017 3668 1119 3751 magis
1144 3666 1318 3750 appositus,
1342 3675 1376 3730 et
1400 3687 1527 3750 expres·

480 3788 543 3830 sus.
589 3767 639 3829 De
653 3774 795 3831 veterum
816 3768 875 3832 hac
895 3768 928 3831 iu
948 3791 1045 3832 nauso
1066 3767 1191 3853 placitis
1212 3767 1396 3832 consulatur
1414 3780 1529 3831 auctor

481 3866 635 3930 Historias
660 3867 852 3951 Pelagianae,
873 3869 926 3932 lib.
950 3870 982 3933 ii.
1007 3871 1060 3954 qui
1087 3880 1195 3934 tamen
1217 3870 1375 3933 immerito
1399 3869 1528 3954 sugillat

480 3967 674 4032 Clementem
701 3969 968 4047 Alexandrinum,
993 3972 1083 4057 quasi
1110 3972 1288 4036 doctrinam
1314 3973 1354 4035 de
1381 3971 1528 4056 originali

479 4080 611 4157 peccato
640 4094 703 4135 uon
733 4071 812 4136 satis
841 4073 1062 4151 intellexisset,
1090 4075 1244 4159 siquidem
1272 4096 1343 4159 quae
1372 4074 1527 4141 Stromat.

479 4175 532 4238 lib.
548 4175 590 4238 iii.
607 4174 736 4259 abipso
757 4175 922 4258 disput-ata
945 4185 1030 4251 suut,
1047 4177 1197 4239 adversus
1219 4175 1403 4242 Encratitas
1425 4178 1528 4241 inten-

480 4278 644 4352 tabantur,
665 4278 718 4362 qul
741 4278 886 4342 serebant
908 4279 961 4358 τὴν
985 4279 1106 4359 γένεσιν
1128 4281 1229 4344 ἁπλῶς
1252 4279 1475 4359 ἐπικατᾶρατον,
1491 4289 1529 4344 ut

480 4381 527 4443 ait
547 4379 665 4463 Epiph.
697 4381 800 4443 Porro
821 4380 1007 4445 asserebant
1027 4381 1189 4444 Adamum
1211 4380 1407 4444 damnatum.
1441 4380 1527 4449 lren.

479 4482 533 4546 lib.
559 4484 586 4545 1.
611 4505 638 4545 c.
661 4502 712 4566 30.
747 4483 877 4545 Faunus.
935 4483 1150 4567 Hieronymus
1178 4482 1232 4545 lib.
1255 4482 1297 4546 iii.
1320 4482 1393 4546 ado.
1418 4481 1527 4565 Polay.

481 4607 508 4673 p.
525 4603 600 4669 545.
625 4592 657 4647 ct
676 4584 818 4668 pluribus
841 4585 917 4648 locis
937 4585 1146 4670 Augustinus,
1163 4584 1391 4649 auctoritatem
1413 4583 1527 4652 barum
