3700 5667
496 658 562 726 466
830 656 1213 724 ANNOTATIONES

498 830 608 896 durius
629 830 689 894 hoo
712 837 774 904 est,
791 829 877 894 haud
900 828 1091 892 tentandum
1114 834 1232 899 tumen,
1254 847 1327 890 cum
1349 832 1428 891 tota
1452 826 1568 890 oratio

497 934 612 998 saabra
627 932 670 997 sit
685 939 718 996 et
733 953 845 1016 parum
862 929 990 994 Latina.

544 1035 581 1099 P.
593 1052 634 1118 45
637 1050 668 1119 5.
680 1033 700 1097 l.
715 1054 763 1096 11.
781 1032 975 1117 conditione]
988 1030 1093 1095 Gloss.
1105 1030 1180 1096 Vct.
1196 1030 1343 1095 Conditio.
1356 1030 1564 1098 κατάστασις.

502 1137 576 1201 Ηοο
599 1135 726 1220 quidem
749 1135 818 1198 loco
840 1156 898 1218 pro
920 1134 1068 1198 creatione
1089 1155 1151 1196 vox
1174 1132 1320 1197 adhibita
1345 1140 1409 1207 est,
1433 1134 1561 1217 saepius

504 1239 590 1324 apud
606 1236 835 1302 ecclesiasticos
850 1236 1022 1321 scriptores
1037 1235 1112 1323 poni
1127 1234 1222 1301 solita
1236 1257 1294 1319 pro
1308 1256 1342 1299 re
1354 1245 1474 1299 creata.

543 1340 628 1403 Ibid.
650 1338 741 1416 l.14.
764 1338 900 1423 septimo
1000 1337 1211 1421 consecravit]
1237 1338 1311 1401 MS.
1333 1337 1462 1423 septimo
1485 1338 1558 1423 qai·

498 1441 550 1506 dus
576 1438 707 1506 &odoram
733 1438 930 1504 irradiatione
954 1463 961 1502 :
986 1463 994 1503 ε
1020 1463 1028 1503 :
1050 1440 1244 1526 mmepraait,
1269 1460 1341 1503 cum
1367 1460 1384 1502 e
1409 1461 1513 1525 super
1532 1461 1559 1525 p

499 1544 628 1628 scripto.
674 1541 779 1605 Verba
804 1540 914 1626 quidue
943 1539 1072 1604 latorem
1101 1539 1256 1604 transfixa
1285 1547 1360 1603 sant
1385 1537 1508 1603 lineola
1533 1562 1557 1603 a

498 1645 619 1710 recenti
636 1666 751 1719 manu3
776 1665 817 1707 ex
831 1642 972 1727 vestigiis
992 1642 1158 1726 scripturae
1173 1640 1288 1706 veteris
1307 1639 1352 1705 sio
1366 1640 1556 1705 restitua-

498 1746 634 1833 septimo
654 1745 767 1830 proiecit
784 1767 806 1808 a
825 1742 924 1808 ledere
946 1751 980 1808 et
1003 1743 1221 1808 benedictione
1243 1741 1450 1807 consecravit.
1498 1743 1556 1807 Sia

498 1849 592 1925 infra,
606 1849 669 1912 Die
685 1847 806 1931 sptium
821 1846 967 1930 requievit
980 1844 1020 1910 ad
1033 1843 1168 1910 omnidm
1184 1843 1320 1930 operimus
1336 1845 1409 1921 aaa,
1424 1855 1454 1909 et
1469 1843 1554 1909 berm-

498 1952 580 2016 diuit
602 1973 678 2015 mm.
703 1950 896 2013 Wnuneaus.
943 1949 977 2012 Si
997 1950 1047 2012 hae
1066 1948 1124 2012 viri
1144 1947 1182 2012 cl.
1198 1947 1409 2012 correctiones
1427 1947 1463 2011 in
1481 1956 1555 2012 tex-

500 2065 569 2118 tum
597 2054 713 2117 debent
738 2051 845 2136 recipi,
867 2073 928 2137 ego
951 2051 1088 2137 quidem,
1113 2073 1185 2115 cum
1212 2051 1244 2114 in
1271 2049 1379 2114 MSto.
1407 2051 1554 2135 spatium

500 2156 645 2220 relictum
669 2154 711 2218 sit
732 2161 805 2240 post
823 2175 931 2218 vocem
947 2151 1154 2229 maediaiaue,
1170 2152 1351 2216 addendum
1372 2154 1553 2237 putaverim

500 2280 577 2322 eane.
624 2256 687 2321 Sed
707 2255 816 2319 malim
836 2278 895 2341 ego
914 2254 1032 2340 quietus
1051 2278 1072 2320 a
1092 2255 1191 2320 ladam
1212 2277 1270 2340 pro
1289 2254 1397 2351 quidus
1416 2254 1553 2321 laborem

498 2381 661 2444 reponere,
686 2366 719 2423 et
742 2380 800 2422 moa
822 2358 941 2422 addere
964 2365 1037 2442 post
1060 2356 1267 2423 dmedietiaue.
1320 2357 1409 2422 Infra
1434 2358 1554 2425 scribit

498 2470 624 2539 auctor,
640 2482 707 2527 cum
720 2461 867 2526 homiaem
882 2459 1029 2524 benedicit
1042 2469 1070 2524 ct
1083 2461 1261 2544 sanctificat.
1277 2483 1309 2545 p.
1323 2481 1399 2545 459.
1414 2460 1434 2524 l.
1456 2481 1509 2527 20.

543 2563 627 2627 Ibid.
641 2562 662 2628 l.
683 2582 731 2645 17.
752 2563 867 2628 dehac
887 2562 1055 2649 septimam
1069 2562 1111 2626 ad
1126 2562 1266 2627 omnium
1286 2564 1553 2648 septimanarium

498 2664 678 2751 regionum]
696 2664 768 2729 MS.
783 2665 943 2750 septimam
956 2663 1002 2727 ud
1013 2663 1145 2728 omnium
1158 2665 1367 2751 septinarium
1380 2665 1551 2750 reqionum.

500 2767 602 2850 Lego,
624 2767 661 2830 dc
685 2766 743 2830 hac
769 2767 952 2850 septiviram,
973 2766 1107 2829 omnium
1135 2767 1373 2851 septimanarum
1398 2766 1552 2830 rationem

499 2866 645 2928 metibor.
691 2866 790 2943 lafra,
808 2867 861 2950 qui
884 2873 976 2930 extra
995 2867 1132 2930 ordinem
1150 2868 1326 2952 septimana
1341 2866 1555 2950 dispositionis

499 2989 684 3031 excessurus
707 2975 766 3032 est.
792 2969 951 3029 Wunnnn.
998 2967 1073 3031 For.
1092 2967 1257 3033 rmditahor
1278 2990 1336 3054 pro
1358 2967 1484 3033 rnatidor
1505 2970 1555 3035 le-.

498 3068 637 3152 gendum
653 3076 710 3133 est.

544 3168 626 3234 Ibid.
641 3169 662 3234 l.
681 3189 730 3235 20.
748 3171 876 3236 virtutis
895 3170 980 3235 diem
994 3173 1027 3236 in
1045 3195 1114 3237 eam
1129 3172 1448 3259 consummationem]
1467 3174 1552 3239 For-

499 3279 586 3337 tasse
615 3275 830 3358 reponendum
859 3282 919 3351 est,
949 3276 1074 3340 uirtutis
1108 3276 1222 3341 dirime
1258 3277 1552 3343 comminationem.

501 3375 615 3447 Habeo
628 3376 711 3442 infra
724 3400 755 3462 p.
771 3395 845 3462 457.
862 3377 882 3444 l.
900 3400 929 3463 a
946 3380 1165 3464 Deae—opera
1178 3401 1235 3442 am
1249 3380 1473 3444 ammentavit.

544 3478 628 3543 Ibid.
645 3478 665 3542 l.
684 3499 734 3544 21.
751 3480 905 3567 conabor]
923 3481 1110 3545 Gallandius
1124 3483 1182 3557 ait,
1199 3495 1217 3516 “
1231 3482 1404 3546 Walkerus
1418 3483 1551 3568 legebat

500 3594 518 3627 ⁴·
536 3604 690 3646 conamur.
729 3583 792 3647 Sed
807 3583 1011 3668 precedentia
1025 3583 1278 3669 metibor-prout
1288 3595 1551 3670 potuero-cona-

501 3697 519 3718 “
537 3683 589 3747 bor
602 3685 769 3767 legendum
784 3686 929 3749 suadent.
976 3686 1028 3750 Sia
1043 3685 1125 3750 infra
1142 3688 1170 3768 ξ.
1183 3687 1222 3751 vi.
1238 3697 1272 3751 at
1285 3708 1367 3751 mma
1373 3711 1481 3773 parca
1489 3714 1551 3776 po-

500 3798 519 3819 “
536 3787 614 3857 terit,
631 3784 759 3849 coactor
772 3787 951 3850 ostendere.”
989 3788 1028 3850 In
1044 3788 1116 3852 MS.
1135 3789 1260 3872 quidem
1279 3812 1374 3874 super
1388 3791 1516 3857 literam
1531 3819 1553 3859 o

498 3888 704 3973 posteriorem
719 3888 751 3951 in
767 3910 906 3953 mamm
921 3890 1041 3976 scripta
1055 3899 1105 3955 est
1120 3891 1213 3956 litera
1227 3914 1258 3969 a,
1273 3914 1336 3955 non
1351 3915 1372 3956 a
1389 3894 1554 3960 Walkaro

498 3988 611 4053 addita
635 4010 691 4053 seu
717 3991 865 4075 reposita.
921 3991 1032 4057 Habet
1055 3994 1143 4058 Gavii
1167 3995 1385 4081 apographum
1408 3997 1550 4063 metator.

499 4091 603 4157 Extat
618 4091 694 4156 illud
710 4093 793 4158 infra
807 4116 837 4181 p.
853 4099 927 4174 460.
944 4094 965 4161 Ι.
981 4097 1012 4159 8.
1028 4095 1155 4160 mandor
1168 4098 1327 4162 ostaodare.

543 4194 626 4258 Ibid.
649 4194 669 4259 1.
693 4215 745 4258 22.
769 4195 981 4283 duodenario]
1005 4198 1221 4263 duodecimi-io
1246 4200 1316 4263 MS.
1354 4201 1550 4269 Corroxerat

499 4297 586 4364 Gavii
601 4300 776 4385 apograph.

543 4401 583 4462 P.
599 4403 673 4485 456.
689 4400 712 4464 l.
732 4423 758 4466 1.
774 4402 1183 4489 requies-superduceret]
1203 4407 1291 4469 Bene
1306 4404 1481 4470 Walkerue
1500 4432 1548 4473 rc·

497 4500 606 4583 quietis
620 4522 678 4584 pro
693 4504 810 4587 requies
824 4503 981 4590 reposuit;
1005 4505 1091 4570 Gavii
1106 4507 1323 4592 apographum
1338 4507 1549 4591 uiperdaaerct

497 4601 620 4684 praebet
636 4622 693 4686 pro
706 4605 910 4691 aipcrdoccrct
925 4606 1059 4673 tectione
1075 4609 1174 4674 MSti.
