3700 5667
575 679 625 741 IN
651 679 682 742 S.
700 678 931 742 CORNELII
957 678 1275 741 FRAGMENTA.
1407 681 1445 740 41

397 848 568 923 indicetur,
584 847 666 912 sicut
686 848 778 925 infra,
794 848 847 911 nbi
868 849 1004 911 eundern
1020 846 1234 912 Novatianum
1253 849 1449 912 consessores

396 951 451 1015 isti
471 951 692 1014 schismaticam
706 960 734 1015 et
747 950 919 1014 hereticum
938 949 1084 1013 bisileens
1101 950 1274 1035 appellant,
1291 959 1359 1014 tum
1376 973 1450 1013 vero

396 1053 429 1116 in
454 1052 518 1115 isto
535 1053 575 1115 de
595 1052 705 1115 iisdem
723 1053 954 1116 confessoribus
970 1054 1118 1136 Cypriani
1135 1053 1225 1129 loco;
1250 1055 1449 1137 Posteaquam

396 1176 447 1218 cos
476 1154 514 1217 de
543 1176 661 1217 carcere
682 1155 864 1238 pmdcoutes
891 1155 1096 1217 schismaticos
1125 1164 1152 1217 et
1181 1154 1337 1217 hereticus
1365 1176 1451 1218 error

395 1257 522 1341 excepit.
546 1257 606 1341 Ep.
623 1275 675 1340 51.
691 1257 731 1319 al.
747 1275 800 1340 54.
845 1258 962 1321 Confer
976 1258 1144 1321 Constant.
1162 1256 1255 1341 paulo
1277 1257 1359 1319 infra
1374 1280 1448 1342 pag.

395 1378 449 1438 42.
468 1367 503 1421 et
518 1359 559 1421 ad
574 1357 643 1422 init.
654 1358 759 1442 Epist.
772 1359 907 1423 Cornelii
924 1360 963 1420 ud
980 1358 1126 1421 Fabium.
1142 1381 1172 1442 p.
1188 1378 1241 1442 50.

443 1463 481 1523 P.
499 1461 546 1523 18.
569 1460 588 1523 l.
609 1480 657 1523 12.
694 1460 840 1523 contrahi
873 1461 1117 1546 presbyterium]
1156 1461 1215 1525 Ait
1246 1468 1314 1524 tam
1342 1459 1449 1524 Fellns

396 1583 495 1646 qnam
512 1562 668 1638 Halmius,
681 1562 764 1626 hunc
776 1563 870 1626 fuisse
886 1564 1143 1647 presbyterorum
1159 1563 1299 1626 ecelesiae
1315 1564 1450 1627 Cartha»

395 1665 549 1751 giniensis
578 1686 782 1737 consessum
821 1666 974 1728 memorie
1003 1666 1062 1728 hoc
1091 1666 1152 1729 illis
1181 1667 1359 1742 excidente,
1383 1689 1449 1751 prae

397 1767 545 1831 manibus
566 1790 600 1830 se
614 1768 732 1831 habere
747 1767 883 1832 Cornelii
903 1769 1050 1842 Romani,
1068 1791 1130 1831 non
1147 1768 1299 1853 Cypriani
1316 1770 1448 1833 Cartha·

395 1867 549 1951 giniensis
563 1868 740 1954 epistolam.
787 1871 842 1934 Ita
862 1879 895 1933 et
918 1877 1007 1933 errat
1022 1870 1171 1933 Balnzins
1186 1869 1269 1933 infra
1284 1892 1377 1955 pagg.
1394 1895 1448 1951 44.

397 1975 432 2031 et
447 1971 499 2046 46.

441 2069 526 2134 Ibid.
536 2071 610 2155 l.15.
621 2093 786 2156 personam
799 2073 923 2159 eornm]
940 2071 1090 2136 Formam
1103 2073 1198 2136 istam
1208 2072 1331 2136 dicendi
1344 2074 1449 2137 desen·

396 2171 447 2236 dit
463 2172 637 2237 Salmasius
652 2184 766 2239 contra
782 2175 954 2238 Miltonnm
970 2176 1137 2240 soloecismi
1153 2198 1187 2239 se
1201 2185 1412 2241 accusantem.

444 2277 527 2340 lbid.
544 2277 625 2341 l.18.
645 2277 805 2361 subjectas
827 2278 924 2364 leges]
950 2280 1010 2344 Ait
1038 2280 1192 2364 Anglicus
1215 2280 1381 2365 interpres,
1408 2282 1449 2345 cl.

399 2378 578 2453 Marshall;
613 2389 633 2418 “
648 2381 774 2464 perdita
796 2390 870 2446 sunt
894 2382 984 2446 istaec
1004 2383 1126 2446 concilii
1150 2383 1321 2447 dioecesani
1345 2394 1451 2449 vetus·

397 2480 547 2545 “tissimi
563 2481 725 2566 suffragia,
739 2485 825 2566 qnod
840 2485 931 2547 valde
946 2485 1124 2548 deflendum
1139 2489 1223 2550 est.”

443 2582 528 2645 Ibid.
545 2583 566 2646 l.
581 2603 627 2665 19.
652 2583 813 2670 Sidonius]
840 2587 1001 2651 Pamelins
1023 2587 1148 2651 addidit
1170 2598 1196 2650 et
1215 2588 1387 2664 Macarius,
1411 2609 1450 2652 ex

397 2684 584 2768 conjectura
614 2692 752 2762 tantum,
777 2695 815 2750 nt
843 2686 978 2771 ipsemet
1003 2688 1133 2765 fatetur,
1160 2689 1235 2772 qnia
1261 2688 1348 2753 illum
1379 2711 1450 2753 oum

397 2786 524 2851 eoeteris
545 2787 677 2850 rediisse
698 2789 740 2850 ad
758 2787 922 2851 ecclesiam
944 2796 1035 2872 patet
1057 2811 1097 2852 ex
1123 2789 1226 2853 tribus
1247 2791 1452 2875 sequentibus

396 2889 550 2974 epistolis.
597 2888 663 2952 Nos
683 2890 904 2973 expunximus,
922 2892 997 2974 qnia
1012 2891 1148 2954 Macarii
1172 2915 1286 2956 nomen
1309 2895 1341 2956 in
1364 2895 1450 2957 nullo

396 3014 508 3055 eornm
524 2998 667 3054 veterum
689 2992 914 3076 exemplarium
936 2993 1109 3078 reperimus
1124 2994 1238 3077 quibus
1261 2995 1310 3058 nsi
1333 3019 1450 3071 sumus,

397 3115 501 3179 neque
523 3093 555 3155 iu
577 3093 770 3157 editionibus
786 3117 856 3178 qnae
873 3095 1090 3158 Pameliauam
1113 3104 1362 3163 antecesserunt.
1388 3100 1452 3161 llu-

380 3183 516 3259 'tuzn'e
565 3194 670 3278 Ipsius
685 3207 794 3259 tamen
810 3197 931 3259 Bulnzii
953 3205 1071 3274 textus,
1088 3205 1162 3282 post
1181 3208 1316 3263 mortem
1333 3200 1399 3285 ejus
1419 3202 1451 3263 iu

397 3294 559 3380 publicum
589 3296 706 3374 editus,
734 3297 866 3361 retinuit
892 3307 919 3360 el
941 3299 1133 3361 Memoriae.
1179 3299 1249 3384 Ego
1274 3323 1346 3363 oum
1372 3300 1453 3364 Oou-

397 3397 521 3461 stantia
536 3407 570 3461 et
587 3398 684 3461 lllSto
699 3407 835 3482 utroque
849 3421 921 3462 meo
937 3400 1021 3464 istud
1037 3402 1137 3464 omisi.

445 3500 529 3562 lbid.
556 3499 577 3563 l.
594 3519 644 3564 20.
676 3502 901 3585 adjunxerant]
937 3501 974 3563 ln
1008 3503 1078 3565 MS.
1109 3503 1204 3565 Corb.
1235 3501 1451 3583 adauxerunt.

398 3600 552 3678 Quamvis
582 3601 634 3664 hie
663 3603 815 3686 plerique,
846 3602 898 3686 qui
937 3603 1150 3665 confessorum
1182 3604 1376 3666 auctoritate
1412 3604 1453 3666 ad

399 3703 539 3767 schisma
554 3703 744 3779 deiecerant,
762 3726 833 3795 oum
848 3705 887 3767 iis
907 3705 948 3767 ad
965 3705 1127 3769 ecclesiam
1148 3706 1279 3769 rediisse
1295 3706 1453 3783 dieantur,

399 3805 484 3868 infra
509 3812 619 3869 tamen
645 3813 679 3869 et
706 3806 905 3871 redeuntium
930 3808 1027 3870 verba
1056 3816 1090 3871 et
1119 3808 1226 3894 populi
1258 3810 1298 3872 de
1328 3809 1453 3872 illorum

399 3907 505 3970 reditu
520 3907 713 3991 gratulantis
727 3930 819 3972 voces
834 3910 876 3971 ad
896 3931 976 3971 unos
991 3910 1185 3974 confessores
1200 3912 1350 3975 attinent.
1399 3914 1454 3976 Ite

399 4016 435 4074 et
458 4008 636 4094 prrianns
665 4009 748 4073 inira
773 4011 876 4095 Epist.
897 4013 925 4073 8.
951 4012 990 4073 de
1014 4011 1081 4074 solo
1105 4016 1320 4077 consessorum
1349 4015 1454 4078 reditu

400 4111 577 4175 rescribens
598 4111 747 4196 loquitur.
795 4114 860 4175 Hic
884 4122 1040 4196 praeterea
1061 4115 1274 4191 observamus,
1298 4115 1453 4178 celebrem

400 4213 482 4275 adeo
497 4211 572 4275 cleri
587 4222 785 4288 manentum,
803 4214 852 4277 cni
868 4224 902 4277 et
917 4214 1055 4298 quinque
1077 4215 1288 4278 interfuerant
1306 4215 1456 4298 episcopi,

401 4310 441 4374 de
455 4312 623 4396 proposita
635 4335 732 4376 cause
753 4313 829 4375 nihil
851 4313 910 4376 nisi
925 4336 997 4376 cum
1018 4315 1125 4399 populi
1148 4314 1265 4377 notitia
1286 4315 1456 4378 decernere

400 4412 544 4476 voluisse.
590 4417 661 4492 Qua
688 4436 727 4478 ex
753 4437 786 4477 re
813 4415 845 4476 id
864 4438 885 4478 a
901 4417 1049 4479 Cornelio
1076 4417 1197 4480 factum
1221 4416 1367 4500 colligere
1395 4424 1455 4488 est,

401 4515 486 4600 quod
508 4537 530 4578 a
549 4515 711 4600 Cypriane
728 4516 833 4601 Epist.
849 4519 879 4579 6.
895 4539 950 4581 sen
971 4538 1017 4596 14.
1041 4519 1084 4581 ad
1106 4517 1309 4602 presbyteros
1332 4523 1366 4578 et
1390 4518 1455 4579 dia-

400 4637 498 4681 eenos
522 4638 597 4681 snos
620 4617 680 4680 sibi
705 4619 905 4703 propositum
933 4619 1082 4704 legimns:
1117 4620 1257 4697 Quaado,
1280 4618 1393 4699 inquit,
1419 4616 1457 4680 ab

444 4740 510 4780 von.
528 4742 572 4782 111.
920 4745 939 4781 e
