3700 5667
375 671 427 735 IN
450 667 730 734 SGREGORII
753 666 962 730 NEOCAES.
980 664 1050 727 ΕΡ.
1069 661 1241 727 CANON.
1285 662 1351 723 288

307 852 326 879 ‘⁴
343 842 465 917 turbat,
488 838 587 902 videri
609 837 812 921 irreptitiam‚
833 835 977 918 adeoque
1000 833 1250 918 expungendam.
1291 829 1352 894 Vel

306 950 327 982 ‘⁴
343 943 426 1006 forte
439 941 569 1005 verbum
585 940 660 1021 φησὶ
672 937 944 1023 typographorum
960 935 1128 1001 oscitantia
1143 934 1353 998 substitutum

307 1054 329 1083 “
345 1067 414 1108 csse
429 1065 487 1128 pro
502 1043 588 1124 φημὶ,
600 1046 638 1104 ut
652 1040 695 1104 sit
710 1062 831 1115 sensus,
843 1039 922 1102 Dico
936 1037 1014 1101 caim
1025 1037 1161 1101 Audiens
1176 1037 1354 1122 Smptaras

309 1155 330 1186 ‘⁶
345 1156 372 1209 et
393 1144 564 1209 doctrinam
585 1141 727 1226 eliciatur
750 1140 825 1205 &o.'’
870 1141 921 1204 De
935 1140 994 1204 hac
1014 1139 1216 1224 responsione
1231 1138 1355 1222 judicet

307 1247 417 1311 lector.
471 1244 602 1319 Fateor,
629 1263 791 1319 canonem,
821 1241 861 1304 de
890 1262 953 1325 quo
983 1240 1102 1326 agitur,
1128 1262 1149 1305 a
1174 1240 1356 1305 Balsamoss

309 1346 486 1413 duodecimi
508 1344 614 1410 saeouli
637 1343 803 1408 canonista
824 1342 971 1428 agnosoi;
996 1343 1052 1405 sed
1070 1342 1163 1407 silent
1184 1343 1223 1406 de
1243 1344 1355 1407 eodem

309 1449 499 1514 vetustiores
525 1447 715 1511 Balsamone
740 1446 882 1510 Zonaras
906 1452 941 1509 et
967 1445 1104 1507 Aristoni
1128 1466 1199 1529 quae
1224 1453 1357 1510 vocatur

310 1550 462 1634 synopsis.
494 1548 604 1631 Neque
619 1547 702 1610 idem
718 1554 881 1633 comparet
895 1544 929 1607 in
943 1554 1004 1609 octo
1018 1543 1167 1609 codicilas
1177 1546 1357 1611 Bodleiaaa

309 1648 504 1714 Bibliotheca
528 1647 661 1732 seriptis,
684 1668 818 1731 quorum
840 1645 982 1709 nonnulli
1004 1645 1101 1710 etiam
1125 1653 1223 1711 aetate
1247 1648 1357 1713 Balsa·

310 1770 448 1828 monem,
463 1756 500 1813 ut
515 1748 586 1833 jam
605 1746 684 1825 dixi,
700 1747 906 1832 praecedunt3
929 1752 998 1810 tum
1013 1767 1088 1809 vero
1101 1747 1239 1812 fortasse
1252 1771 1356 1835 operae

311 1852 449 1939 pretium
468 1849 564 1914 luerit
584 1856 708 1926 notare,
724 1847 867 1912 voculam
887 1848 962 1928 φησὶ
983 1856 1059 1911 ants
1079 1848 1251 1915 adductam
1270 1854 1358 1932 ῥῆσιν

311 1955 344 2017 in
358 1954 428 2038 ipso
443 1951 497 2015 illo
513 1967 584 2035 205.
601 1956 723 2025 extare,
740 1949 793 2033 qui
808 1949 893 2012 solus
908 1970 948 2012 ex
964 1949 1109 2012 omnibus
1128 1951 1255 2036 scriptis
1275 1954 1359 2017 codi-

311 2055 400 2119 cibus
414 2050 637 2137 paragraphen
652 2051 735 2115 hanc
749 2050 857 2114 habet.
896 2051 998 2113 Porro
1013 2051 1153 2115 ostendit
1168 2052 1266 2117 editio
1282 2054 1359 2117 Gre-

311 2156 392 2243 gorii
406 2154 565 2240 princeps,
577 2153 714 2217 abluisse
729 2153 950 2237 paragraphen
964 2175 985 2216 a
1001 2153 1114 2218 Graeco
1126 2152 1359 2232 Nomoosnone,

314 2280 376 2343 quo
399 2278 473 2319 usus
495 2255 599 2319 estin
622 2254 681 2318 hac
703 2254 841 2318 editione
857 2253 999 2331 Vossius,
1017 2274 1089 2316 cum
1111 2261 1185 2338 post
1207 2277 1360 2319 canonem

315 2383 344 2422 x.
371 2358 512 2443 positum
537 2355 623 2420 istud
649 2357 691 2419 ab
718 2377 757 2419 eo
782 2355 887 2433 fuerit,
915 2355 1070 2419 Hactenus
1095 2355 1129 2419 ia
1152 2357 1362 2422 Nemeeasosc

317 2463 422 2524 Graec
442 2457 517 2522 Ms.
564 2456 637 2520 Hoc
660 2457 787 2520 demum
808 2457 927 2521 addere
949 2456 1026 2519 mihi
1048 2456 1134 2533 licat,
1154 2465 1362 2523 annotatores

316 2560 447 2625 Graecos
462 2560 503 2623 sd
519 2581 611 2623 suum
623 2557 802 2636 Pedalium,
813 2566 983 2642 postquam
997 2556 1189 2635 monuerint,
1200 2580 1302 2643 neque
1316 2560 1363 2623 in-

316 2668 527 2745 terpretatum
543 2683 611 2724 esse
625 2659 712 2724 hunc
728 2681 890 2735 canonem,
906 2679 1008 2745 neque
1026 2659 1153 2722 omnino
1171 2660 1364 2725 mentionem

317 2764 385 2846 ejus
408 2761 519 2824 fecisse
539 2762 708 2837 Zonaram,
724 2761 875 2825 certiores
894 2781 953 2823 nos
970 2760 1083 2836 facere,
1100 2762 1234 2824 eundem
1248 2761 1281 2825 in
1297 2763 1364 2846 qui-

317 2863 451 2926 busdam
465 2861 691 2947 manuscriptis
705 2861 859 2926 Scholiasta
873 2860 1034 2946 appellari.
1069 2861 1164 2926 (lerte
1178 2864 1365 2949 posterioris

317 2964 376 3028 aevi
390 2970 440 3028 est
455 2963 641 3027 vocabulum
657 2963 766 3045 νάρθηξ
781 2963 813 3026 in
829 2985 866 3027 eo
881 2963 1031 3047 positum.
1061 2965 1219 3028 Attamen
1234 2965 1365 3050 dignum

318 3065 378 3128 hoc
397 3065 550 3129 scholium
565 3073 626 3143 est,
642 3066 727 3148 quod
742 3066 925 3128 conferatur
940 3086 1010 3128 cum
1026 3085 1146 3129 canone
1161 3072 1275 3149 quarto
1290 3087 1364 3130 con-

318 3165 380 3228 cilii
403 3164 566 3251 Ancyrani
590 3166 719 3230 ineunte
742 3165 857 3230 saeculo
881 3170 997 3249 quarto
1020 3164 1182 3242 celebrati,
1205 3166 1238 3228 in
1263 3168 1368 3250 quoii

319 3267 470 3345 ἀκρόασις,
485 3269 505 3345 ἡ
523 3268 735 3344 intercalari
756 3265 838 3349 εὐχὴ,
853 3267 888 3328 τὸ
909 3266 1038 3340 τέλειον,
1059 3287 1125 3343 seu,
1141 3270 1200 3328 τῶν
1220 3264 1367 3347 ἁγιασμό-

320 3368 414 3444 sevi
435 3365 564 3444 μέθεξις,
578 3365 640 3428 hoo
660 3364 807 3432 nimirum
828 3365 939 3429 ordine
961 3375 1258 3429 commemorantur.
1299 3367 1367 3432 Ubi

320 3473 354 3529 et
369 3466 505 3529 Zonaras
521 3465 770 3530 commentarius
784 3465 949 3529 adeundus
964 3470 1025 3539 cst,
1041 3485 1114 3526 cum
1129 3464 1163 3527 in
1177 3465 1260 3529 hunc
1276 3488 1370 3550 quar·

323 3576 404 3642 tum,
421 3573 490 3633 tum
505 3567 538 3631 in
552 3586 706 3630 canonem
721 3587 839 3631 nonum
853 3567 1102 3649 Ancyranorum.

724 3862 960 3918 ADDENDUM.

367 3978 404 4041 P.
422 3997 493 4062 254.
513 3980 567 4041 lin.
587 3998 638 4064 23.
665 3978 760 4044 Hunc
782 3988 891 4045 autem
913 3987 1012 4065 atque
1031 3979 1223 4066 Gregorium
1242 3983 1284 4047 sd
1304 4006 1371 4048 ms-

324 4087 406 4142 trom
422 4101 511 4142 suam
523 4101 606 4142 nunc
617 4079 746 4143 viduam
760 4082 801 4144 ab
814 4080 951 4166 Origene
964 4080 1112 4145 remissos
1127 4082 1223 4145 luisse
1237 4083 1373 4148 fortasse

324 4174 450 4263 scripsit
467 4179 690 4264 Hioronymus,
707 4202 779 4244 cum
801 4181 898 4246 verba
916 4182 986 4268 ejus
1007 4183 1122 4245 Graeoe
1144 4182 1374 4266 interpretatus

325 4281 367 4344 sit
394 4281 467 4360 πρὸς
489 4281 543 4359 τὴν
564 4281 677 4361 μητέρα
701 4281 929 4361 ἆποπέμπονται
954 4283 1161 4366 Sophronias,
1185 4306 1278 4367 quem
1306 4285 1374 4369 ipse

329 4403 454 4466 quoque
470 4382 685 4466 Hieronymus
706 4389 846 4446 testatur
865 4385 899 4446 iss
922 4385 1063 4447 Graecam
1081 4385 1226 4470 opascala
1245 4406 1301 4448 resa
1320 4385 1374 4449 els-

323 4483 412 4567 paali
425 4504 556 4547 cernane
572 4482 767 4547 tramtalass.
799 4484 847 4546 De
870 4484 958 4549 Veris
973 4484 1028 4550 Ill.
1046 4508 1116 4571 esp.
1133 4485 1254 4570 penult.

674 4712 677 4716 ·
805 4703 895 4749 002
