3700 5667
431 654 496 718 316
726 654 975 732 RELIQUIAE
1001 654 1179 718 SACRAE.

431 822 499 904 περὶ
518 822 573 901 τὴν
593 828 645 885 τοΰ
659 821 919 887 ὈΜΟΟΥΣΙΟΎ
939 823 1105 902 ακρίβειαν,
1122 820 1191 886 ἀλλ’
1207 825 1299 890 οὕτως
1312 824 1352 891 ὣς
1368 824 1493 904 έξειλή-
1555 836 1558 841 ’

432 940 510 1012 φασι
531 932 598 1011 περὶ
619 936 703 995 Tot
723 929 983 997 ‘ollootzlot
1004 931 1148 1013 εἰρήκασι.
1177 930 1232 1010 τὴν
1253 935 1401 1014 φροντίδα
1422 937 1490 1016 γὰρ

431 1039 516 1122 εἶχον
532 1044 645 1115 πᾶσαν,
659 1040 732 1119 ὅπερ
749 1042 915 1119 ἐπενόησεν
933 1042 949 1103 ὁ
968 1041 1153 1119 Σαμοσατεὶτ
1170 1041 1301 1115 ἀνελεῖν,
1318 1043 1367 1106 καὶ
1385 1046 1489 1122 δεῖξαι

430 1149 487 1230 πρὸ
509 1148 629 1213 πάντων
652 1149 728 1213 εἶναι
749 1149 803 1212 τὸν
824 1149 901 1227 νίδν,
917 1152 965 1214 καὶ
987 1151 1034 1213 ὅτι
1054 1151 1107 1213 οὐκ
1129 1148 1166 1228 ἐξ
1184 1151 1347 1231 &septum
1368 1151 1488 1233 γέγονε

431 1259 522 1334 Θεδς,
538 1261 621 1322 ἀλλὰ
642 1259 721 1326 Θεὸς
741 1259 784 1323 δν
799 1262 985 1324 Υένεδιίσατο
1006 1260 1115 1323 δούλαν
1133 1259 1264 1340 μορφὴν,
1285 1261 1358 1324 ‘stol
1378 1263 1514 1343 Λόγος5

430 1369 473 1434 δν
492 1369 601 1451 γέγονε
622 1373 706 1449 σὰρξ,
728 1371 766 1436 ὡς
786 1370 870 1434 εἶπεν
888 1372 905 1432 ὁ
922 1368 1072 1448 Ἰωάννης·
1096 1371 1144 1434 καὶ
1164 1372 1239 1433 οὕτω
1259 1372 1316 1450 μὲν
1336 1374 1412 1435 κατὰ
1428 1375 1486 1451 τῆς

429 1480 629 1561 βλασφημίας
652 1480 776 1542 Παύλου
797 1478 971 1560 πέπρακται.
995 1490 1034 1557 bb.
1049 1483 1098 1543 43.
1113 1495 1144 1544 et
1161 1482 1211 1542 44.
1234 1506 1262 1564 p.
1278 1484 1346 1555 757.
1362 1488 1417 1546 διο.
1432 1488 1484 1546 ed.

430 1592 635 1652 Montfuucon.

430 1783 657 1839 consubstantiali
665 1785 769 1855 loquuti
779 1793 851 1838 sunt.
872 1784 925 1838 To·
977 1785 1067 1839 Deum
1076 1784 1177 1837 lacum
1188 1800 1255 1848 esse,
1265 1783 1312 1838 ssd
1325 1783 1402 1837 Dens
1413 1800 1481 1840 sum

427 1862 455 1907 ta
472 1855 544 1908 enim
561 1872 653 1908 eorum
670 1872 733 1908 cura
748 1855 776 1907 in
793 1872 824 1908 eo
840 1855 926 1924 posita
976 1864 1055 1919 esset,-
1076 1854 1190 1907 l'ormam
1211 1853 1280 1907 servi
1299 1852 1428 1917 induisse,
1452 1866 1483 1910 et
1495 1860 1533 1900 10

428 1933 492 1987 eret,
507 1933 533 1978 et
569 1924 623 1977 uod
642 1924 835 1977 Samosstensis
853 1942 925 1978 com·
976 1942 1039 1978 cum
1058 1924 1179 1978 Verbum
1199 1931 1277 1986 esset,
1295 1923 1397 1977 festum
1418 1941 1482 1980 esse

427 2003 534 2048 mentua
579 2003 642 2058 erat,
655 2002 810 2058 everterent,
823 2003 849 2047 et
865 2004 926 2048 unte
976 2011 1092 2058 carnem,
1101 2002 1131 2047 ut
1144 1994 1179 2047 ait
1190 1992 1327 2046 loannes:
1347 2002 1428 2065 atque
1440 1995 1481 2049 its

427 2064 517 2118 omnis
543 2065 638 2118 Filium
667 2082 725 2118 esse
754 2063 925 2127 declararent,
976 2064 1103 2118 adversus
1122 2063 1199 2118 Pauli
1218 2062 1411 2133 blasphemiam
1431 2081 1481 2119 ac-

427 2151 540 2206 eumqus
566 2151 733 2206 nequaquam
759 2151 792 2188 ex
818 2133 927 2188 homins
975 2144 1035 2188 tum
1046 2143 1095 2188 est·

842 2338 1058 2385 -ψ-

683 2521 733 2584 Ds
748 2517 864 2582 Eodem
879 2516 1061 2580 Antiocheno
1078 2518 1214 2582 Consilio
1491 2545 1503 2584 1
1510 2547 1527 2603 5

505 2658 586 2722 Haeo
599 2658 689 2740 affort
703 2658 737 2720 S.
750 2654 892 2720 Basilius
907 2654 957 2717 M.
973 2652 1008 2716 s'n
1023 2652 1170 2737 Epistola
1184 2653 1226 2716 lii.
1241 2651 1314 2717 olim
1327 2673 1393 2715 οοο.

469 2842 528 2905 Καὶ
547 2845 604 2924 γὰρ
625 2845 665 2927 τῷ
686 2844 750 2904 ὄντι
769 2843 798 2903 ol
820 2840 868 2903 ἐπὶ
890 2840 1003 2923 Παύλῳ
1023 2839 1063 2924 τῷ
1086 2841 1257 2918 Σαμασατεῖ
1275 2836 1479 2903 συνελθόντες

425 2949 573 3030 διέβαλον
598 2952 652 3027 τὴν
676 2948 763 3027 λέξιν
786 2949 856 3034 (ΤΟ
882 2947 1160 3030 ὉΜΟΟΤΣΙΟΝ)
1186 2947 1225 3012 ὡς
1250 2946 1302 3009 οὐκ
1329 2946 1474 3024 εὔσημον.

425 3060 547 3141 ἔφασαν
556 3062 614 3140 γὰρ
632 3061 740 3122 ἐκεῖνοι
757 3061 811 3137 τὴν
826 3064 877 3121 τοῦ
892 3058 1051 3136 ὁμοονσίον
1067 3058 1171 3138 φωνὴν
1185 3057 1335 3139 παριστᾷν
1351 3057 1477 3119 ἔννοιαν

424 3171 528 3236 οὐσίας
545 3197 577 3234 τε
596 3172 643 3234 καὶ
659 3177 717 3234 τῶν
732 3169 781 3234 ἆτ’
799 3171 895 3249 αὐτῆς,
913 3171 992 3232 ὥστε
1010 3174 1281 3249 καταμερισθεῖσαν
1295 3168 1349 3246 τὴν
1363 3167 1476 3230 οὐσίαν
1487 3177 1527 3215 20

423 3279 567 3363 παρέχειν
590 3284 641 3343 τοῦ
665 3282 824 3359 ὁμοονσίον
847 3280 901 3358 τὴν
923 3281 1126 3362 προσηγορίαν
1149 3286 1211 3346 τοῖς
1233 3282 1275 3346 είς
1297 3278 1317 3341 δ
1338 3276 1473 3357 διῃρέθη.

423 3400 496 3452 tom.
512 3393 553 3450 iii.
568 3414 597 3472 p.
618 3390 685 3452 145.
701 3392 746 3450 ed.
762 3390 947 3449 Benedictin.

737 3572 899 3650 Interprele
913 3571 953 3628 lt.
970 3570 1157 3628 Monlnontio.

458 3696 529 3750 Nam
538 3715 628 3751 revera
640 3699 686 3768 qui
697 3699 725 3751 in
738 3698 814 3752 Pauli
825 3697 919 3752 Samo·
971 3697 1128 3752 substantie
1139 3708 1165 3754 et
1177 3715 1278 3760 eorum,
1287 3714 1346 3768 quae
1358 3714 1391 3750 ex
1404 3695 1473 3751 sub-

420 3766 533 3819 ostensis
544 3784 625 3820 onuaa
633 3777 818 3830 convenerant,
827 3785 919 3821 vocem
970 3768 1075 3832 stantia,
1098 3767 1164 3822 adeo
1185 3777 1217 3821 ut
1237 3767 1322 3821 divisa
1343 3765 1472 3821 substan·
1486 3781 1502 3820 2
1505 3779 1525 3841 5

421 3834 491 3887 hauc
512 3836 588 3905 quasi
609 3838 677 3889 male
701 3846 841 3889 sonantem
862 3838 918 3890 cul-
969 3838 1006 3890 tia
1020 3839 1221 3919 appellationem
1235 3836 1473 3892 consubstantialis

420 3911 528 3973 parunt.
562 3905 696 3959 Dixsrunt
713 3905 784 3958 enlm
802 3906 918 3959 coneub·
969 3909 1090 3963 conenhet
1101 3908 1143 3972 iis,
1156 3909 1184 3962 in
1197 3925 1256 3979 quse
1268 3907 1354 3961 divisa
1365 3916 1416 3960 est.

421 3973 549 4028 annualis
565 3993 630 4030 voce
647 3974 765 4029 exhiberi
782 3976 918 4030 notionem

616 4157 629 4195 7
643 4144 706 4194 Phil.
718 4145 742 4192 ii.
759 4158 780 4206 7.
1091 4146 1189 4193 aloen.
1202 4147 1218 4194 i.
1234 4162 1271 4206 ¹4·
