3700 5667
484 665 548 729 180
819 670 1198 736 ANNOTATIONES

485 855 574 899 meus
585 835 776 911 Drmiam,
789 835 1008 921 editionesque
1023 837 1172 922 Cypriani
1188 834 1384 909 veterrimaez
1409 847 1535 903 renatus

486 944 621 1021 praestet
635 937 698 1001 cod.
708 939 749 1000 N
745 939 794 1001 oui
806 936 883 1004 coll.
900 939 988 1016 altor,
998 940 1095 1004 denuo
1108 949 1230 1003 rmsutm
1240 939 1455 1004 damnemus
1467 941 1532 1006 eod.

486 1039 769 1106 Meermannionm.

529 1126 567 1204 P.
584 1161 594 1203 ι
606 1160 652 1205 12.
669 1140 689 1206 l.
705 1144 754 1206 26.
771 1151 798 1206 st
811 1142 939 1227 miritu]
956 1144 997 1206 In
1010 1141 1084 1206 MS.
1097 1140 1189 1206 Colb.
1202 1141 1252 1205 hio
1266 1143 1397 1207 additur
1410 1153 1529 1216 mutto:

487 1246 573 1329 quod
599 1245 710 1310 obesse
736 1245 852 1310 debere
879 1246 1040 1310 Pumelius
1065 1255 1152 1310 reete
1177 1246 1306 1331 probat.
1351 1247 1401 1310 Eo
1425 1258 1531 1310 autem

484 1349 628 1411 Aotuum
643 1348 903 1432 Apostolioorum
917 1348 1072 1433 exemplo,
1089 1371 1152 1434 quo
1167 1370 1250 1411 nune
1266 1347 1443 1432 prn'unus
1457 1370 1527 1412 seu·

486 1451 621 1515 tentiam
651 1472 741 1514 susm
771 1450 881 1515 fulcire
909 1450 1036 1528 nititur,
1064 1452 1252 1534 Anonymus
1277 1472 1298 1513 a
1324 1450 1465 1535 Rigaltio
1490 1451 1533 1514 od

486 1551 602 1617 ouloem
625 1575 754 1637 operum
770 1552 958 1617 Tertulliani
980 1554 1085 1618 editus
1106 1553 1252 1638 apposite
1274 1553 1376 1616 utitur
1397 1554 1439 1616 sd
1461 1574 1533 1617 eum

486 1656 722 1719 oonfutsndum.
762 1656 843 1719 Inde
863 1655 947 1719 enim
965 1656 1105 1720 ostendit
1124 1655 1277 1739 Spiritum
1296 1654 1449 1719 Sanctum
1464 1677 1534 1740 per-

487 1752 548 1842 oipi
564 1758 705 1844 potuisse
719 1758 787 1822 sine
799 1758 969 1842 baptismo,
982 1758 1064 1822 siout
1079 1757 1272 1842 baptismum
1288 1757 1355 1821 siue
1369 1759 1532 1822 confirmo·

486 1861 583 1924 tionis
603 1868 801 1924 sacramento
821 1860 971 1925 collatum
988 1861 1086 1924 fuisse
1104 1860 1174 1923 aliis
1194 1860 1376 1923 eorumdem
1390 1862 1534 1927 Aetuum

487 1963 639 2048 exemplis
665 1964 873 2027 demonstrat.
905 1962 1076 2027 Oousrnnn.
1122 1963 1237 2026 Samio
1259 1962 1390 2025 additur
1412 1963 1445 2025 in
1470 1963 1532 2026 eod.

487 2087 550 2129 meo
564 2065 636 2128 olim
646 2065 809 2128 Drmiam
823 2077 857 2128 et
871 2064 904 2127 in
919 2064 1058 2128 Pameb‘i
1072 2063 1211 2139 Meum,
1222 2063 1278 2126 sed
1293 2072 1327 2127 et
1341 2063 1374 2126 in
1388 2063 1535 2128 omnibus

488 2167 680 2231 editionibus
695 2174 770 2231 ante
785 2167 1017 2229 Manutianum.

530 2267 568 2331 P.
588 2288 659 2352 113.
675 2267 696 2330 l.
715 2289 763 2331 10.
779 2268 821 2331 od
837 2268 1005 2351 Quintum]
1024 2266 1127 2351 Epist.
1142 2267 1219 2331 lxxi.
1244 2266 1369 2331 Binuz.

532 2370 616 2434 Ibid.
643 2370 664 2432 l.
688 2389 737 2433 12.
762 2370 805 2433 ed
831 2370 1034 2455 eobpiseopos
1059 2369 1092 2432 in
1118 2369 1284 2456 Numidia]
1313 2369 1375 2433 Est
1400 2367 1535 2453 epistola

488 2466 658 2557 Synodieu,
673 2493 744 2555 quae
760 2471 902 2556 proxime
916 2484 993 2535 unte
1008 2471 1114 2556 posita
1130 2478 1189 2535 est.

534 2573 617 2637 lbid.
633 2573 654 2638 l.
673 2580 720 2638 16.
743 2581 780 2638 ut
794 2575 892 2638 etium
911 2574 938 2638 si
954 2572 1096 2658 quidue]
1116 2574 1255 2638 Nitidior
1269 2576 1360 2638 tieret
1377 2572 1492 2648 oratio,
1507 2571 1536 2635 si

488 2675 539 2740 hie
561 2676 718 2761 particula
737 2686 771 2741 ut
786 2682 956 2761 expuncta,
971 2676 1130 2760 legeretur
1143 2677 1235 2739 etiam
1252 2676 1280 2739 si
1299 2676 1353 2760 qui
1364 2673 1537 2759 presbyteri

489 2790 544 2843 aut
569 2780 693 2843 diucom
719 2779 767 2842 ool
793 2780 828 2842 im
856 2779 990 2853 eeclesia,
1016 2779 1070 2862 qui
1099 2787 1175 2842 ante
1200 2778 1249 2841 oet
1271 2799 1449 2862 suppresso.
1495 2778 1536 2840 In

487 2899 550 2945 uno
575 2883 649 2944 MS.
670 2880 845 2944 reeentiore
864 2880 953 2945 colb.
973 2880 1119 2957 habetur,
1142 2890 1197 2944 am
1218 2880 1341 2944 diaconi
1362 2879 1410 2942 vel
1431 2879 1537 2943 clerici

487 2984 522 3046 in
544 2982 685 3046 coemto.-
708 2982 764 3045 sed
788 2982 881 3066 hujus
905 2982 1022 3046 oodiois
1046 2983 1137 3066 pluro
1160 2983 1238 3060 loeo,
1260 2984 1336 3047 alibi
1359 2990 1470 3068 aperte
1492 2982 1535 3045 vi·

488 3086 582 3160 tiata,
612 3085 640 3147 ei
670 3085 843 3148 detrahunt
872 3085 1109 3148 auctoritatem.
1161 3085 1242 3169 Ejus
1271 3093 1380 3149 tumen
1408 3082 1535 3147 lectioni

489 3189 575 3252 fovet
598 3186 803 3250 Innocentius
820 3186 847 3248 Ι.
866 3186 959 3270 epist.
976 3186 1037 3250 xvi.
1060 3188 1101 3250 ed
1122 3187 1317 3250 Macedonas
1332 3209 1364 3248 n.
1381 3187 1410 3249 8.
1426 3186 1480 3249 ubi
1495 3186 1536 3248 de

487 3292 537 3366 iis,
562 3290 616 3376 qui
641 3289 683 3353 ub
709 3288 867 3353 haeretieis
891 3288 1047 3372 baptizati
1075 3290 1276 3373 ordinatique
1302 3290 1344 3353 od
1369 3289 1533 3353 eeclesiam

485 3400 665 3467 transeunt,
681 3391 740 3465 nit,
757 3392 883 3454 Nostrae
903 3391 951 3455 ks
970 3401 1012 3453 est
1032 3392 1160 3454 eoobsioe
1177 3391 1227 3454 his
1240 3413 1300 3476 per
1316 3413 1424 3454 manus
1440 3392 1535 3475 inmo-

485 3495 632 3569 st'tiomm‚
656 3493 769 3557 laicam
792 3502 910 3556 tomum
933 3491 1062 3556 tribuero
1087 3494 1329 3566 communionem,
1354 3514 1407 3555 mo
1430 3514 1467 3555 eo
1488 3491 1535 3555 tu

484 3596 617 3682 utiquam
639 3595 674 3656 in
695 3593 852 3656 clericatus
873 3594 1011 3657 tortorem
1028 3594 1076 3657 vel
1095 3596 1236 3678 seiumem
1257 3593 1428 3678 ntdroyare.
1466 3593 1532 3657 Eos

486 3705 595 3760 autem
619 3695 672 3777 qui
698 3716 718 3758 a
743 3695 895 3758 Outlmliou
921 3697 967 3758 ad
990 3694 1132 3758 lacerati-m
1157 3697 1353 3771 trmtsiorunt,
1377 3701 1534 3779 praetereu

486 3798 580 3860 docet
594 3817 653 3858 non
672 3795 763 3858 aditur
780 3805 911 3879 oportere
925 3797 987 3859 nm
1001 3818 1063 3881 per
1075 3799 1286 3881 poenitmtmm
1299 3797 1421 3881 susm'pi.
1452 3795 1534 3860 Tum

486 3919 571 3961 num.
588 3917 619 3979 9.
640 3905 808 3981 utrumque
823 3897 910 3980 ponit
931 3897 1016 3961 inter
1037 3899 1157 3983 muudus
1173 3909 1292 3976 veteres,
1306 3920 1381 3983 quus
1397 3895 1435 3960 ud
1450 3899 1535 3980 Apo-

485 4000 568 4063 stolie
582 3998 629 4062 ool
643 3998 821 4081 Apostoliois
841 3999 918 4061 obis
940 4000 1074 4063 traditas
1096 4001 1216 4063 ecclesia
1236 4003 1377 4063 Romanu
1398 3998 1533 4063 mutauit.

488 4101 609 4182 Quibus
632 4122 704 4165 eum
723 4110 969 4166 consentaneum
990 4102 1032 4166 sit
1052 4103 1228 4166 subnexum
1247 4102 1391 4165 Africani
1413 4100 1536 4164 concilii

489 4204 661 4280 decretum,
678 4204 793 4267 mirum
815 4226 878 4267 non
900 4213 950 4268 est
971 4204 1047 4267 illud
1069 4227 1090 4267 e
1111 4205 1274 4289 Stephano
1294 4204 1421 4266 minime
1439 4202 1537 4265 fuisse

487 4306 729 4371 contradictum.
775 4306 847 4370 Non
869 4307 941 4369 ideo
963 4316 1069 4370 tamen
1094 4307 1154 4370 hoe
1177 4307 1208 4370 in
1232 4306 1364 4370 ecelesia
1385 4303 1535 4378 obtinuit,

488 4408 563 4493 quia
592 4408 813 4473 haeretioorum
843 4408 1001 4471 ordinatio
1031 4408 1117 4471 nulla
1146 4419 1346 4482 censeretur3
1376 4406 1432 4469 sed
1461 4405 1537 4489 quio

488 4510 549 4574 Dei
573 4511 733 4574 ministros
759 4532 779 4572 a
803 4509 1045 4594 reprehensione
1069 4509 1189 4573 alienos
1214 4533 1282 4574 esse
1306 4517 1404 4592 utque
1426 4508 1536 4570 immu-
