3700 5667
462 675 512 738 IN
531 677 564 739 S.
578 675 769 740 DIONYS.
786 676 933 739 ALEX.
949 675 1021 740 ΕΡ.
1036 676 1105 740 ΑΙ)
1122 677 1330 742 BASILID.
1375 680 1441 743 245

395 868 469 912 vero
484 846 620 924 exsiliis,
635 846 697 911 diei
717 868 785 910 esse
805 847 931 911 videtur
951 846 1022 911 oibo
1043 846 1266 931 superpositio,
1281 846 1346 912 sive
1361 849 1442 934 jeju·

395 948 481 1012 nium
504 948 590 1013 ultra
609 948 736 1012 solitum
753 956 879 1035 tempus
894 948 1110 1025 eelebratum3
1132 956 1167 1012 et
1180 947 1348 1034 jejunandi
1363 950 1443 1014 exti-

395 1050 472 1115 tisse
487 1052 600 1114 modus
614 1051 839 1125 severissimus,
852 1051 928 1115 dum
944 1051 1027 1114 diem
1043 1059 1231 1135 noctemque
1246 1059 1443 1136 sequentem,

396 1152 491 1217 immo
511 1160 545 1216 et
564 1153 754 1238 quandoque
768 1151 947 1237 perplures
962 1152 1030 1216 dies
1048 1175 1087 1217 ao
1102 1160 1223 1229 noctes,
1238 1155 1336 1217 ἄσιτοι
1350 1153 1441 1218 tieri-

395 1261 479 1318 λουν.
520 1255 575 1318 Ita
591 1253 773 1318 Victorinus
794 1253 828 1317 in
849 1253 1047 1338 Fragments
1068 1254 1199 1319 inferius
1221 1253 1376 1319 oolloeato
1396 1255 1446 1319 De

395 1355 531 1421 Fau-isa
546 1357 845 1442 Mundi—quare
858 1378 950 1443 usque
969 1357 1014 1421 od
1025 1357 1130 1422 horam
1144 1378 1254 1422 aeuum
1265 1357 1444 1442 jansemus,

397 1459 548 1540 (addend.
566 1460 635 1540 out)
652 1480 744 1542 usque
762 1458 807 1522 ad
825 1479 990 1544 uesperam,
1006 1468 1061 1522 aut
1080 1459 1291 1543 superpositio
1305 1480 1397 1544 usqae
1411 1461 1446 1524 ia

395 1559 527 1624 alterum
537 1560 696 1642 diemsiot.
721 1559 797 1623 Vid.
809 1567 843 1624 et
858 1582 944 1645 seqq.
983 1560 1039 1639 Et,
1051 1561 1084 1624 in
1096 1562 1244 1626 Passieno
1254 1562 1312 1626 SS.
1324 1560 1444 1638 raeti,

396 1662 544 1726 Mariani
564 1666 620 1725 tre.
644 1661 762 1725 dieitur
777 1662 969 1726 AEmilianus
988 1661 1037 1725 vir
1058 1669 1188 1726 sanetus
1210 1663 1390 1727 emineatis
1411 1663 1446 1726 ia

396 1784 514 1828 ooroare
532 1763 654 1847 peruias
675 1764 906 1849 superpositione
919 1764 1200 1848 jejuniis-suoe
1219 1765 1343 1830 visionis
1357 1775 1446 1849 pare

387 1864 498 1948 foes'sse
513 1886 641 1929 arcano.
664 1870 690 1947 ς.
708 1866 738 1928 8.
756 1888 786 1950 p.
804 1867 875 1929 226.
893 1869 963 1929 Aet.
980 1867 1117 1949 Martyr.
1134 1867 1248 1930 siser.
1264 1876 1292 1931 st
1306 1866 1411 1931 Soleot.
1427 1887 1447 1931 a

397 1966 555 2031 Ruinarto
577 1968 654 2031 edit.
699 1967 939 2053 Etymologioas
960 1976 1069 2032 autem
1091 1969 1232 2033 rationes
1254 1969 1345 2032 nobis
1366 1991 1447 2054 prae-

397 2069 493 2133 bente
509 2069 665 2134 Salmasio
679 2069 712 2133 in
727 2070 890 2135 Pliniaais
904 2071 1056 2136 Esereitt.
1068 2091 1137 2155 oap.
1150 2070 1182 2134 ii.
1197 2093 1228 2156 p.
1243 2087 1315 2156 229.
1328 2070 1445 2136 Guliel-

397 2192 469 2235 mus
494 2173 665 2256 Hooperus
688 2172 854 2258 episeopus
878 2171 1187 2247 Batho-Wellensis,
1209 2173 1277 2237 hoeo
1301 2171 1446 2257 Dionysii

398 2275 494 2338 verba
509 2274 550 2338 ab
565 2274 635 2338 aliis
650 2296 817 2359 perperam
828 2274 991 2339 intellecta
1004 2274 1037 2338 in
1049 2273 1185 2340 Dissert.
1198 2275 1334 2362 Anglioe
1349 2275 1447 2361 serip-

398 2383 434 2441 ta
448 2378 497 2440 De
514 2377 753 2460 Quadrupesimo
768 2377 816 2441 ita
830 2377 950 2462 optime
965 2376 1113 2463 exposuit
1128 2385 1212 2462 part.
1224 2379 1253 2440 l.
1270 2399 1296 2442 e.
1313 2400 1342 2442 v.
1357 2382 1381 2459 §-
1398 2398 1446 2443 11.

398 2486 420 2517 “
435 2478 549 2543 Tradit
572 2479 745 2564 Dionysius
766 2478 935 2543 nonnullos
956 2479 1052 2549 fuisse
1075 2479 1283 2554 Christianos,
1301 2480 1354 2565 qui
1376 2479 1448 2544 oibo

399 2582 649 2648 “abstinuerint
671 2582 768 2658 omni,
784 2582 848 2646 sive
871 2604 927 2646 sex
950 2583 1017 2646 dies
1038 2590 1116 2648 ante
1130 2583 1250 2669 paseha
1270 2605 1447 2669 stiporposte

399 2693 418 2722 “
433 2686 513 2749 sript
524 2686 557 2757 ,·”
580 2683 626 2770 (h.
641 2706 668 2748 e.
685 2705 724 2748 ex
740 2684 884 2749 versione
898 2685 1026 2771 quidem
1043 2685 1197 2770 Hooperi,
1215 2686 1351 2772 Anglioe
1358 2707 1447 2772 puss-

398 2788 438 2853 sd
449 2809 525 2865 over,
541 2796 575 2852 et
589 2809 648 2872 pro
663 2787 859 2871 expositione
877 2788 1019 2873 ejusdem
1034 2787 1101 2864 riri,
1115 2789 1352 2873 proraeque-iat.
1391 2789 1446 2852 ln·

398 2897 488 2954 teres
509 2911 573 2952 non
588 2887 745 2973 jejunium
767 2889 1000 2972 superponitur,
1018 2890 1215 2971 ὑπερτίθεται,
1232 2891 1317 2976 quod
1333 2888 1447 2977 jejunii

399 2990 510 3054 dilatio
522 2999 607 3055 esset
619 2991 684 3055 sive
696 2991 871 3075 suspensio,
883 2991 940 3055 sed
952 2991 1019 3054 dies
1026 3016 1036 3067 ;
1053 2991 1125 3055 oibo
1135 2992 1253 3056 dieitur
1266 2990 1446 3077 superponi,

398 3091 445 3157 uit
465 3092 647 3168 Salmasius,
664 3093 750 3176 quod
769 3099 819 3156 est
837 3092 1018 3178 jejunium.)
1039 3101 1061 3132 “
1076 3092 1156 3157 alios
1169 3100 1278 3157 autem
1294 3092 1447 3170 extitisse,

399 3203 420 3234 ‘⁸
436 3194 490 3278 qui
513 3201 651 3279 quatuor
674 3194 751 3268 dies,
772 3194 851 3258 alios
876 3195 930 3278 qui
956 3201 1035 3271 tres,
1055 3194 1136 3259 alios
1157 3216 1267 3258 rursus
1290 3194 1345 3280 qui
1368 3195 1449 3259 duas

399 3304 421 3336 ‘⁶
436 3304 573 3373 tantum,
598 3295 867 3381 superposuerint.
913 3295 964 3359 Ex
996 3295 1284 3381 superponentibus
1312 3317 1387 3360 vero
1415 3297 1448 3360 hi

399 3397 604 3461 “novissime
632 3397 709 3461 dieti
739 3397 904 3460 minimum
934 3397 1073 3460 omnium
1103 3397 1252 3461 videntur
1276 3397 1447 3482 peregisse,

400 3499 510 3563 “nulli
537 3499 620 3564 enim
649 3522 670 3564 a
696 3499 851 3583 Dionysio
881 3505 1181 3569 commemorantur,
1207 3497 1323 3582 quibus
1347 3497 1448 3562 risum

398 3605 421 3634 ‘⁶
434 3596 531 3660 suerit
554 3618 575 3661 a
594 3597 646 3661 die
666 3598 796 3662 Saturni
817 3598 968 3682 insipere,
982 3604 1081 3681 atque
1096 3597 1143 3661 ita
1162 3596 1246 3660 diem
1267 3617 1365 3660 unum
1379 3604 1449 3660 tan·

398 3703 419 3736 ‘⁶
434 3704 504 3762 tum
523 3721 746 3785 superponere.
793 3699 994 3764 Mentionem
1014 3698 1142 3784 quidem
1157 3699 1359 3784 quorundam
1373 3698 1450 3762 Dio-

397 3801 544 3886 “nysius
559 3802 648 3880 feeit,
664 3803 718 3888 qui
740 3825 780 3866 ne
802 3823 900 3866 unum
920 3801 1048 3886 quidem
1070 3800 1153 3865 diem
1176 3808 1428 3888 superponerent
1438 3825 1449 3877 ;

398 3905 419 3935 ‘¹
435 3897 514 3962 istos
529 3921 604 3964 vero
623 3921 742 3985 paucos
760 3922 827 3984 prae
846 3899 971 3964 eaeteris
991 3898 1136 3964 extitisse
1158 3899 1363 3964 manifestum
1377 3905 1447 3972 est;

399 4007 531 4084 “atque
550 4001 680 4086 insuper
698 4001 874 4065 notandum
897 4008 957 4078 est,
973 4001 1042 4065 fieri
1059 4023 1162 4086 posse,
1178 4007 1215 4064 ut
1230 3999 1274 4062 illi
1290 3999 1345 4083 qui
1365 3998 1450 4061 diem

399 4109 420 4140 ‘⁶
436 4102 571 4166 solidum
591 4102 678 4167 haud
700 4109 962 4187 superponerent,
973 4103 1157 4188 jejunarent
1171 4109 1290 4179 tamen,
1306 4111 1344 4165 ut
1363 4100 1449 4185 loqui

399 4211 418 4241 “
435 4203 518 4268 solet
537 4212 658 4281 auotor,
681 4226 781 4288 usque
801 4205 843 4267 ad
861 4225 1035 4288 vesperam.
1060 4204 1148 4285 (Vid.
1164 4203 1248 4267 infra
1261 4203 1284 4265 1.
1298 4218 1327 4285 7.
1345 4201 1449 4286 Epist,

398 4311 418 4342 “
435 4305 605 4391 Dionysii.)
653 4306 794 4369 Eosdem
809 4327 905 4390 porro
921 4306 981 4369 hoo
996 4306 1092 4369 modo
1108 4304 1270 4390 jejunasse
1284 4303 1450 4368 'verisimile

399 4415 419 4445 “
435 4415 493 4484 est,
506 4429 569 4470 non
584 4429 648 4470 uno
660 4413 787 4470 tantum
803 4407 863 4484 die,
876 4408 932 4470 sed
944 4407 1080 4471 fortasse
1095 4405 1241 4469 omnibus
1256 4427 1311 4469 sex
1327 4404 1449 4481 diebus,

398 4516 418 4544 “
432 4508 577 4574 similiter
589 4529 719 4593 prorsus
736 4529 774 4572 ao
796 4507 936 4573 maxima
959 4531 1017 4574 nos
1036 4509 1131 4574 hodie
1153 4506 1349 4571 oelebramus
1365 4504 1450 4592 jeju·

398 4617 417 4648 “
433 4610 514 4674 nia.”
543 4611 592 4676 De
607 4611 860 4696 superpositione
877 4620 1019 4677 tantum.
