3700 5667
635 683 685 746 IN
709 684 941 747 CONClLlA
964 684 1211 748 CARTHAG.
1386 687 1450 750 155

401 857 508 915 autem
524 850 676 915 lectorem
690 852 732 914 ed
748 858 857 914 notam
872 851 1014 935 relegare
1029 851 1103 916 licet
1118 851 1151 914 in
1165 852 1300 935 Acplioc
1314 853 1449 917 Petram

402 952 602 1029 Bibliotheca,
617 976 645 1016 v.
662 976 706 1015 111.
723 976 753 1037 p.
770 953 789 1016 i.
805 977 835 1038 p.
853 972 926 1018 210.
945 954 978 1016 S.
994 953 1143 1038 Cypriam

447 1056 484 1118 P.
502 1074 572 1139 ¹03·
590 1054 611 1116 l.
630 1057 680 1118 28.
698 1055 767 1139 ipsa
781 1055 917 1119 maxime
933 1056 1051 1120 habeat
1066 1062 1259 1140 potestatem
1275 1058 1347 1141 tro]
1376 1058 1449 1122 Non

402 1157 532 1242 proprio
547 1164 636 1220 motu
651 1157 797 1241 impulsa,
813 1159 868 1221 sed
888 1157 1054 1221 admonita
1072 1180 1130 1241 per
1144 1158 1265 1242 justam
1285 1180 1323 1222 ac
1343 1181 1449 1222 neces-

401 1259 518 1322 sariam
541 1258 783 1323 sollicitudinem
804 1259 939 1323 aliorum
961 1260 1214 1344 praepositorum,
1237 1282 1294 1344 per
1315 1260 1449 1324 aliarum

402 1360 605 1424 ecclesiarum
630 1362 802 1446 episcopos,
829 1383 964 1445 quorum
989 1361 1119 1426 consilia
1143 1361 1256 1425 divinis
1280 1361 1449 1446 praeceptis

402 1463 606 1546 respondent.
630 1462 799 1525 chsnrrus
813 1486 833 1526 a
849 1463 938 1526 Fello
953 1462 1079 1527 allatus.
1279 1531 1282 1537 ,

447 1564 484 1626 Ρ.
504 1583 573 1643 104.
589 1563 609 1628 l.
623 1586 654 1645 4.
676 1574 703 1627 ct
725 1565 831 1628 Aaron
851 1565 1016 1649 oppositae]
1042 1562 1153 1626 LXX.
1177 1565 1352 1644 προστεθεὶς
1374 1566 1447 1628 ἀπο-

402 1665 515 1729 θανέτω
539 1669 609 1730 ἐκεῖ.
669 1666 822 1750 Vulgata,
842 1666 999 1751 collipotar
1015 1674 1043 1729 ct
1060 1666 1205 1729 mestar
1222 1664 1275 1739 ibi,
1299 1666 1329 1728 h.
1346 1689 1373 1730 e.
1391 1666 1448 1731 col-

401 1767 513 1851 tipctar
539 1768 581 1830 ad
611 1775 720 1852 patres
749 1790 832 1831 suos.
886 1768 941 1830 lta
969 1767 1061 1830 codex
1089 1767 1240 1830 Facenio
1267 1789 1289 1831 a
1318 1767 1448 1832 Baluzio

401 1877 595 1932 memoratus
604 1868 713 1944 habet,
722 1878 750 1932 et
759 1872 869 1932 Aaron
879 1869 1034 1952 oppositae
1042 1869 1086 1932 od
1091 1878 1199 1953 patroc
1211 1889 1278 1932 auos
1287 1871 1448 1934 awmotur.

402 1970 540 2055 Anglica
554 1970 729 2034 Bibliorum
743 1971 854 2046 versio,
871 1970 1071 2055 cappulam
1086 1992 1181 2034 mam.

446 2072 528 2136 Ibid.
544 2072 563 2135 l.
579 2074 609 2136 6.
632 2072 848 2137 ordinationes
870 2073 1084 2137 sacerdotales
1105 2094 1170 2136 nou
1191 2072 1250 2136 nisi
1275 2075 1345 2156 lca]
1372 2075 1446 2138 Hoc

400 2174 546 2259 exemplo
568 2173 824 2239 Christianorum
845 2175 1032 2239 Alexander
1061 2176 1195 2240 Severus
1223 2175 1447 2260 dispositiones

401 2298 476 2340 suas
490 2275 684 2362 publicabat,
700 2277 755 2340 ubi
770 2277 893 2361 aliquos
910 2276 1038 2341 volebat
1057 2276 1106 2340 vel
1125 2284 1264 2341 rectores
1279 2276 1447 2363 provinciis

401 2378 489 2455 dare,
505 2379 554 2443 vel
573 2379 762 2464 praepositos
782 2381 896 2456 facere,
912 2379 960 2443 vel
980 2387 1212 2464 procuratores,
1227 2380 1259 2444 id
1280 2388 1330 2444 est
1350 2379 1447 2443 ratio·

352 2535 354 2539 ,
401 2482 499 2560 nales,
522 2483 691 2547 ordinare:
730 2483 858 2548 nomina
886 2504 995 2546 eorum
1025 2483 1232 2568 proponebat,
1258 2482 1447 2568 dicebatque

400 2606 496 2669 grave
514 2606 583 2648 esse
602 2606 699 2668 quum
717 2584 749 2647 id
770 2583 942 2648 Christiani
965 2590 998 2647 et
1016 2585 1123 2648 Judaei
1145 2585 1287 2650 facerent
1308 2585 1342 2648 in
1363 2585 1447 2648 ordi·

400 2686 514 2750 nandis
535 2686 762 2759 sacerdotibus,
784 2708 847 2748 non
866 2685 935 2749 fieri
954 2685 986 2748 in
1006 2686 1238 2771 provinciarum
1259 2687 1445 2765 rectoribus,

400 2788 457 2852 &a
472 2811 543 2874 quae
557 2789 643 2873 apud
660 2787 889 2873 Lampridium.
914 2789 1083 2851 chrarrus
1097 2811 1117 2852 a
1134 2789 1223 2853 Fello
1237 2788 1364 2853 allatus.

445 2889 529 2954 Ibid.
544 2889 564 2952 l.
585 2908 631 2953 12.
647 2889 803 2974 apostolo]
828 2891 937 2953 Antea
956 2889 1121 2975 legebatur
1142 2891 1281 2976 episopo.
1330 2894 1446 2956 Veram

400 2990 567 3055 lectionem
590 2990 681 3054 nobis
704 2990 985 3055 subministrarunt
1014 2991 1079 3054 tria
1102 2999 1212 3055 vetera
1241 2992 1443 3076 exemplaria

401 3092 570 3157 Branzrus.
616 3093 680 3156 Sed
708 3093 796 3178 prius
824 3092 976 3157 restituta
997 3115 1018 3157 a
1041 3092 1130 3157 Fello
1158 3094 1262 3159 luerat
1286 3117 1345 3158 vox
1372 3117 1443 3180 opo-

398 3195 470 3259 ctolo
491 3218 530 3259 ex
554 3210 691 3279 quatuor
712 3195 883 3271 codicibus,
905 3217 1039 3280 quorum
1060 3217 1141 3258 unus
1166 3203 1237 3260 erat
1258 3197 1344 3259 Novi
1367 3197 1446 3261 Colt.

393 3297 494 3380 prior.
540 3297 690 3360 Similiter
704 3318 782 3360 anae
801 3298 840 3361 de
859 3297 949 3373 meis,
964 3297 1020 3361 sed
1037 3305 1098 3360 tres
1111 3296 1210 3370 aaa,
1227 3297 1343 3382 quibus
1360 3304 1446 3374 utor,

399 3399 515 3462 Mssa
528 3399 661 3483 opacopo
675 3399 803 3463 habent.

443 3500 527 3564 Ibid.
543 3501 563 3564 l.
583 3522 632 3586 13.
647 3501 682 3564 ἐπ
696 3501 793 3564 medio
806 3500 996 3584 discentiam]
1019 3499 1090 3577 Ait,
1106 3502 1182 3563 Act.
1197 3499 1219 3562 ἱ.
1242 3499 1372 3586 ἐνμέσῳ
1387 3508 1447 3566 τῶν

399 3607 544 3682 μαθητῶν,
576 3601 668 3687 Vulg.
695 3603 930 3686 discipulorum,
960 3602 1129 3664 chanrrus
1158 3623 1178 3664 a
1205 3600 1295 3665 Fello
1319 3601 1446 3668 allatus.

400 3703 479 3767 Tres
493 3704 566 3767 libri
580 3710 712 3780 veteres,
727 3705 956 3789 discipulorum,
973 3703 1083 3767 eodem
1107 3725 1209 3766 sensu.
1255 3703 1357 3768 Paulo
1372 3712 1446 3790 post

399 3827 523 3890 quoque
543 3806 697 3891 scriptum
711 3813 761 3870 est
775 3806 1003 3891 discipolorum.
1048 3805 1145 3889 Apud
1168 3805 1398 3870 Tertullianum
1412 3806 1446 3870 in

397 3906 478 3970 libro
504 3907 544 3970 de
570 3906 776 3983 Poenitentia,
799 3908 856 3970 Aa
877 3907 1111 3991 uniusquidem
1136 3906 1277 3970 dotato
1296 3907 1446 3990 plodiam.

399 4008 479 4072 Vide
501 4017 596 4072 notas
611 4007 752 4071 Pamelii.
777 4007 946 4073 Brunzrus.
985 4008 1023 4071 In
1039 4007 1145 4071 codice
1165 4029 1236 4071 meo
1251 4008 1325 4071 olim
1342 4009 1445 4073 Moer-

397 4109 504 4172 manni
518 4116 610 4173 extat
625 4108 850 4193 dibapaloram.

441 4209 523 4274 Ibid.
538 4211 560 4273 l.
578 4231 627 4289 14.
642 4211 713 4293 scit
734 4219 835 4274 actem
856 4208 946 4274 tarta
968 4210 1002 4271 in
1023 4209 1096 4292 ano]
1123 4208 1172 4269 ἐπὶ
1191 4206 1224 4268 τὸ
1245 4207 1325 4269 αὐτό.
1371 4207 1445 4293 Ipse

397 4311 577 4396 Cyprianus
588 4310 743 4397 principio
754 4311 848 4398 hujus
858 4311 960 4396 Epist.
973 4312 1047 4374 Orac
1060 4311 1095 4373 ic
1103 4329 1197 4372 msam
1206 4307 1443 4374 oenocaicoomtoe.

398 4413 482 4476 Psal.
498 4413 582 4476 cxxi.
599 4413 661 4492 ἦςὴ
675 4414 788 4497 μετοχὴ
809 4414 896 4492 αὐτῆς
911 4414 960 4476 ἐπὶ
974 4413 1007 4475 τὸ
1023 4414 1105 4477 αὐτό.
1131 4413 1304 4473 Ricanrrus
1317 4432 1338 4474 a
1355 4410 1445 4476 Fello

396 4513 521 4578 allatus.
568 4513 727 4599 (Vulgata
746 4515 935 4591 hebetarat
953 4524 1055 4578 ocum
1073 4512 1226 4576 brainam
1243 4509 1334 4575 tardo
1354 4512 1449 4575 amal

387 4614 460 4696 sm
492 4624 609 4679 antam
641 4616 762 4700 oipinti.
822 4615 1050 4700 Beluaiumque
1086 4613 1172 4692 audi,
1202 4613 1257 4698 qui
1293 4614 1449 4699 reposuit,

893 4740 915 4779 x
931 4720 952 4779 ἢ
