3700 5667
550 660 734 723 CONCIL.
760 661 1009 724 CAIITHAG.
1026 660 1106 723 VII.
1292 662 1358 737 129

310 837 405 916 patus
424 830 538 906 effecit,
559 829 675 893 fratres
694 829 900 906 dilectissimi,
921 838 959 894 ut
979 829 1168 894 sustinerem
1190 829 1266 915 quid
1286 852 1355 895 ma·

303 939 392 1023 jores
415 938 606 1024 judicarent.
662 938 746 1003 Nam
771 940 907 1005 haereses
933 940 1011 1004 nihil
1035 940 1153 1004 habero
1178 961 1237 1004 nec
1265 962 1357 1024 posse

311 1048 514 1112 manifestum
525 1057 585 1113 est.
630 1052 740 1134 Atque
755 1050 802 1114 ita
816 1049 843 1113 si
859 1051 912 1135 qui
928 1073 968 1114 ex
984 1051 1029 1114 eis
1044 1049 1187 1115 venerint
1202 1049 1358 1135 baptizari

307 1158 487 1244 aequissime
502 1166 661 1224 statutum
675 1167 734 1224 est.

280 1288 297 1348 5
353 1269 514 1333 LXXII.
538 1269 654 1333 Petrus
669 1269 711 1334 ab
727 1268 878 1354 Hippone
889 1269 1137 1354 Diarrhylorum
1149 1269 1241 1335 dixit.
1277 1270 1358 1335 (lum

310 1378 471 1464 baptisma
494 1400 592 1443 unum
617 1379 659 1442 sit
684 1379 716 1443 in
742 1378 899 1443 catholiea
920 1380 1061 1456 ecelesia,
1083 1380 1286 1445 manifestum
1308 1388 1359 1446 est

310 1509 374 1550 non
397 1509 490 1572 posse
514 1497 607 1552 extra
632 1489 795 1553 ecclesiam
819 1489 984 1573 baptizari.
1031 1489 1076 1554 Et
1098 1490 1169 1554 ideo
1191 1491 1223 1553 in
1245 1489 1358 1554 haeresi

310 1598 429 1662 tinctos
458 1598 579 1662 sivein
604 1599 774 1663 schismate
800 1599 962 1663 venientes
987 1599 1030 1662 ad
1055 1600 1219 1664 ecclesiam
1245 1621 1358 1664 censeo

310 1707 465 1793 baptizari
480 1716 637 1793 oportere.

267 1839 301 1879 ιο
354 1818 534 1881 LXXIII.
561 1817 643 1882 Item
660 1819 740 1882 alius
761 1817 876 1883 Lucius
896 1819 938 1883 ab
953 1818 1077 1882 Ausala
1095 1818 1189 1882 dixit.
1236 1817 1355 1882 Secun-

310 1928 385 1991 dum
408 1936 531 1994 motum
553 1929 651 1994 animi
676 1930 738 1994 mei
761 1940 795 1994 et
818 1929 949 2015 spiritus
973 1928 1086 2005 sancti,
1112 1949 1184 1992 oum
1205 1928 1248 1993 sit
1274 1951 1356 1993 nnus

311 2039 400 2102 Deus
415 2046 508 2125 pater
529 2039 657 2104 Domini
680 2041 781 2105 nostri
803 2042 827 2104 J
829 2063 884 2104 esu
901 2039 1030 2115 Christi,
1047 2047 1080 2103 et
1101 2060 1182 2102 unus
1200 2039 1358 2114 Christus,

309 2159 343 2213 et
358 2172 422 2215 una
433 2172 517 2235 spes,
531 2157 565 2214 et
586 2172 668 2214 nnus
690 2151 831 2235 spiritus,
848 2157 881 2214 et
903 2173 968 2214 una
986 2149 1129 2226 ecclesia,
1144 2170 1242 2212 unum
1264 2148 1360 2214 debet

310 2280 378 2322 esse
391 2267 425 2323 et
439 2259 608 2344 baptisma.
639 2260 684 2325 Et
698 2261 769 2324 ideo
785 2261 865 2338 dico,
879 2261 904 2324 si
921 2261 997 2344 quid
1009 2261 1051 2324 ab
1066 2259 1225 2324 haereticis
1236 2266 1360 2323 motum

267 2378 368 2445 15aut
381 2369 502 2432 factum
515 2369 623 2444 fuerit,
639 2369 774 2433 rescindi
795 2369 921 2446 debere,
937 2378 970 2434 et
989 2391 1043 2433 cos
1065 2369 1118 2453 qui
1138 2369 1212 2433 inde
1230 2369 1361 2433 veniunt

310 2479 343 2541 in
357 2478 489 2543 ecclesia
505 2479 711 2563 baptizandos
726 2501 804 2543 esso.

353 2589 522 2652 LXXIV.
552 2588 635 2653 Item
661 2589 742 2652 alins
767 2589 859 2653 Felix
883 2611 904 2654 a
931 2590 1119 2675 Gurgitibus
1144 2588 1235 2654 dixit.
1290 2588 1361 2674 Ego

308 2721 421 2764 censeo
450 2706 488 2763 ut
518 2700 690 2763 secundum
718 2708 901 2764 sanctarum
930 2701 1159 2785 scripturarum
1188 2706 1358 2783 praecepta,

310 2809 490 2893 baptizatus
515 2809 556 2872 ab
580 2808 737 2874 haereticis
766 2810 874 2874 illicite
899 2818 993 2874 extra
1018 2809 1191 2886 ecclesiam,
1218 2830 1291 2872 cum
1313 2809 1356 2872 ad

264 2943 302 2982 20
311 2919 474 2983 eeclesiam
499 2918 666 3002 confugere
689 2917 832 2995 voluerit,
858 2918 997 3003 gratiam
1022 2917 1173 3003 baptIsmi
1195 2918 1250 2981 ubi
1272 2917 1358 2982 licite

310 3029 407 3092 datur
421 3037 641 3112 consequatur.

355 3137 503 3200 LXXV.
527 3136 667 3200 Pusillus
690 3158 711 3200 a
737 3136 897 3201 Lamasba
925 3137 1016 3201 dixit.
1063 3137 1133 3221 Ego
1160 3138 1254 3201 oredo
1279 3137 1358 3222 bap·

310 3247 406 3310 tisma
420 3245 560 3310 salutare
574 3266 637 3308 non
653 3268 721 3310 esse
736 3246 795 3309 uisi
811 3246 842 3309 in
858 3247 989 3310 ecclesia
1004 3245 1171 3311 catholica.
1202 3245 1359 3330 Quicquid

310 3354 430 3437 absque
445 3354 602 3418 catholica
617 3356 713 3420 fuerit
727 3356 887 3421 simulatio
902 3362 961 3420 est.

265 3488 300 3547 ²5
355 3464 525 3527 LXXVI.
549 3466 714 3530 Salvianus
728 3489 748 3530 a
763 3466 937 3531 Gazaufala
952 3466 1043 3528 dixit.
1089 3463 1270 3527 Haeretioos
1283 3462 1359 3525 nihil

310 3572 427 3638 habere
442 3582 587 3647 constat;
612 3584 645 3640 et
666 3576 738 3639 ideo
753 3577 794 3640 ad
811 3599 868 3640 nos
883 3576 1013 3640 veniunt
1029 3584 1065 3640 ut
1080 3574 1203 3660 possint
1217 3572 1360 3657 accipere

311 3684 395 3767 quod
411 3707 474 3748 non
489 3685 618 3750 habent.

355 3793 544 3858 LXXVII.
570 3795 757 3860 Honoratus
781 3818 801 3860 a
825 3797 954 3860 Thuoca
978 3796 1068 3860 dixit.
1107 3793 1189 3858 Cum
1212 3793 1358 3859 Christus

311 3903 427 3966 veritas
453 3905 506 3979 sit,
535 3906 636 3989 magis
666 3907 833 3970 veritatem
860 3928 955 3991 quam
983 3906 1243 3970 consuetudinem
1269 3903 1356 3989 sequi

263 4012 472 4092 godebemus,
489 4022 525 4077 ut
547 4015 723 4090 haereticos,
739 4015 792 4099 qui
814 4016 886 4078 ideo
908 4015 951 4078 ad
970 4038 1028 4078 nos
1047 4015 1177 4079 veniunt
1192 4014 1267 4097 quia
1281 4011 1358 4075 foris

311 4121 386 4184 nibil
401 4122 544 4206 accipere
560 4134 743 4206 potuerunt,
758 4126 896 4189 ecclesiae
912 4125 1071 4209 baptismo
1087 4123 1329 4187 sanctificemus.

354 4232 567 4296 LXXVIII.
600 4234 715 4298 Victor
744 4237 785 4299 ab
816 4238 939 4300 Octavo
968 4235 1058 4300 dixit.
1113 4232 1206 4314 Quod
1235 4238 1268 4294 et
1297 4230 1357 4314 ipsi

309 4342 408 4420 scitis,
423 4366 487 4407 non
502 4344 576 4408 olim
591 4368 661 4409 sum
676 4346 840 4432 episcopus
855 4348 1059 4422 constitutus,
1075 4351 1108 4408 et
1123 4344 1195 4408 ideo
1210 4349 1357 4427 expecta·

310 4449 383 4512 bam
412 4474 639 4535 praecessorum
666 4454 839 4518 consilium.
892 4456 965 4519 Hoc
995 4456 1103 4538 itaque
1132 4452 1290 4528 existimo,
1320 4456 1357 4512 ut

262 4593 299 4651 35
310 4559 487 4644 quicunque
502 4585 541 4625 ex
557 4562 669 4626 haeresi
684 4564 828 4628 venerint
843 4565 909 4628 sine
925 4565 1021 4629 dubio
1037 4564 1248 4648 baptizentur.

353 4690 418 4730 vor.
436 4692 480 4732 ιιι.
826 4695 842 4736 0
