3700 5667
564 662 615 724 IN
636 662 868 725 CONClLlA
893 664 1142 727 CAR'PHAG.
1313 666 1377 732 159

327 828 507 913 oportebat,
523 849 581 890 nec
602 827 670 890 sine
688 828 838 891 libatione
858 827 901 891 ad
921 828 1056 912 profana
1075 828 1206 891 numina
1220 827 1328 892 bibere
1343 829 1377 892 li-

327 930 403 994 cuit.
435 929 568 992 Faunus.
613 928 742 993 Canone
763 929 926 1013 Ancyrani
949 930 1079 993 Concilii
1103 930 1246 1015 Septimo
1269 931 1377 1014 punie-

327 1033 446 1096 bantur
472 1031 654 1104 Christiani,
680 1030 734 1114 qui
757 1030 910 1114 ejusmodi
938 1031 1080 1094 convivia
1102 1031 1229 1115 publica
1254 1032 1378 1096 collatis

327 1133 477 1217 symbolis
492 1133 628 1197 obirent.

371 1235 407 1298 P.
431 1254 501 1320 ¹05·
525 1235 544 1298 l.
566 1255 619 1320 33.
643 1234 675 1296 in
699 1233 841 1317 collegio]
868 1234 923 1298 Ita
953 1256 1061 1297 omnes
1090 1233 1162 1297 libri
1192 1245 1314 1298 veteres
1343 1242 1377 1299 et

328 1338 482 1403 editiones
509 1359 618 1401 omnes
645 1336 830 1400 Pameliana
854 1336 1057 1420 antiquiores.
1112 1336 1272 1399 Pamelius
1301 1358 1377 1420 ergo

327 1439 465 1503 mutavit
490 1461 529 1501 ex
554 1438 646 1501 unico
670 1438 777 1500 codice
800 1438 980 1522 Anglicano
1006 1445 1039 1502 et
1064 1438 1172 1522 posuit
1195 1447 1221 1500 ct
1245 1437 1376 1521 collapsis.

329 1542 401 1621 (Ita
416 1541 543 1624 quidem
557 1540 642 1602 Neci
659 1539 736 1603 Coll.
754 1539 817 1601 cod.
827 1541 930 1623 prior,
947 1539 1002 1603 sed
1018 1539 1154 1624 reliquis,
1172 1541 1287 1624 quibus
1302 1562 1377 1603 usus

328 1665 407 1720 sum,
424 1642 659 1725 renitentibus.)
690 1643 781 1723 Quod
801 1642 898 1705 miror
916 1650 1076 1706 retentum
1097 1643 1193 1706 fuisso
1215 1643 1247 1705 in
1270 1649 1375 1727 poste·

327 1745 465 1809 rioribus
488 1744 688 1808 editionibus.
714 1744 886 1808 Bacurius.
933 1745 1058 1808 Praeter
1080 1745 1274 1828 pontificum,
1297 1745 1377 1809 Fra-

329 1852 416 1910 trum
438 1845 601 1921 amulium,
619 1845 825 1922 Potitiorum,
840 1846 1018 1930 Augurum,
1041 1846 1183 1932 collegia,
1205 1855 1239 1910 et
1261 1846 1324 1909 alia
1343 1846 1376 1909 id

328 1971 447 2034 geuus;
476 1970 546 2032 quae
570 1948 741 2011 Ethnicam
765 1947 978 2011 idololatriam
1004 1949 1145 2033 proxime
1168 1949 1376 2032 spectabaut3

328 2052 466 2136 plurima
483 2052 611 2115 fuerunt
631 2074 700 2135 quae
724 2052 765 2114 ad
786 2051 906 2135 reipub.
927 2052 1244 2130 administrationem,
1261 2054 1303 2115 ad
1323 2074 1376 2116 ne·

328 2154 532 2239 gotiationes,
549 2161 581 2217 et
601 2152 737 2216 artificia
754 2154 944 2237 pertinuere,
961 2177 1032 2238 quae
1047 2155 1174 2239 quidem
1189 2155 1296 2218 omnia
1317 2156 1376 2218 sub

330 2254 433 2319 tutela
454 2254 586 2338 alicujus
609 2254 731 2338 profani
752 2255 887 2318 numinis
910 2255 1166 2327 collocabantur;
1190 2264 1224 2319 ct
1245 2256 1376 2340 proinde

330 2358 398 2422 fieri
418 2380 482 2421 non
501 2357 615 2442 potuit,
634 2364 670 2420 ut
691 2357 760 2441 quis
783 2357 842 2421 illis
862 2360 1041 2434 interesset,
1061 2359 1137 2442 quin
1158 2358 1261 2422 cultus
1284 2358 1376 2424 istius

331 2461 421 2526 fieret
436 2461 604 2546 particeps.
629 2460 759 2523 Fames.

374 2564 412 2629 P.
433 2565 502 2627 106.
519 2563 537 2626 l.
557 2584 584 2628 a.
600 2564 685 2646 apud
700 2562 864 2647 prophana
884 2562 1063 2648 sepulchra]
1079 2563 1237 2648 Rigaltius
1257 2564 1316 2639 ait,
1334 2565 1375 2626 In

330 2667 368 2730 iis
383 2688 457 2729 vero
475 2664 626 2751 sepulcris
646 2673 738 2728 erant
754 2664 889 2748 plurima
904 2688 974 2749 quae
989 2668 1031 2730 ad
1047 2667 1127 2730 ritus
1148 2667 1291 2731 ethnicos
1306 2690 1377 2752 per·

331 2768 486 2845 tinebant,
507 2768 620 2851 quibus
643 2768 873 2831 communicare
894 2777 928 2832 et
948 2770 1157 2833 contaminari
1178 2769 1375 2848 videbantur,

330 2871 384 2956 qui
402 2879 545 2936 mortuos
565 2893 637 2933 suos
656 2870 718 2933 illic
739 2871 962 2954 deponebant:
986 2878 1020 2935 ct
1039 2871 1099 2935 hoe
1119 2871 1186 2935 solo
1206 2872 1376 2958 participes

330 2972 518 3037 idololatriae
533 2972 628 3035 fuisse
649 2971 845 3036 dicebantur.
892 2973 954 3036 Sed
972 2981 1006 3036 et
1021 2973 1149 3036 minimo
1169 2974 1376 3038 conveniebat

331 3075 520 3139 Christianae
540 3074 690 3138 charitati
711 3074 889 3158 unitatique
905 3074 1148 3151 Ecclesiasticae‚
1163 3076 1298 3140 fratrum
1320 3077 1375 3140 de·

330 3177 511 3240 functorum
551 3198 684 3260 corpora
724 3176 874 3260 sepulcris
914 3177 1029 3240 inferre
1065 3177 1203 3242 hostium
1241 3178 1376 3241 nominis

329 3279 502 3344 Christiani
514 3304 523 3354 3
554 3279 643 3362 quasi
667 3278 725 3362 ipsi
749 3278 900 3355 defuncti,
925 3288 994 3343 tum
1019 3280 1155 3343 maxime
1179 3303 1250 3345 cum
1275 3303 1375 3344 more·

330 3391 452 3457 rentur,
478 3388 571 3444 extra
595 3381 757 3444 ecclesiam
780 3381 923 3445 fuissent.
967 3381 990 3444 J
993 3403 1048 3444 ure
1072 3382 1169 3465 igitur
1191 3382 1376 3446 Christiana

331 3484 516 3548 fraternitas
539 3467 748 3546 Ethnieoriim
773 3483 904 3568 collegia
930 3484 1116 3568 despuebat,
1141 3491 1177 3547 ut
1201 3483 1372 3568 pestifera;

330 3608 501 3670 eorumque
533 3585 677 3669 sepulcra
706 3593 743 3650 ut
771 3585 949 3650 conditoria
979 3595 1185 3650 mortuorum.
1247 3585 1376 3649 Etenim

331 3689 438 3754 fideles
465 3690 603 3753 habuere
630 3711 687 3752 sua
711 3688 891 3768 κοιμητήρια,
915 3690 1137 3753 dormientium
1162 3689 1318 3764 videlicet,
1342 3687 1375 3750 in

329 3814 418 3876 spem
433 3791 670 3855 resurrectionis
685 3814 722 3855 ac
737 3791 903 3856 beatitatis
918 3801 1056 3856 aeternae.
1104 3792 1248 3876 Hujusee
1266 3798 1375 3855 autem

330 3893 396 3978 spei
412 3894 525 3979 pignus
540 3893 600 3957 illis
616 3894 676 3958 fuit
692 3895 846 3969 Christus,
864 3895 917 3979 qui
936 3896 1099 3981 depositus
1117 3896 1149 3957 in
1167 3894 1311 3981 sepulcro
1326 3915 1374 3959 re·

330 3996 411 4060 vixit
436 3995 647 4080 surrexitque.
694 3998 742 4060 Ao
768 3998 951 4061 mulieribus
974 3998 1146 4062 Dominum
1172 3999 1204 4060 in
1231 3994 1375 4079 sepulcro

330 4098 544 4181 quarentibus
568 4099 693 4162 obviam
719 4099 823 4162 factus
850 4100 980 4183 angelus
1006 4100 1100 4175 dixit,
1123 4099 1175 4162 οὐκ
1199 4099 1282 4160 ἔστιν
1306 4094 1374 4172 ὦδε,

328 4223 387 4264 aeri
401 4211 441 4264 eat
454 4201 513 4264 lie.
560 4201 620 4283 Qui
636 4223 712 4265 saue
727 4200 840 4265 titulus
854 4208 948 4265 tauto
963 4201 1147 4283 magnificus
1163 4207 1196 4263 et
1210 4198 1375 4282 gloriosus,

330 4310 450 4387 quanto
465 4303 574 4388 dispar
588 4303 724 4387 vulgatis
739 4303 799 4365 illis
814 4302 1008 4366 tumulorum
1026 4300 1296 4386 inscriptionibus,
1311 4299 1375 4363 Hic

329 4405 417 4470 Situs
433 4405 503 4478 Est,
522 4405 585 4467 Hic
599 4405 705 4469 Jacet.
737 4404 818 4468 Haec
834 4404 1003 4487 Rigaltius.
1049 4404 1160 4479 Porro,
1172 4402 1374 4486 quemadmo

328 4508 404 4571 dum
423 4529 444 4572 a
463 4506 605 4593 pluribus
628 4506 842 4581 observatum,
858 4506 942 4589 qnod
963 4506 1065 4569 omnis
1085 4506 1150 4568 fere
1169 4504 1312 4589 gentium
1326 4525 1375 4567 re-

327 4609 411 4692 ligio,
427 4616 624 4672 mortuorum
639 4607 699 4672 fnit
714 4607 826 4683 cultus,
843 4607 890 4671 ita
905 4607 958 4671 vix
978 4608 1083 4692 aliqua
1102 4630 1142 4672 ex
1160 4616 1254 4692 parte
1274 4606 1375 4691 magis
