3700 5667
496 671 547 735 IN
572 673 805 736 SYNODUM
829 675 1204 738 ANTIOCHENAM.
1308 678 1373 740 825

330 841 457 927 Hodepo
471 866 502 927 p.
518 862 591 926 324.
607 851 760 921 servatur,
777 845 945 908 sedetiam
960 845 1044 929 apud
1063 844 1235 910 Leontium
1252 847 1373 930 Byzan·

330 943 431 1007 tinum
443 945 497 1008 lib.
508 945 551 1008 iii.
565 945 644 1008 Acte.
656 947 853 1010 Νοςίονὶοιιοο
867 956 895 1011 et
905 947 1128 1030 Εοίροίιίοιιοος
1152 948 1236 1032 quod
1248 949 1375 1032 quidem

333 1047 461 1111 Leontii
473 1069 553 1131 opus
570 1047 683 1111 Latine
699 1057 826 1112 tanturn
840 1050 960 1113 editum
976 1056 1037 1124 est,
1047 1057 1080 1114 et
1092 1050 1123 1112 in
1135 1056 1223 1113 tomo
1238 1049 1376 1113 secundo

332 1150 504 1213 collocatur
519 1151 663 1213 Auctorii
677 1149 870 1215 Bibliotheca
884 1154 1020 1215 Patrem
1033 1153 1199 1216 Doooeoni.
1226 1153 1277 1215 Ibi
1292 1153 1376 1216 enim

333 1251 485 1316 Leontius
507 1275 578 1336 pag.
602 1255 675 1337 636.
697 1254 908 1316 Testimonium
931 1254 1014 1317 idem
1038 1253 1202 1318 Publiceni
1224 1255 1376 1319 adversus

333 1354 515 1418 Nestorium
537 1355 811 1438 Constantinopoli
834 1355 1032 1440 propositum
1053 1356 1173 1434 attulit,
1190 1363 1223 1421 et
1240 1357 1304 1421 alia
1323 1359 1376 1421 de-

331 1455 438 1540 inceps
453 1457 549 1520 verba
569 1457 768 1521 Samosateni
788 1457 880 1520 Pauli
900 1458 1060 1541 produxit.
1108 1459 1247 1524 Primam
1267 1467 1375 1523 autern

333 1557 426 1642 hujus
439 1559 552 1640 ῥήσεως
566 1557 747 1635 clausulam,
760 1579 824 1624 una
839 1580 911 1623 oum
924 1560 1010 1641 ῥήσει
1025 1563 1179 1643 quartae
1195 1563 1376 1642 φαινόμενος

333 1659 384 1720 οὐκ
399 1659 445 1736 ἣν,
462 1682 501 1721 ex
521 1660 585 1723 alia
602 1669 694 1744 parte
714 1661 817 1745 operis
838 1661 967 1725 Leontii
984 1660 1099 1726 Latine
1113 1663 1214 1727 edidit
1228 1663 1376 1727 Baluzius

333 1760 365 1823 in
382 1762 474 1825 Novo
497 1784 553 1826 sua
577 1763 748 1826 Collectione
769 1765 970 1827 Conciliorom
984 1786 1016 1849 p.
1036 1785 1083 1846 19.
1129 1764 1294 1829 Pertinere
1308 1767 1376 1830 haeo
1483 1752 1486 1757 ’

333 1862 445 1927 ultima
465 1864 529 1927 duo
546 1864 633 1928 Pauli
650 1865 692 1928 ad
707 1865 953 1950 Disputationem
967 1866 1035 1952 ejus
1052 1876 1157 1930 contra
1171 1866 1377 1932 Molchiooem

333 1965 417 2028 idem
438 1966 590 2031 Leontius
610 1966 772 2042 indicavit,
788 1967 841 2051 qui
861 1975 986 2052 partem
1007 1968 1122 2053 prioris
1135 1968 1304 2053 fragmenti
1320 1965 1378 2032 ite-

332 2089 403 2132 rum
424 2070 584 2134 adducens
607 2071 736 2133 titulum
758 2070 840 2133 huno
863 2069 1036 2154 praemisit:
1058 2076 1122 2134 Τοῦ
1145 2071 1234 2133 αὐτοῦ
1253 2069 1376 2153 (Pauli)

335 2173 367 2234 ἐκ
386 2177 438 2234 ποῦ
457 2172 530 2252 πρὸς
550 2174 714 2254 Μαλχίονα
733 2173 935 2253 (Μαλχίωνα)
950 2174 1055 2253 λόγον,
1072 2172 1119 2235 ita
1139 2172 1251 2236 Graece
1270 2171 1379 2234 scribi·

333 2284 387 2337 tur
413 2273 445 2337 in
470 2272 587 2338 Codice
613 2274 683 2337 MS.
707 2274 882 2337 Bodleiano
910 2272 1048 2337 Leontii.
1104 2274 1208 2337 lmmo
1234 2296 1308 2337 vero
1337 2296 1378 2338 ex

335 2376 428 2441 titulo
444 2376 547 2459 operis
566 2375 756 2440 Malchionis
774 2376 925 2439 adversus
945 2375 1093 2449 Paulum,
1109 2396 1202 2458 quem
1217 2398 1257 2438 ex
1272 2377 1379 2439 Leon·

334 2480 380 2544 tio
396 2479 477 2542 infra
492 2478 712 2555 transcribam,
724 2479 934 2563 colligendum
949 2477 1085 2554 videtur,
1096 2479 1191 2541 ambo
1205 2479 1269 2542 ista
1284 2474 1377 2543 Pauli

333 2590 367 2645 ct
382 2581 571 2645 Malchionis
588 2582 646 2644 sub
661 2603 724 2644 uno
739 2581 875 2645 fortasse
890 2580 1021 2664 Βίοίορο
1036 2581 1274 2665 comprehensa,
1287 2603 1377 2666 repo—

335 2681 398 2746 sita
412 2682 507 2745 luisse
522 2683 553 2745 in
569 2682 700 2747 (loncilii
714 2682 906 2747 Antiocheni
924 2682 1027 2760 Actis,
1044 2683 1126 2768 quod
1142 2704 1225 2747 nuno
1240 2683 1265 2746 J
1266 2682 1378 2747 ustini-

334 2783 387 2846 oni
403 2790 560 2848 tractatus
575 2784 737 2847 stabilivit.
1244 2844 1247 2852 .

378 2887 415 2950 P.
431 2906 505 2972 30¹·
525 2887 545 2950 l.
560 2906 591 2970 5.
613 2887 720 2971 scriptos]
740 2886 864 2950 Extant
881 2887 968 2972 apud
984 2908 1093 2950 omnes
1111 2893 1229 2971 praeter
1243 2883 1380 2950 Justini-

335 3011 429 3052 anum
450 2989 548 3066 istaec,
564 3010 635 3073 quae
652 2988 726 3052 olim
746 2989 840 3066 edidi,
864 2990 912 3052 καὶ
932 2992 990 3070 γὰρ
1012 2991 1046 3052 ἐν
1062 2996 1124 3056 τοῖς
1144 2989 1310 3069 προφήταις
1330 2988 1380 3068 ἦν,

334 3094 507 3172 μᾶλλονδὲ
534 3094 568 3154 ἐν
594 3093 710 3167 Maiori,
731 3092 778 3154 καὶ
802 3093 835 3154 ἐν
857 3098 984 3158 πολλοῖς
1006 3092 1122 3173 κυρίοις,
1142 3097 1261 3172 μᾶλλον
1288 3094 1320 3156 δὲ
1346 3093 1380 3155 ἐν

336 3199 454 3279 Χριστῷ
473 3195 513 3261 ὡς
531 3196 564 3257 ἐν
579 3197 641 3277 ναῷ
657 3199 747 3257 Θεοῦ.
794 3192 966 3278 Habetque
981 3216 1092 3279 margo
1106 3201 1183 3258 tom.
1203 3194 1247 3257 iii.
1266 3192 1378 3258 Οοοοίί.

335 3297 385 3361 ed.
403 3297 524 3360 Labbe.
539 3299 611 3362 ἴσως
626 3296 738 3377 ἁγίοιςε
761 3317 819 3379 pro
835 3298 951 3375 κυρίοις.
983 3294 1047 3359 Sed
1060 3298 1173 3375 μυρίοις
1186 3317 1207 3359 a
1222 3295 1381 3380 scriptura

335 3399 481 3483 proprius
505 3398 651 3468 abesset;
679 3404 712 3460 et
734 3404 905 3481 postquam
928 3397 996 3461 haeo
1020 3396 1142 3481 scripsi,
1162 3396 1225 3460 vidi
1248 3396 1281 3459 in
1305 3398 1381 3460 Ooo-

336 3501 417 3564 ciliis
438 3501 549 3563 Romae
569 3501 681 3565 Graece
702 3499 797 3562 editis
819 3498 954 3584 margini
976 3498 1158 3582 adpositum
1180 3497 1287 3576 fuisse,
1309 3501 1382 3566 ίαος

336 3605 457 3684 μυρίοις,
474 3602 570 3666 nihilo
587 3612 693 3666 tamen
714 3601 817 3665 minus
831 3602 871 3665 de
886 3600 947 3664 hac
961 3601 1145 3684 conjectura
1159 3622 1200 3663 cn
1216 3599 1382 3683 probanda

336 3706 389 3781 sit,
405 3706 525 3769 dubito.
561 3707 676 3780 Immo,
693 3703 842 3788 quoniam
855 3704 909 3768 vix
923 3703 1063 3767 arbitror
1077 3702 1210 3766 feliciter
1224 3723 1382 3786 exponen·

337 3807 412 3870 dum
431 3829 499 3870 esse
518 3806 613 3883 istud,
631 3809 664 3870 ἐν
678 3813 803 3875 πολλοῖς
822 3808 941 3887 κυρίοις,
958 3805 1043 3889 quod
1061 3804 1094 3867 in
1110 3804 1323 3869 θοοίοοίαίῖοπιο
1339 3803 1384 3867 ad

338 3910 457 3972 Clerom
474 3916 636 3993 repertum
655 3916 715 3987 est,
730 3915 834 3973 totam
853 3908 1046 3972 sententiam
1065 3929 1105 3970 ex
1119 3906 1144 3969 J
1146 3906 1305 3971 catiniano
1325 3927 1381 3969 nu·

336 4033 394 4096 per
416 4010 554 4075 redivivo
580 4010 716 4096 reposui,
740 4011 826 4096 apud
850 4032 944 4094 quem
969 4012 1063 4090 κύριος
1088 4016 1202 4081 extnt;
1233 4029 1292 4092 pro
1318 4028 1383 4090 qua

336 4123 444 4178 tamen
467 4136 553 4190 voce,
576 4113 665 4197 cujus
687 4113 910 4198 interpretatio
932 4111 1043 4177 itidem
1065 4110 1145 4174 sctis
1166 4109 1302 4173 obscura
1324 4119 1381 4184 est,

337 4216 515 4294 videndum,
527 4238 632 4280 annon
649 4216 768 4279 Paulus
782 4215 890 4300 potins
905 4214 1047 4299 posuerit
1064 4215 1209 4294 ἐγχώριος
1224 4211 1321 4275 eam
1335 4210 1383 4273 in·

336 4319 485 4399 habitam,
499 4327 532 4385 et
549 4321 597 4384 καὶ
613 4321 646 4382 ἐν
660 4325 787 4385 πολλοῖς
800 4318 944 4400 ἐγχώριος
958 4339 1017 4401 pro
1032 4318 1080 4380 καὶ
1095 4317 1130 4378 ἓν
1143 4320 1271 4380 πολλοῖς
1287 4313 1383 4392 κύριος

338 4422 397 4507 legi
427 4429 600 4507 oporteret.
655 4421 747 4484 Nunc
776 4438 901 4505 quoque
931 4417 1052 4494 addidi,
1082 4417 1178 4482 ἄλλος
1207 4413 1266 4495 γάρ
1300 4415 1384 4476 ἐστιν

336 4518 453 4599 Ἰησοῦς
478 4521 619 4602 Χριστὸς,
643 4520 690 4583 καὶ
719 4520 814 4584 ἄλλος
842 4521 859 4580 ὁ
888 4520 993 4600 λόγος,
1016 4517 1100 4601 quod
1119 4515 1143 4578 J
1145 4514 1307 4580 ustinisno
1329 4513 1384 4578 dc·

339 4622 459 4687 bemus.
