3700 5667
592 657 778 720 CONCIL.
804 658 1053 721 CARTHAG.
1070 659 1109 718 V.
1311 660 1385 728 109·

323 826 470 891 salutem.
516 823 595 888 Cum
610 822 703 887 simul
718 823 751 886 in
766 823 899 887 concilio
914 847 1063 898 essemus,
1081 825 1196 889 iratres
1212 825 1376 903 carissimi,

323 934 458 1021 legimus
472 934 598 998 litteras
611 941 735 997 vestras
751 957 830 1017 ques
845 935 886 997 ed
903 957 961 997 nos
976 935 1095 998 lecistis
1111 935 1150 998 de
1167 935 1205 998 iis
1221 935 1274 1020 qui
1292 937 1377 1020 apud

323 1045 493 1110 haereticos
514 1051 547 1108 ct
570 1042 789 1107 schismaticos
811 1044 964 1127 baptizati
981 1044 1140 1120 videntur,
1155 1067 1198 1108 nn
1220 1046 1262 1108 ad
1281 1046 1378 1109 eccle·

324 1154 406 1218 siam
424 1153 625 1228 catholicam,
642 1175 712 1236 quae
733 1175 797 1216 una
817 1163 850 1216 et
866 1175 942 1217 vero
962 1160 1021 1228 est,
1038 1153 1200 1216 venientes
1223 1154 1377 1238 baptizari

298 1266 476 1343 5debeant.
521 1267 573 1328 De
589 1287 653 1349 qua
673 1287 707 1328 re
730 1287 923 1350 quemquem
944 1273 977 1330 et
997 1265 1057 1350 ipsi
1080 1265 1141 1329 illie
1157 1266 1324 1332 veritatem
1344 1274 1378 1331 et

326 1378 511 1442 firmitatem
534 1376 698 1441 catholicoe
718 1376 835 1462 regulae
851 1379 1001 1450 teneatis,
1017 1385 1125 1441 tamen
1141 1378 1289 1463 quoniam
1305 1400 1376 1441 con-

326 1489 474 1552 sulendos
503 1510 561 1552 nos
591 1510 649 1572 pro
679 1489 837 1553 communi
867 1489 1035 1553 dilectione
1064 1489 1281 1566 existimastis,
1308 1511 1377 1552 sen-

326 1599 462 1663 tentium
478 1607 621 1663 nostram
636 1620 701 1661 non
721 1620 835 1662 novem
852 1599 1038 1683 promimus,
1054 1600 1111 1662 sed
1127 1599 1320 1684 jampridem
1335 1602 1377 1664 ab

326 1710 581 1774 antecessoribus
610 1711 728 1774 nostris
753 1718 910 1775 statutum
937 1718 970 1774 et
1001 1733 1022 1774 n
1050 1711 1141 1774 nobis
1166 1712 1376 1776 observatam.

283 1837 318 1875 10
328 1822 499 1885 Vobiscum
514 1822 583 1907 pari
595 1822 800 1885 consensione
811 1822 1030 1906 conjungimus
1039 1823 1121 1905 (for.
1134 1823 1376 1909 conjungimur,)

328 1940 495 1997 censentes
509 1933 628 1996 scilicet
643 1944 677 1996 et
692 1955 750 2017 pro
765 1940 853 1996 certo
872 1939 1018 1996 tenentes
1039 1933 1195 1995 neminem
1210 1933 1287 1996 foris
1303 1933 1380 2018 bap-

328 2040 422 2105 tizari
445 2047 538 2104 extre
560 2040 725 2104 ecelesiam
748 2061 852 2123 posse,
876 2061 948 2102 eum
974 2041 1016 2102 sit
1040 2039 1200 2124 baptisma
1225 2063 1322 2103 unum
1347 2041 1380 2105 in

328 2159 442 2216 sancta
478 2151 609 2215 ecclesie
645 2152 867 2227 constitutum,
905 2159 939 2215 et
975 2151 1127 2236 scriptum
1164 2152 1206 2216 sit
1243 2152 1380 2216 Domino

329 2262 478 2326 dicente:
520 2264 597 2326 hMc
621 2262 844 2347 doreiiqnemnt
860 2263 979 2345 fontem
1004 2284 1095 2347 aqam
1117 2263 1205 2340 oioae,
1228 2273 1254 2326 et
1275 2264 1381 2345 aliode-

247 2411 250 2414 ·
284 2382 404 2448 lsrant
424 2370 585 2436 sibilacus
602 2373 724 2437 detritos
738 2374 791 2458 qai
809 2395 869 2436 non
884 2382 1011 2458 possam
1031 2394 1145 2457 aquam
1161 2383 1311 2457 portam
1347 2381 1380 2438 et

331 2482 448 2546 iterum
463 2481 569 2545 divine
591 2481 749 2566 scriptura
771 2488 899 2545 moneat
918 2490 952 2545 et
972 2483 1078 2546 dicat:
1102 2481 1164 2545 ist
1182 2505 1263 2568 aqna
1278 2483 1381 2547 alima

331 2592 446 2657 abstine
459 2603 495 2670 tc,
511 2603 539 2657 ot
552 2615 573 2657 a
580 2594 667 2676 sonte
685 2613 775 2677 aqam
795 2591 904 2655 aliena
925 2613 962 2655 ac
982 2590 1099 2656 biberis.
1144 2594 1282 2677 Oportet
1305 2616 1382 2678 ergo

332 2703 479 2768 mundari
499 2712 533 2768 et
548 2703 739 2767 sanctificari
758 2724 875 2787 squam
894 2702 983 2786 prius
998 2725 1019 2765 e
1033 2703 1209 2779 secerdote,
1226 2711 1262 2766 ut
1280 2703 1382 2787 possit

330 2814 492 2899 baptismo
506 2837 564 2877 suo
579 2823 711 2898 peccata
725 2814 860 2877 hominis
870 2813 924 2898 qui
940 2812 1122 2897 baptizatur
1136 2814 1284 2889 abluere;
1308 2814 1383 2898 quis

284 2947 389 3010 anper
403 2925 601 2989 Ezechielem
623 2925 813 3010 prophetem
836 2924 992 2988 Dominus
1013 2925 1109 2988 dicit:
1135 2926 1203 2987 tm
1224 2946 1383 3009 asperpam

329 3056 421 3119 saper
441 3056 490 3098 vos
509 3056 622 3119 aquam
643 3034 799 3111 mandam,
821 3044 850 3097 et
869 3033 1092 3097 mundabimini
1113 3033 1151 3099 ab
1172 3034 1306 3099 oranilae
1327 3037 1382 3098 im-

330 3145 492 3209 munditiis
513 3147 629 3220 neatris,
643 3156 671 3209 et
688 3144 727 3209 al
745 3144 880 3209 omnibus
900 3147 1074 3210 manniam-is
1093 3149 1197 3211 cestra
1218 3147 1384 3212 cnrnadabo

331 3279 392 3333 aas,
415 3266 442 3320 a
466 3255 542 3321 dabo
568 3255 647 3320 ociis
669 3278 720 3320 cor
744 3279 862 3334 nomam,
886 3267 912 3321 a
934 3257 1077 3342 spiritam
1106 3281 1213 3322 nocam
1241 3259 1318 3324 dabo
1347 3261 1382 3323 in

332 3366 421 3431 oola.
478 3368 645 3448 Quomodo
670 3377 777 3432 autem
804 3370 958 3433 mundare
984 3377 1018 3433 et
1045 3370 1243 3433 sanctificare
1267 3391 1383 3455 equam

286 3503 321 3559 25
333 3485 440 3563 potest
456 3478 509 3562 qui
525 3478 592 3563 ipse
615 3478 795 3542 immundus
809 3490 859 3543 est
874 3487 907 3544 et
927 3482 1012 3563 apud
1029 3502 1122 3565 quem
1145 3480 1274 3564 spiritus
1296 3501 1385 3543 sano-

333 3595 387 3652 tus
408 3609 472 3652 non
492 3596 550 3666 est,
566 3611 638 3652 cum
654 3588 811 3653 Dominus
833 3590 920 3655 diost
942 3591 973 3654 in
998 3590 1162 3654 Numeris:
1195 3589 1263 3654 rm
1284 3590 1386 3654 omnia

333 3725 514 3788 quantaque
534 3704 663 3787 reciperit
684 3704 858 3767 immundae
879 3704 1039 3768 immmida
1060 3706 1172 3766 anat?
1217 3703 1286 3766 Aut
1310 3724 1386 3786 quo-

334 3816 430 3878 modo
452 3814 619 3898 baptizans
641 3816 718 3877 dare
740 3813 833 3877 alteri
855 3814 1020 3877 remissam
1049 3822 1252 3898 peccatorum
1278 3821 1386 3900 potest

334 3925 388 4010 qui
404 3924 471 4009 ipse
487 3946 544 3987 sue
559 3932 692 4010 peecata
708 3925 865 4008 deponere
880 3930 974 3987 extra
994 3924 1157 3987 ecclesiam
1173 3946 1237 3987 non
1257 3927 1387 4008 potest!

285 4056 326 4114 30
335 4034 400 4099 Sed
422 4042 456 4097 et
478 4033 548 4118 ipse
574 4032 783 4117 interrogatio
807 4054 877 4117 quae
906 4033 945 4095 fit
967 4032 999 4094 in
1029 4032 1188 4116 baptismo
1214 4033 1307 4096 testis
1336 4041 1386 4096 est

335 4143 488 4208 veritatis.
536 4142 618 4206 Nam
639 4165 709 4206 cum
728 4142 870 4218 dicimus,
888 4143 1000 4206 Credis
1021 4142 1054 4204 in
1077 4144 1171 4205 eitam
1194 4153 1338 4206 aternam
1359 4154 1387 4207 ct

335 4255 535 4319 remissiones
558 4263 750 4338 peccatoram
773 4275 833 4338 per
859 4263 995 4317 sanctam
1021 4253 1205 4317 cromnam?
1241 4255 1387 4340 intelligi·

334 4387 406 4428 mus
429 4363 645 4428 remissionem
675 4371 878 4447 pcccatorum
909 4385 971 4426 non
1001 4363 1060 4426 nisi
1090 4363 1122 4426 in
1150 4363 1282 4428 ecclesia
1307 4365 1389 4441 dari,

469 4527 483 4565 h
498 4526 568 4574 Hier.
581 4527 607 4573 ii.
626 4540 661 4586 13.
930 4525 937 4563 l
952 4525 1023 4571 Pron.
1037 4525 1068 4571 ix.
1085 4523 1122 4569 18.
1134 4539 1179 4570 ser„
1192 4537 1257 4571 axx.

473 4604 482 4650 l
500 4608 587 4657 Esech.
600 4608 684 4655 xxxvi.
699 4621 737 4667 25,
751 4607 790 4654 2⁶.
924 4607 937 4645 k
952 4606 1026 4653 Num.
1040 4606 1092 4652 xlx.
1104 4617 1141 4651 22.
