3700 5667
404 659 468 725 168
736 661 1116 725 ANNOTATIONES

403 828 625 904 interfuerant,
651 829 691 892 de
715 835 893 893 retractata
920 828 1059 914 ipsorum
1087 827 1233 912 opinione
1258 828 1300 890 ad
1326 848 1451 889 omnem

403 953 525 994 versum
544 931 683 995 nonnihil
700 934 841 1016 ingerere
857 932 1060 1016 perstitisset.

447 1035 484 1096 P.
505 1054 574 1114 ¹09·
590 1033 609 1096 l.
629 1054 656 1096 2.
681 1035 722 1097 ad
746 1034 815 1118 nos]
842 1034 961 1096 Mirum
983 1041 1033 1097 est
1051 1033 1109 1095 has
1127 1053 1229 1106 voees,
1251 1052 1321 1115 quae
1337 1053 1450 1114 propa-

401 1142 486 1220 gatae
512 1143 587 1199 sunt
610 1158 649 1198 ex
676 1135 815 1199 editione
838 1135 974 1211 Erasmi,
999 1135 1114 1198 desunt
1138 1134 1221 1197 enim
1241 1134 1273 1197 in
1293 1134 1363 1197 aliis
1382 1134 1450 1197 edi·

402 1238 553 1313 tionibus,
569 1260 633 1302 non
655 1238 786 1323 reperiri
806 1237 866 1301 nisi
885 1237 918 1300 in
934 1238 1037 1301 tribus
1051 1236 1191 1321 antiquis
1206 1237 1448 1320 exemplaribus,

402 1340 544 1423 quamvis
564 1339 645 1402 hanc
666 1339 832 1424 epistolam
853 1339 1041 1404 contulerim
1059 1361 1130 1403 cum
1146 1339 1256 1425 viginti
1277 1362 1341 1402 sex.
1387 1338 1450 1401 De-

402 1450 477 1504 sunt
491 1462 567 1527 ergo
582 1442 614 1505 in
635 1442 821 1519 Turonensi‚
838 1442 869 1505 in
892 1464 955 1504 uno
974 1441 1171 1526 Remigiano,
1187 1449 1221 1506 et
1236 1441 1267 1504 in
1288 1439 1448 1505 Becoensi.

402 1543 566 1607 Bxannus.
612 1544 720 1608 Voluit
735 1545 838 1608 dicere
856 1544 1014 1621 Baluzius,
1030 1546 1149 1608 Extant
1161 1566 1238 1628 erpo,
1253 1565 1315 1606 non
1331 1545 1449 1608 Deam!

386 1667 479 1735 ‘erpa
526 1646 589 1710 Sed
613 1646 746 1712 deerant
769 1648 888 1711 eaedem
912 1670 1004 1711 voees
1029 1648 1062 1711 iu
1083 1670 1133 1712 sea
1157 1645 1305 1711 oodioibes
1324 1647 1357 1709 in
1376 1647 1447 1710 edil.

403 1749 497 1812 Ocea.
520 1748 676 1821 indicatis,
699 1749 827 1834 aliisque
849 1760 979 1835 quotuor
999 1750 1112 1834 quibus
1130 1757 1214 1823 utor,
1231 1750 1325 1832 inque
1346 1757 1448 1812 veter·

400 1851 488 1915 rimis
504 1851 655 1935 Cypriani
670 1851 869 1915 editionibus.

445 1955 528 2017 Ibid.
544 1953 600 2033 l.4
634 1976 704 2038 quae
730 1977 794 2019 una
817 1963 850 2018 et
874 1977 949 2018 vera
975 1955 1039 2040 est]
1068 1954 1123 2018 Ita
1146 1953 1343 2017 restituimus
1364 1953 1448 2016 hunc

399 2056 503 2121 locum
519 2078 558 2121 ex
573 2057 635 2121 fide
647 2065 784 2142 quatuor
796 2065 938 2121 veterum
949 2057 1111 2120 librorum.
1135 2056 1305 2120 Bxauzms.
1333 2056 1447 2140 Vulgo,

399 2180 467 2244 qao
480 2182 544 2224 sata
558 2170 608 2236 at,
624 2168 658 2224 et
673 2161 943 2225 consentientibus
959 2167 1095 2243 quatuor
1109 2159 1229 2223 nostris
1244 2158 1413 2222 codicibus.

445 2263 527 2327 Ibid.
542 2263 563 2325 l.
580 2282 609 2345 9.
632 2264 884 2327 antecessoribus
906 2263 1035 2347 uostris]
1058 2262 1236 2346 Agrippino
1253 2261 1399 2325 videlicet
1412 2270 1447 2325 et

399 2362 480 2436 aliis,
506 2383 583 2444 quos
605 2362 808 2446 septuaginta
831 2361 927 2425 suisse
950 2362 1060 2425 scribit
1083 2369 1213 2426 sanctus
1235 2363 1445 2446 Augustinus,

399 2464 446 2528 nti
467 2463 645 2527 monuimus
666 2465 708 2527 ad
723 2464 890 2548 epistolam
905 2486 1022 2527 nonam
1038 2487 1111 2550 pag.
1128 2467 1202 2549 396.
1249 2465 1328 2528 Vide
1347 2466 1446 2530 etiam

399 2572 493 2633 notas
507 2567 548 2631 ad
564 2567 730 2651 epistolam
746 2567 845 2631 lxxiii.
869 2567 1036 2631 Bxuuzlus.
1075 2566 1162 2630 Nihil
1179 2567 1278 2630 habet
1292 2567 1336 2630 ibi
1351 2567 1446 2631 Balu-

399 2670 464 2734 zius
488 2670 527 2733 de
551 2670 718 2755 Agrippini
742 2678 895 2754 tempore,
920 2671 1005 2753 quod
1028 2669 1155 2753 quidem
1177 2670 1336 2754 plerisque
1359 2671 1445 2734 vide-

399 2782 453 2836 tur
474 2772 613 2857 ignotius
635 2794 713 2848 esse,
730 2793 824 2855 quam
846 2779 884 2835 ut
905 2772 984 2835 certi
1007 2772 1125 2857 aliquid
1146 2773 1186 2835 de
1208 2794 1246 2835 eo
1270 2780 1445 2837 statuatur.

399 2874 482 2937 Nam
513 2875 566 2958 qui
592 2875 750 2958 Cypriano
776 2882 850 2937 sunt
874 2874 906 2935 in
932 2874 1075 2957 Epistola
1099 2896 1156 2937 sua
1181 2873 1279 2937 lxxiii.
1310 2874 1374 2938 sive
1402 2876 1448 2938 ud

398 2976 598 3052 dotciacum,
610 2977 701 3038 malti
715 2977 790 3038 anai
805 2986 832 3038 et
847 2975 935 3059 baga
949 2985 1031 3048 otas,
1048 2998 1113 3051 eos,
1122 2997 1238 3061 paucos
1251 2987 1320 3040 aaa
1335 2978 1445 3061 Cypri·

397 3100 493 3142 acam
515 3100 610 3141 aanor
634 3077 773 3163 appellat-
799 3077 1001 3161 Augustinus
1020 3076 1074 3139 lib.
1091 3077 1131 3141 iv.
1158 3079 1269 3142 Contra
1290 3080 1442 3142 Dormiat.

398 3203 467 3266 cap.
485 3184 513 3245 6.
552 3183 704 3245 Attamen
715 3180 783 3263 jam
798 3180 852 3242 diu
867 3180 953 3264 apud
969 3180 1069 3242 Afros
1084 3179 1251 3243 invaluisse
1265 3181 1444 3264 opinionem

397 3284 438 3347 de
460 3283 602 3347 vanitate
626 3282 776 3368 baptismi
799 3281 1029 3354 haereticorum,
1057 3282 1198 3345 ostendit
1219 3281 1442 3354 Tertullianus,

396 3385 501 3447 adhue
525 3383 709 3460 catholicus,
734 3383 766 3445 in
792 3383 873 3446 libro
900 3405 958 3445 suo
982 3382 1030 3444 De
1054 3382 1225 3466 Baptienw,
1254 3383 1306 3445 ubi
1332 3383 1444 3446 iisdem

396 3486 494 3550 fultus
508 3486 694 3562 rationibus,
711 3508 790 3570 quas
811 3485 901 3549 nobis
921 3485 1059 3549 inculcat
1074 3483 1262 3569 Cyprianus,
1284 3485 1445 3569 improbat

396 3589 616 3653 haereticorum
632 3589 837 3672 baptismum,
852 3611 889 3652 ac
905 3610 963 3672 pro
978 3589 1069 3651 irrito
1085 3587 1192 3651 habet.
1218 3587 1290 3649 Vid.
1303 3610 1372 3672 cap.
1393 3608 1442 3670 15.

398 3692 501 3753 lmmo
523 3712 597 3753 vero
620 3690 653 3752 in
675 3690 878 3774 Geographia
901 3690 1020 3752 Africa
1042 3690 1141 3752 Sacra
1161 3689 1193 3752 S.
1212 3691 1321 3774 Optato
1342 3711 1362 3752 a
1378 3689 1443 3752 Du-

395 3792 482 3877 pinio
503 3793 634 3874 praefixa
656 3802 730 3875 post
750 3794 846 3855 verba
869 3793 1060 3856 Tertulliani
1082 3816 1113 3877 p.
1132 3815 1207 3854 xxx.
1224 3793 1332 3867 allata,
1352 3792 1444 3854 Circa

394 3893 546 3957 hereticos
566 3915 637 3957 scae
659 3895 736 3977 quid
755 3894 989 3970 custodiendam,
1011 3896 1100 3980 dique
1119 3896 1188 3979 qaia
1212 3903 1350 3957 retractet
1361 3896 1377 3956 t
1400 3894 1445 3956 ud

393 4018 446 4060 aas
459 3997 538 4059 caim
552 3997 665 4059 ditum
680 4006 720 4059 est
730 4021 745 4068 ,·
763 4018 819 4080 per
834 3998 945 4060 eadem
961 3998 1057 4060 verba
1072 3997 1230 4080 designari
1246 3997 1292 4060 ait
1307 4020 1341 4059 so
1357 3997 1443 4059 haud

394 4100 542 4164 dubitare
553 4100 601 4161 vir
615 4099 815 4163 doctissimus
827 4100 990 4163 decretum
1007 4099 1177 4185 Agrippini
1190 4106 1303 4162 contra
1317 4099 1443 4162 haereti-

394 4225 502 4267 corum
528 4203 706 4287 baptisma3
730 4203 864 4286 indeque
887 4213 921 4265 et
945 4225 985 4266 ex
1011 4203 1159 4287 Cypriani
1185 4201 1288 4264 verbis
1313 4202 1442 4287 colligit,

393 4305 491 4368 videri
512 4305 737 4390 Agrippinum,
761 4327 825 4368 non
847 4306 957 4383 tertie,
980 4316 1017 4370 ut
1036 4307 1129 4390 vulgo
1151 4311 1279 4390 putant,
1305 4306 1360 4367 sed
1382 4305 1441 4368 sub

393 4406 489 4470 finem
512 4408 641 4471 secundi
659 4408 796 4473 ecclesiae
815 4409 921 4472 saeculi
942 4408 1136 4493 Carthagine
1156 4408 1284 4471 sedisse.
1330 4407 1442 4488 Neque

393 4516 525 4573 aetatem
542 4510 712 4595 Agrippini
734 4510 891 4573 diversam
914 4512 1125 4575 constituerat
1146 4510 1254 4573 Fellus
1276 4508 1317 4571 ad
1339 4509 1443 4571 locum

393 4609 479 4673 illum
497 4611 647 4697 Epistoke
660 4610 699 4675 ub
713 4610 916 4689 dotciacum,
931 4635 961 4697 p.
983 4633 1051 4696 ¹99·
1096 4613 1235 4696 Jamque
1258 4611 1349 4674 video
1371 4632 1441 4673 eru-
