3700 5667
393 652 435 718 46
743 651 1096 718 ANNOTATIONES

391 825 487 890 luerit
502 824 605 908 ipsum
617 830 650 887 et
661 822 763 887 socios
775 824 843 908 ejus
854 823 895 887 ob
906 823 1112 888 confessionis
1126 824 1293 903 honorem,
1305 824 1442 890 eoelesiae

392 926 543 1002 censuris,
553 935 651 1010 atque
659 926 875 990 anathematis
884 925 1005 989 l'ulmini
1018 924 1158 989 nondum
1167 925 1265 990 luisse
1273 927 1442 1012 subjectos

393 1030 487 1093 Fam.
537 1029 625 1113 Siqui
637 1028 759 1092 redacti
771 1029 812 1093 ad
827 1027 986 1113 publieam
1002 1028 1224 1111 paenitentiam
1239 1028 1385 1107 luissent,
1400 1031 1444 1094 lo-

392 1154 464 1195 eum
479 1152 570 1194 suum
585 1130 618 1193 in
629 1130 761 1195 eeclesia
769 1131 908 1215 resipere
923 1130 1010 1194 haud
1025 1130 1306 1214 permittebantur.
1353 1132 1442 1196 Infra

392 1234 435 1298 ad
446 1234 569 1298 Cenem.
580 1233 741 1298 Gnarum.
752 1232 816 1297 lll.
832 1233 925 1318 plura
939 1233 1138 1298 notabuntur
1148 1233 1208 1297 sub
1219 1232 1292 1297 init.
1305 1235 1347 1298 de
1361 1234 1444 1299 olere

392 1336 572 1423 poenitenti.

438 1439 477 1502 P.
494 1459 542 1524 19.
557 1438 640 1522 l.15.
657 1437 833 1501 remisimus
844 1438 915 1502 Deo
931 1435 1153 1522 omnipotenti]
1169 1436 1204 1500 Si
1219 1437 1290 1521 quis
1300 1439 1345 1502 ad
1359 1461 1444 1504 eom·

393 1541 639 1605 munieationem
654 1541 857 1625 reciperetur,
873 1549 1042 1605 externum
1057 1539 1118 1603 hoo
1132 1555 1217 1604 esset
1232 1539 1443 1627 privilegium.

395 1643 615 1727 Colligsndum
636 1650 745 1706 autem
760 1643 895 1716 videtur,
915 1643 1051 1706 sensisse
1064 1649 1201 1719 veteres,
1215 1641 1294 1706 nihil
1316 1643 1378 1707 sibi
1399 1644 1444 1708 rei

394 1745 490 1809 luisse
505 1767 575 1808 eum
582 1747 658 1827 seem
671 1745 801 1819 interno,
817 1743 877 1808 uisi
892 1753 930 1809 ut
950 1752 1098 1829 peterent
1112 1766 1134 1808 a
1148 1743 1218 1808 Deo
1233 1743 1444 1833 delinquentis

393 1846 634 1912 absolutionem.
680 1847 850 1910 Marsum.
875 1846 930 1931 qui
954 1846 1107 1911 lentorem
1129 1847 1171 1910 ad
1193 1855 1291 1912 netas
1312 1869 1388 1913 suas
1411 1848 1444 1913 in

395 1949 546 2035 Cypriani
563 1950 723 2035 Opusenla
737 1949 867 2034 relegat.

440 2053 524 2116 Ibid.
539 2052 560 2117 l.
574 2071 624 2116 20.
636 2052 864 2136 destinantem]
882 2051 1110 2115 Revocavimus
1124 2051 1291 2116 lectionem
1303 2059 1444 2117 veterum

395 2156 580 2232 editionum,
600 2178 670 2239 quae
693 2155 760 2220 sola
780 2156 865 2219 bona
885 2162 945 2230 est,
962 2177 1057 2238 quam
1076 2164 1233 2238 praeterea
1253 2155 1445 2220 confirmant

394 2259 518 2341 aliquot
532 2265 642 2321 vetera
656 2257 858 2342 exemplaria.
891 2257 1019 2320 Primus
1034 2256 1187 2320 Erasmus
1201 2279 1273 2321 eam
1288 2258 1446 2342 tantisper

396 2359 531 2423 mutavit
547 2360 746 2442 festinantem
774 2381 894 2443 ponens
916 2382 973 2444 pro
999 2360 1205 2424 destinantem.
1252 2360 1318 2424 Sed
1338 2369 1446 2424 tamen

396 2464 549 2527 Erasmus
570 2485 633 2525 non
648 2462 774 2526 videtur
788 2462 898 2525 fecisse
912 2462 1033 2546 absquo
1049 2462 1252 2526 auctoritato.
1299 2465 1386 2526 Nam
1400 2464 1446 2527 ita

395 2588 455 2651 ego
477 2564 579 2628 inveni
603 2565 756 2649 seriptum
778 2565 810 2627 in
829 2564 911 2627 libro
928 2564 1122 2641 corbeiensi,
1138 2587 1201 2627 non
1216 2587 1255 2629 eo
1273 2566 1446 2650 modoque

396 2671 534 2734 refertur
555 2668 588 2731 in
611 2669 751 2732 editione
774 2666 905 2753 Rigaltii
928 2676 962 2731 et
984 2667 1017 2730 in
1040 2667 1229 2752 Anglieaua,
1254 2668 1329 2750 [vid.
1351 2669 1446 2754 paulo

396 2796 502 2859 snpra.
549 2772 611 2834 Hae
634 2772 726 2835 editt.
742 2771 773 2834 iu
790 2779 883 2834 textu
905 2778 1075 2854 praestant,
1091 2770 1297 2834 festinantem
1319 2771 1360 2835 ds
1382 2779 1447 2836 sta-

397 2878 484 2938 tione
507 2876 548 2938 ad
571 2896 636 2937 vos.
682 2872 737 2936 Ita
759 2872 856 2936 etiam
879 2871 981 2935 edidit
1004 2870 1190 2956 Constant]
1213 2873 1269 2936 ssd
1291 2894 1330 2935 oo
1352 2874 1447 2936 modo

397 3001 460 3062 quo
487 2978 603 3062 legitur
625 2978 657 3041 in
682 2977 734 3039 illo
758 2975 857 3040 veteri
881 2976 974 3051 libro,
998 2975 1031 3037 iu
1061 2997 1124 3059 qno
1153 2974 1319 3060 ipsissimis
1343 2975 1447 3039 verbis

396 3078 513 3163 legitur
527 3079 699 3141 descendere
713 3078 758 3141 ad
776 3077 984 3162 naeipandnm
996 3079 1195 3161 festinatae-m
1214 3079 1258 3141 ad
1277 3101 1327 3141 nos
1344 3079 1448 3143 atatim

396 3181 512 3244 dimisi.
558 3185 607 3245 At
621 3181 779 3265 Rigaltius
801 3180 847 3242 ait
869 3180 902 3242 in
923 3179 1005 3242 libro
1027 3180 1080 3242 illo
1099 3180 1160 3261 legi
1175 3180 1220 3243 ad
1239 3181 1447 3264 naoipandnm

396 3284 593 3348 demiratione
614 3284 659 3347 ad
680 3305 728 3345 nos
748 3283 851 3346 statim
874 3282 1002 3345 dimissi.
1049 3281 1170 3346 Postea
1193 3282 1378 3346 introducta
1398 3292 1448 3347 est

396 3388 490 3452 leetio
505 3411 575 3473 quae
598 3386 689 3450 addit
712 3386 749 3449 de
770 3386 903 3449 statimne.
949 3385 1022 3448 Duo
1046 3385 1099 3448 illa
1113 3385 1264 3448 vocabula
1287 3408 1351 3448 non
1373 3393 1448 3451 sunt

396 3491 497 3554 saneti
516 3489 668 3574 Cypriani
688 3487 865 3568 (Gemelli),
890 3487 945 3550 sed
968 3486 1106 3571 imperiti
1129 3487 1293 3570 eujusdam
1315 3486 1446 3551 librarii.

397 3594 489 3672 Quod
505 3593 549 3655 sie
565 3592 705 3655 evenisso
721 3591 767 3654 uti
784 3590 926 3653 dicturus
943 3612 1012 3673 sum
1035 3599 1112 3674 puto
1128 3612 1191 3652 non
1213 3612 1304 3673 posse
1319 3590 1447 3676 ambigi.

399 3692 508 3755 Primo
524 3693 755 3754 observandum
770 3700 820 3755 est
842 3691 896 3754 illa
914 3713 977 3753 non
999 3701 1109 3754 extare
1133 3691 1165 3754 iu
1180 3691 1320 3774 antiquis
1343 3713 1447 3756 exem·

397 3792 538 3878 plaribns
554 3814 624 3874 quae
648 3793 767 3857 habent
782 3816 890 3857 voeom
903 3794 1114 3877 festinantem,
1131 3816 1232 3877 neque
1254 3795 1287 3856 iu
1308 3795 1447 3879 antiqui·

397 3894 504 3957 oribus
529 3893 729 3957 editionibus.
786 3896 951 3960 lllorellius
976 3896 1029 3959 illa
1055 3896 1174 3980 primus
1201 3897 1336 3971 induxit,
1362 3896 1447 3959 haud

397 3997 492 4061 dubie
516 4019 556 4059 ex
580 3997 718 4080 quodam
745 3999 842 4062 veteri
868 3999 958 4062 libro.
1004 3999 1088 4061 Nam
1112 4008 1144 4062 et
1168 4021 1227 4082 ego
1249 4006 1316 4062 tres
1331 3999 1393 4061 vidi
1414 3998 1446 4061 in

397 4099 510 4183 quibus
535 4120 573 4161 ea
596 4099 808 4184 reperiuntur.
861 4099 899 4161 ld
921 4121 995 4162 vero
1014 4098 1125 4161 vitium
1149 4098 1365 4162 introductum
1389 4107 1447 4176 est,

397 4213 434 4266 ut
456 4212 553 4267 antea
576 4202 695 4278 monui,
712 4223 770 4283 por
790 4201 982 4284 imperitiam
1004 4208 1037 4264 et
1060 4200 1262 4264 oscitantiam
1284 4201 1448 4284 eujusdam

397 4305 513 4368 vetoris
539 4304 658 4367 librarii
684 4303 853 4367 nescientis
878 4302 1020 4366 litteras:
1053 4303 1106 4387 qui
1130 4324 1202 4366 eum
1228 4302 1392 4365 incidisset
1417 4302 1449 4364 iu

398 4404 560 4488 exemplar
580 4405 662 4468 male
683 4405 847 4489 seriptum,
864 4426 928 4467 non
951 4413 1058 4489 posset
1080 4414 1188 4468 autem
1209 4405 1349 4467 divinare
1370 4426 1447 4488 quo-

398 4507 492 4570 modo
514 4506 714 4569 scribendum
737 4515 821 4570 esset
841 4507 1028 4570 vocabulum
1049 4509 1134 4590 quod
1160 4508 1354 4591 sequebatur
1376 4512 1450 4590 pest

398 4608 620 4693 nanipnndnm,
637 4632 708 4672 eam
723 4630 830 4674 vocem
854 4609 961 4693 posuit
976 4632 1046 4692 quie
1067 4609 1124 4671 sibi
1142 4608 1227 4672 venit
1246 4608 1278 4670 in
1299 4616 1447 4681 ruentem,
