3700 5667
715 684 900 749 CONCIL.
925 688 1174 752 CARTHAG.
1192 690 1242 752 11.
1459 691 1505 758 97

446 849 544 934 periit
565 871 625 912 mco
646 851 826 935 inquisistis,
840 863 868 916 et
887 854 968 939 qaod
979 855 1064 937 sorte
1076 856 1147 939 fait
1166 856 1331 938 confecistis
1351 856 1463 934 labore,
1477 867 1505 921 et

453 958 598 1044 dbpcrsc
613 970 682 1024 eum
700 983 766 1025 ocae
783 983 868 1040 mom,
890 984 921 1026 eo
935 964 1016 1048 qaod
1033 986 1092 1028 aaa
1110 974 1180 1028 sunt
1195 975 1342 1049 pastores,
1362 975 1390 1029 et
1401 967 1504 1048 factos

452 1081 522 1135 ruat
536 1072 571 1134 io
584 1082 778 1135 comesturam
792 1073 926 1138 omaidus
945 1074 1044 1138 lamias
1057 1076 1151 1160 ayri,·
1179 1086 1206 1139 et
1223 1098 1282 1139 aaa
1294 1077 1367 1159 fuit
1381 1076 1435 1160 qui
1454 1077 1503 1140 ia-

451 1182 593 1266 quirem,
609 1205 699 1269 aeque
713 1186 767 1269 qai
781 1196 942 1250 revocaret.
977 1187 1145 1271 Propterea
1158 1186 1225 1250 luceo
1239 1187 1315 1250 decit
1329 1187 1502 1250 Dominus:

426 1293 531 1376 5Ecce
551 1315 602 1378 rgo
623 1317 712 1379 asper
725 1306 870 1380 pastores,
893 1306 921 1360 et
938 1298 1094 1382 requiram
1116 1320 1180 1361 coes
1202 1319 1282 1361 orcas
1305 1298 1342 1361 de
1364 1296 1504 1362 crucibus

453 1426 565 1479 aarum,
579 1415 607 1469 et
628 1416 762 1469 avertam
784 1430 829 1470 eos
847 1416 881 1470 ut
899 1429 958 1470 aaa
973 1418 1105 1492 pascant
1120 1430 1183 1471 coes
1204 1430 1295 1485 meus,
1312 1418 1340 1472 et
1353 1408 1424 1492 jam
1443 1432 1503 1473 moa

445 1525 572 1601 praeeat
592 1539 650 1594 aas,
666 1527 693 1580 et
714 1519 872 1582 celredum
893 1541 959 1583 ocos
975 1541 1056 1582 meas
1074 1519 1110 1582 da
1130 1541 1179 1582 ore
1200 1540 1314 1596 mmm,
1332 1529 1359 1581 et
1373 1541 1503 1604 pascam

450 1648 501 1690 eos
513 1649 581 1690 cum
587 1628 716 1710 judicio.
752 1628 800 1692 Ne
815 1629 914 1714 igitur
928 1652 983 1694 ore
998 1639 1119 1708 nostro,
1134 1652 1197 1714 quo
1212 1652 1321 1714 pacem
1337 1651 1500 1715 negamus,

453 1757 515 1819 quo
531 1736 682 1800 duritiam
697 1738 798 1822 magis
812 1739 959 1802 humanae
975 1740 1173 1803 crudelitatis
1189 1762 1284 1824 quam
1303 1739 1501 1803 dulcedinem

405 1871 443 1909 ιο
452 1846 565 1911 divinae
580 1855 614 1912 et
628 1855 770 1932 paternae
786 1849 916 1932 pietatis
931 1849 1129 1934 opponimus,
1140 1872 1213 1913 oves
1225 1849 1315 1913 nobis
1325 1850 1500 1914 commissae

451 1980 473 2023 a
492 1959 632 2023 Domino
652 1969 871 2046 reposcantur,
894 1961 1014 2046 placuit
1036 1961 1136 2039 nobis,
1156 1967 1269 2024 sancto
1293 1961 1407 2045 spiritu
1429 1983 1501 2045 sug-

450 2079 593 2155 gerente,
625 2078 658 2136 et
686 2071 826 2136 Domino
855 2094 912 2157 per
937 2071 1073 2136 visiones
1104 2070 1223 2135 multas
1253 2076 1287 2134 et
1315 2071 1501 2134 manifestas

450 2181 653 2260 admonente,
677 2181 752 2265 quia
778 2182 880 2246 hostis
905 2182 997 2246 nobie
1023 2182 1185 2246 imminere
1210 2182 1445 2266 praenuntiatur
1467 2189 1501 2247 et

451 2292 641 2370 ostenditur,
656 2292 801 2377 colligere
821 2293 907 2357 intra
926 2299 1035 2357 castra
1053 2292 1170 2356 milites
1185 2291 1316 2367 Christi,
1331 2303 1366 2356 et
1381 2292 1499 2356 exami-

407 2402 536 2478 ¹5natis
557 2402 751 2488 singulorum
774 2404 888 2481 causis,
904 2426 1015 2489 pacem
1036 2403 1135 2488 lapsis
1157 2405 1245 2481 dare,
1261 2404 1358 2466 immo
1379 2424 1501 2488 pugna·

449 2513 531 2576 turis
552 2535 644 2579 arma
666 2537 843 2600 suggerere.
888 2514 981 2595 Quod
1005 2515 1161 2578 credimus
1184 2513 1274 2577 vobis
1297 2534 1421 2599 quoque
1445 2535 1500 2598 pa-

449 2630 551 2688 temae
573 2624 795 2690 misericordiae
817 2625 1085 2710 contemplatione
1108 2625 1309 2709 placiturum.
1354 2624 1448 2705 Quod
1471 2623 1498 2691 si

449 2733 491 2796 de
514 2733 640 2819 collegis
659 2734 772 2819 aliquis
792 2734 937 2800 extiterit
955 2734 1009 2819 qui
1032 2742 1166 2821 urgente
1187 2735 1360 2799 certamine
1387 2755 1498 2819 pacem

448 2842 601 2908 fratribus
616 2852 650 2909 et
666 2846 828 2911 sororibus
850 2869 914 2911 non
936 2853 1031 2931 putat
1047 2846 1195 2923 dandam,
1212 2845 1325 2909 reddet
1348 2843 1399 2908 ille
1421 2842 1498 2908 rati-

400 2982 440 3020 20
448 2975 542 3018 onem
565 2955 598 3018 in
621 2955 671 3019 die
693 2956 805 3040 judicii
828 2957 967 3020 Domino
992 2957 1041 3020 vel
1067 2956 1257 3040 importunae
1284 2976 1425 3018 censurae
1449 2952 1498 3017 vel

447 3064 628 3129 inhumenae
653 3066 780 3130 duritiae
809 3089 885 3131 suae.
930 3067 998 3132 Nos
1023 3067 1107 3151 quod
1137 3065 1211 3129 fidei
1242 3072 1275 3129 et
1306 3064 1434 3129 caritati
1464 3070 1498 3128 et

447 3175 650 3241 sollicitudini
674 3178 880 3264 congruebat,
901 3201 973 3263 quae
994 3184 1087 3242 erant
1110 3178 1143 3240 in
1167 3175 1362 3240 conscientia
1386 3182 1498 3239 nostra

447 3287 648 3372 protulimus,
672 3287 756 3352 diem
777 3288 960 3353 certaminis
985 3291 1268 3373 appropinquasse,
1288 3271 1413 3349 hostem
1432 3285 1496 3349 vio-

446 3395 569 3461 lentum
598 3397 661 3462 cito
690 3406 803 3464 contra
832 3421 889 3464 nos
918 3421 1099 3484 exsurgere,
1126 3419 1276 3483 pugnam,
1303 3417 1367 3458 non
1397 3395 1496 3458 talem

397 3531 435 3590 25
447 3508 549 3592 qualis
570 3508 642 3585 fuit,
657 3510 713 3572 sed
734 3510 910 3593 graviorem
932 3510 1031 3574 multo
1055 3517 1088 3574 et
1110 3508 1265 3572 acriorem
1284 3505 1410 3577 venire;
1435 3503 1496 3567 hoc

446 3617 537 3680 nobis
556 3616 708 3681 divinitus
726 3617 909 3701 frequenter
926 3617 1064 3693 ostendi,
1079 3618 1118 3681 de
1138 3616 1198 3679 hoe
1218 3637 1275 3678 nos
1295 3612 1495 3699 providentia

445 3733 480 3791 et
492 3726 710 3791 misericordia
724 3726 853 3790 Domini
875 3726 992 3811 saepius
1013 3725 1195 3798 admoneri;
1221 3727 1261 3789 de
1279 3723 1369 3809 cujus
1383 3744 1445 3807 ope
1460 3729 1494 3787 et

444 3837 565 3923 pietate
583 3837 637 3924 qui
657 3836 690 3900 in
710 3858 782 3901 eum
802 3836 990 3901 confidimus
1011 3855 1177 3920 possumus
1200 3856 1268 3899 esse
1290 3832 1402 3911 securi,
1418 3831 1493 3916 quia

443 3947 496 4033 qui
518 3948 550 4012 in
574 3969 655 4034 pace
680 3947 832 4012 militibus
858 3948 924 4011 suis
953 3947 1094 4011 futuram
1123 3945 1318 4031 praenuntiat
1341 3964 1490 4028 pugnam,

392 4091 434 4148 30
442 4059 531 4124 dabit
546 4058 759 4123 militantibus
774 4058 806 4121 in
822 4057 1043 4143 congressione
1057 4054 1231 4119 victoriam.
1273 4054 1431 4137 Optamus
1446 4057 1492 4129 te,

441 4170 541 4236 frater
556 4169 730 4246 carissime,
745 4190 870 4254 semper
884 4169 964 4232 bene
978 4166 1091 4230 valere.
