<?xml version="1.0" encoding="UTF-8"?>
<!DOCTYPE html PUBLIC "-//W3C//DTD XHTML 1.0 Transitional//EN"
    "http://www.w3.org/TR/xhtml1/DTD/xhtml1-transitional.dtd">
<html xmlns="http://www.w3.org/1999/xhtml" xml:lang="en" lang="en">
 <head>
  <title>
</title>
<meta http-equiv="Content-Type" content="text/html;charset=utf-8" />
  <meta name='ocr-system' content='tesseract 3.04.00' />
  <meta name='ocr-capabilities' content='ocr_page ocr_carea ocr_par ocr_line ocrx_word'/>
</head>
<body>
  <div class='ocr_page' id='page_1' title='image "./reliquiaesacrae08routgoog_0536.png"; bbox 0 0 3700 5667; ppageno 0'>
   <div class='ocr_carea' id='block_1_1' title="bbox 392 656 1104 725">
    <p class='ocr_par' dir='ltr' id='par_1_1' title="bbox 392 656 1104 725">
     <span class='ocr_line' id='line_1_1' title="bbox 392 656 1104 725; baseline -0.011 -1"><span class='ocrx_word' id='word_1_1' title='bbox 392 663 457 725; x_wconf 66' lang='lat'><strong>502</strong></span> <span class='ocrx_word' id='word_1_2' title='bbox 724 656 1104 721; x_wconf 64' lang='grc' dir='ltr'><strong>ΑΝΝΟἸἋΤΙΟΝΕδ1</strong></span> 
     </span>
    </p>
   </div>
   <div class='ocr_carea' id='block_1_2' title="bbox 387 826 1448 4290">
    <p class='ocr_par' dir='ltr' id='par_1_2' title="bbox 387 826 1448 4290">
     <span class='ocr_line' id='line_1_2' title="bbox 392 826 1448 913; baseline -0.008 -17"><span class='ocrx_word' id='word_1_3' title='bbox 392 830 607 903; x_wconf 78' lang='lat' dir='ltr'><strong>commutatis,</strong></span> <span class='ocrx_word' id='word_1_4' title='bbox 624 850 693 913; x_wconf 73' lang='lat' dir='ltr'><strong>ques</strong></span> <span class='ocrx_word' id='word_1_5' title='bbox 713 826 824 892; x_wconf 79' lang='lat' dir='ltr'><strong>saisias</strong></span> <span class='ocrx_word' id='word_1_6' title='bbox 841 826 1037 911; x_wconf 76' lang='lat' dir='ltr'><strong>displicitura</strong></span> <span class='ocrx_word' id='word_1_7' title='bbox 1052 826 1212 903; x_wconf 77' lang='lat' dir='ltr'><strong>Bassania,</strong></span> <span class='ocrx_word' id='word_1_8' title='bbox 1228 836 1337 890; x_wconf 75' lang='lat' dir='ltr'><strong>catera</strong></span> <span class='ocrx_word' id='word_1_9' title='bbox 1352 849 1448 911; x_wconf 77' lang='lat' dir='ltr'><strong>usque</strong></span> 
     </span>
     <span class='ocr_line' id='line_1_3' title="bbox 393 927 1446 1016; baseline -0.009 -16"><span class='ocrx_word' id='word_1_10' title='bbox 393 935 537 1016; x_wconf 77' lang='lat' dir='ltr'><strong>adfinem</strong></span> <span class='ocrx_word' id='word_1_11' title='bbox 553 932 670 1015; x_wconf 70' lang='lat' dir='ltr'><strong>iatepra</strong></span> <span class='ocrx_word' id='word_1_12' title='bbox 685 930 828 993; x_wconf 73' lang='lat' dir='ltr'><em>dimisisti</em></span> <span class='ocrx_word' id='word_1_13' title='bbox 843 951 916 1014; x_wconf 86' lang='lat' dir='ltr'><strong>pag.</strong></span> <span class='ocrx_word' id='word_1_14' title='bbox 933 946 1004 991; x_wconf 89' lang='lat'>201.</span> <span class='ocrx_word' id='word_1_15' title='bbox 1021 927 1071 991; x_wconf 88' lang='lat' dir='ltr'><strong>ed.</strong></span> <span class='ocrx_word' id='word_1_16' title='bbox 1089 928 1226 991; x_wconf 83' lang='lat' dir='ltr'><strong>Froben.</strong></span> <span class='ocrx_word' id='word_1_17' title='bbox 1273 928 1398 993; x_wconf 87' lang='lat' dir='ltr'><strong>Iterum</strong></span> <span class='ocrx_word' id='word_1_18' title='bbox 1414 930 1446 991; x_wconf 93' lang='lat' dir='ltr'><strong>in</strong></span> 
     </span>
     <span class='ocr_line' id='line_1_4' title="bbox 393 1028 1445 1120; baseline -0.007 -21"><span class='ocrx_word' id='word_1_19' title='bbox 393 1037 447 1100; x_wconf 94' lang='lat' dir='ltr'><strong>lib.</strong></span> <span class='ocrx_word' id='word_1_20' title='bbox 464 1036 494 1098; x_wconf 94' lang='lat' dir='ltr'><strong>ii.</strong></span> <span class='ocrx_word' id='word_1_21' title='bbox 513 1057 544 1120; x_wconf 90' lang='lat' dir='ltr'><strong>p.</strong></span> <span class='ocrx_word' id='word_1_22' title='bbox 562 1052 633 1097; x_wconf 84' lang='lat'><strong>221.</strong></span> <span class='ocrx_word' id='word_1_23' title='bbox 674 1032 819 1111; x_wconf 77' lang='lat' dir='ltr'><strong>Qua-rimis</strong></span> <span class='ocrx_word' id='word_1_24' title='bbox 837 1030 874 1094; x_wconf 83' lang='lat' dir='ltr'><strong>de</strong></span> <span class='ocrx_word' id='word_1_25' title='bbox 893 1028 1019 1093; x_wconf 62' lang='lat' dir='ltr'><strong>Eusebia·</strong></span> <span class='ocrx_word' id='word_1_26' title='bbox 1038 1028 1113 1093; x_wconf 81' lang='lat' dir='ltr'><strong>libro</strong></span> <span class='ocrx_word' id='word_1_27' title='bbox 1135 1029 1231 1094; x_wconf 77' lang='lat' dir='ltr'><strong>malta</strong></span> <span class='ocrx_word' id='word_1_28' title='bbox 1250 1029 1445 1101; x_wconf 70' lang='lat' dir='ltr'><strong>subtraeem&#39;t</strong></span> 
     </span>
     <span class='ocr_line' id='line_1_5' title="bbox 394 1133 1444 1219; baseline -0.009 -16"><span class='ocrx_word' id='word_1_29' title='bbox 394 1149 422 1203; x_wconf 74' lang='lat' dir='ltr'><strong>ei</strong></span> <span class='ocrx_word' id='word_1_30' title='bbox 436 1139 467 1201; x_wconf 93' lang='lat' dir='ltr'><strong>in</strong></span> <span class='ocrx_word' id='word_1_31' title='bbox 484 1139 599 1200; x_wconf 92' lang='lat' dir='ltr'><strong>bonam</strong></span> <span class='ocrx_word' id='word_1_32' title='bbox 617 1142 741 1219; x_wconf 86' lang='lat' dir='ltr'><strong>partem</strong></span> <span class='ocrx_word' id='word_1_33' title='bbox 756 1134 793 1197; x_wconf 80' lang='lat' dir='ltr'><strong>de</strong></span> <span class='ocrx_word' id='word_1_34' title='bbox 806 1134 892 1197; x_wconf 80' lang='lat' dir='ltr'><strong>Filio</strong></span> <span class='ocrx_word' id='word_1_35' title='bbox 907 1142 935 1196; x_wconf 80' lang='lat' dir='ltr'><strong>et</strong></span> <span class='ocrx_word' id='word_1_36' title='bbox 950 1133 1074 1216; x_wconf 79' lang='lat' dir='ltr'><strong>Spiritu</strong></span> <span class='ocrx_word' id='word_1_37' title='bbox 1088 1142 1189 1195; x_wconf 73' lang='lat' dir='ltr'><strong>sassie</strong></span> <span class='ocrx_word' id='word_1_38' title='bbox 1204 1133 1288 1196; x_wconf 81' lang='lat' dir='ltr'><strong>uisus</strong></span> <span class='ocrx_word' id='word_1_39' title='bbox 1301 1134 1342 1196; x_wconf 83' lang='lat' dir='ltr'><strong>sit</strong></span> <span class='ocrx_word' id='word_1_40' title='bbox 1356 1155 1444 1195; x_wconf 85' lang='lat' dir='ltr'><strong>eorn-</strong></span> 
     </span>
     <span class='ocr_line' id='line_1_6' title="bbox 394 1234 1444 1320; baseline -0.006 -16"><span class='ocrx_word' id='word_1_41' title='bbox 394 1251 530 1315; x_wconf 89' lang='lat' dir='ltr'><strong>mutare,</strong></span> <span class='ocrx_word' id='word_1_42' title='bbox 546 1248 647 1301; x_wconf 67' lang='lat' dir='ltr'><strong>toalea</strong></span> <span class='ocrx_word' id='word_1_43' title='bbox 662 1237 758 1300; x_wconf 73' lang='lat' dir='ltr'><strong>saisita</strong></span> <span class='ocrx_word' id='word_1_44' title='bbox 774 1238 808 1299; x_wconf 83' lang='lat' dir='ltr'><strong>ia</strong></span> <span class='ocrx_word' id='word_1_45' title='bbox 822 1236 875 1299; x_wconf 73' lang='lat' dir='ltr'><strong>tlt&gt;</strong></span> <span class='ocrx_word' id='word_1_46' title='bbox 889 1234 1037 1299; x_wconf 82' lang='lat' dir='ltr'><strong>seandala</strong></span> <span class='ocrx_word' id='word_1_47' title='bbox 1051 1235 1108 1298; x_wconf 82' lang='lat' dir='ltr'><strong>&amp;e</strong></span> <span class='ocrx_word' id='word_1_48' title='bbox 1158 1237 1211 1299; x_wconf 85' lang='lat' dir='ltr'><strong>Ita</strong></span> <span class='ocrx_word' id='word_1_49' title='bbox 1233 1242 1347 1320; x_wconf 79' lang='lat' dir='ltr'><strong>postea</strong></span> <span class='ocrx_word' id='word_1_50' title='bbox 1369 1260 1444 1320; x_wconf 84' lang='lat' dir='ltr'><strong>pag.</strong></span> 
     </span>
     <span class='ocr_line' id='line_1_7' title="bbox 396 1335 1447 1424; baseline -0.002 -21"><span class='ocrx_word' id='word_1_51' title='bbox 396 1341 609 1424; x_wconf 64' lang='lat' dir='ltr'><strong>aze—qui</strong></span> <span class='ocrx_word' id='word_1_52' title='bbox 628 1361 707 1402; x_wconf 57' lang='lat' dir='ltr'><strong>‘anses</strong></span> <span class='ocrx_word' id='word_1_53' title='bbox 723 1339 803 1419; x_wconf 86' lang='lat' dir='ltr'><strong>(soil.</strong></span> <span class='ocrx_word' id='word_1_54' title='bbox 822 1338 942 1423; x_wconf 85' lang='lat' dir='ltr'><strong>primus</strong></span> <span class='ocrx_word' id='word_1_55' title='bbox 958 1338 1051 1413; x_wconf 79' lang='lat' dir='ltr'><strong>liber)</strong></span> <span class='ocrx_word' id='word_1_56' title='bbox 1073 1335 1126 1400; x_wconf 79' lang='lat' dir='ltr'><strong>sui</strong></span> <span class='ocrx_word' id='word_1_57' title='bbox 1146 1338 1263 1400; x_wconf 80' lang='lat' dir='ltr'><strong>nomi-ae</strong></span> <span class='ocrx_word' id='word_1_58' title='bbox 1281 1339 1447 1424; x_wconf 77' lang='lat' dir='ltr'><strong>Pasiph-iii</strong></span> 
     </span>
     <span class='ocr_line' id='line_1_8' title="bbox 393 1439 1446 1525; baseline -0.006 -16"><span class='ocrx_word' id='word_1_59' title='bbox 393 1468 414 1509; x_wconf 87' lang='lat' dir='ltr'><strong>a</strong></span> <span class='ocrx_word' id='word_1_60' title='bbox 429 1453 456 1508; x_wconf 79' lang='lat' dir='ltr'><strong>te</strong></span> <span class='ocrx_word' id='word_1_61' title='bbox 471 1440 568 1505; x_wconf 81' lang='lat' dir='ltr'><strong>editus</strong></span> <span class='ocrx_word' id='word_1_62' title='bbox 584 1450 636 1513; x_wconf 80' lang='lat' dir='ltr'><strong>esi,</strong></span> <span class='ocrx_word' id='word_1_63' title='bbox 652 1451 716 1504; x_wconf 83' lang='lat' dir='ltr'><strong>tum</strong></span> <span class='ocrx_word' id='word_1_64' title='bbox 733 1442 838 1503; x_wconf 71' lang='lat' dir='ltr'><strong>Grues</strong></span> <span class='ocrx_word' id='word_1_65' title='bbox 853 1462 943 1525; x_wconf 78' lang='lat' dir='ltr'><strong>qaam</strong></span> <span class='ocrx_word' id='word_1_66' title='bbox 958 1439 1081 1514; x_wconf 74' lang='lat' dir='ltr'><strong>latin-e,</strong></span> <span class='ocrx_word' id='word_1_67' title='bbox 1096 1439 1273 1503; x_wconf 87' lang='lat' dir='ltr'><strong>immutatis</strong></span> <span class='ocrx_word' id='word_1_68' title='bbox 1293 1440 1446 1503; x_wconf 69' lang='lat' dir='ltr'><strong>duntaxat</strong></span> 
     </span>
     <span class='ocr_line' id='line_1_9' title="bbox 393 1542 1445 1628; baseline -0.004 -17"><span class='ocrx_word' id='word_1_69' title='bbox 393 1545 524 1612; x_wconf 72' lang='lat' dir='ltr'><strong>uersibus</strong></span> <span class='ocrx_word' id='word_1_70' title='bbox 538 1545 575 1608; x_wconf 81' lang='lat' dir='ltr'><strong>de</strong></span> <span class='ocrx_word' id='word_1_71' title='bbox 590 1544 675 1607; x_wconf 80' lang='lat' dir='ltr'><strong>Filio</strong></span> <span class='ocrx_word' id='word_1_72' title='bbox 690 1553 716 1607; x_wconf 82' lang='lat' dir='ltr'><strong>et</strong></span> <span class='ocrx_word' id='word_1_73' title='bbox 733 1543 856 1627; x_wconf 80' lang='lat' dir='ltr'><strong>Spiritu</strong></span> <span class='ocrx_word' id='word_1_74' title='bbox 872 1544 994 1618; x_wconf 68' lang='lat' dir='ltr'><strong>Sanno,</strong></span> <span class='ocrx_word' id='word_1_75' title='bbox 1009 1542 1063 1625; x_wconf 82' lang='lat' dir='ltr'><strong>qui</strong></span> <span class='ocrx_word' id='word_1_76' title='bbox 1077 1552 1214 1626; x_wconf 72' lang='lat' dir='ltr'><strong>apertam</strong></span> <span class='ocrx_word' id='word_1_77' title='bbox 1230 1542 1445 1628; x_wconf 75' lang='lat' dir='ltr'><strong>blasphemium</strong></span> 
     </span>
     <span class='ocr_line' id='line_1_10' title="bbox 387 1644 1446 1734; baseline -0.002 -23"><span class='ocrx_word' id='word_1_78' title='bbox 387 1646 605 1734; x_wconf 68' lang='lat' dir='ltr'><strong>preferebant.</strong></span> <span class='ocrx_word' id='word_1_79' title='bbox 655 1646 736 1710; x_wconf 85' lang='lat' dir='ltr'><strong>Tum</strong></span> <span class='ocrx_word' id='word_1_80' title='bbox 759 1667 833 1708; x_wconf 87' lang='lat' dir='ltr'><strong>vero</strong></span> <span class='ocrx_word' id='word_1_81' title='bbox 856 1645 888 1706; x_wconf 93' lang='lat' dir='ltr'><strong>in</strong></span> <span class='ocrx_word' id='word_1_82' title='bbox 910 1644 962 1708; x_wconf 91' lang='lat' dir='ltr'><strong>lib.</strong></span> <span class='ocrx_word' id='word_1_83' title='bbox 984 1644 1027 1707; x_wconf 91' lang='lat' dir='ltr'><strong>iii.</strong></span> <span class='ocrx_word' id='word_1_84' title='bbox 1052 1666 1124 1729; x_wconf 85' lang='lat' dir='ltr'><strong>pag.</strong></span> <span class='ocrx_word' id='word_1_85' title='bbox 1148 1647 1220 1729; x_wconf 84' lang='lat'><strong>238.</strong></span> <span class='ocrx_word' id='word_1_86' title='bbox 1243 1647 1354 1709; x_wconf 86' lang='lat' dir='ltr'><strong>eadem</strong></span> <span class='ocrx_word' id='word_1_87' title='bbox 1379 1647 1446 1709; x_wconf 80' lang='lat' dir='ltr'><strong>fere</strong></span> 
     </span>
     <span class='ocr_line' id='line_1_11' title="bbox 393 1746 1445 1836; baseline -0.002 -22"><span class='ocrx_word' id='word_1_88' title='bbox 393 1749 511 1836; x_wconf 83' lang='lat' dir='ltr'><strong>legenti</strong></span> <span class='ocrx_word' id='word_1_89' title='bbox 541 1757 731 1824; x_wconf 82' lang='lat' dir='ltr'><strong>oeeurrunt3</strong></span> <span class='ocrx_word' id='word_1_90' title='bbox 766 1749 809 1811; x_wconf 82' lang='lat' dir='ltr'><strong>Et</strong></span> <span class='ocrx_word' id='word_1_91' title='bbox 837 1748 872 1810; x_wconf 82' lang='lat' dir='ltr'><strong>ia</strong></span> <span class='ocrx_word' id='word_1_92' title='bbox 904 1747 1097 1822; x_wconf 64' lang='lat' dir='ltr'><strong>Caesariensi,</strong></span> <span class='ocrx_word' id='word_1_93' title='bbox 1128 1746 1241 1830; x_wconf 87' lang='lat' dir='ltr'><strong>iuquit,</strong></span> <span class='ocrx_word' id='word_1_94' title='bbox 1272 1746 1445 1812; x_wconf 68' lang='lat' dir='ltr'><em>bibliotheca</em></span> 
     </span>
     <span class='ocr_line' id='line_1_12' title="bbox 396 1847 1446 1934; baseline -0.004 -18"><span class='ocrx_word' id='word_1_95' title='bbox 396 1851 524 1916; x_wconf 78' lang='lat' dir='ltr'><strong>Eusebii</strong></span> <span class='ocrx_word' id='word_1_96' title='bbox 536 1874 588 1916; x_wconf 77' lang='lat' dir='ltr'><strong>see</strong></span> <span class='ocrx_word' id='word_1_97' title='bbox 602 1850 756 1915; x_wconf 81' lang='lat' dir='ltr'><strong>volamine</strong></span> <span class='ocrx_word' id='word_1_98' title='bbox 770 1850 869 1934; x_wconf 79' lang='lat' dir='ltr'><strong>reperi</strong></span> <span class='ocrx_word' id='word_1_99' title='bbox 884 1850 1050 1931; x_wconf 79' lang='grc' dir='ltr'>ἀπολογίας</span> <span class='ocrx_word' id='word_1_100' title='bbox 1065 1851 1139 1930; x_wconf 76' lang='grc' dir='ltr'>ὑπὲρ</span> <span class='ocrx_word' id='word_1_101' title='bbox 1152 1847 1342 1931; x_wconf 77' lang='grc' dir='ltr'>Ὠριγέι·ους.</span> <span class='ocrx_word' id='word_1_102' title='bbox 1369 1852 1446 1928; x_wconf 77' lang='lat' dir='ltr'><strong>Quce</strong></span> 
     </span>
     <span class='ocr_line' id='line_1_13' title="bbox 396 1951 1446 2039; baseline -0.002 -21"><span class='ocrx_word' id='word_1_103' title='bbox 396 1977 463 2018; x_wconf 76' lang='lat' dir='ltr'><strong>euos</strong></span> <span class='ocrx_word' id='word_1_104' title='bbox 478 1954 618 2039; x_wconf 76' lang='lat' dir='ltr'><strong>lepiseem,</strong></span> <span class='ocrx_word' id='word_1_105' title='bbox 633 1953 773 2039; x_wconf 68' lang='lat' dir='ltr'><strong>primiani</strong></span> <span class='ocrx_word' id='word_1_106' title='bbox 790 1974 856 2016; x_wconf 82' lang='lat' dir='ltr'><strong>eum</strong></span> <span class='ocrx_word' id='word_1_107' title='bbox 872 1951 983 2015; x_wconf 67' lang='lat' dir='ltr'><strong>liberem</strong></span> <span class='ocrx_word' id='word_1_108' title='bbox 1003 1951 1195 2035; x_wconf 66' lang='lat' dir='ltr'><strong>deprehendi,</strong></span> <span class='ocrx_word' id='word_1_109' title='bbox 1211 1974 1294 2035; x_wconf 82' lang='lat' dir='ltr'><strong>quem</strong></span> <span class='ocrx_word' id='word_1_110' title='bbox 1314 1962 1348 2015; x_wconf 80' lang='lat' dir='ltr'><strong>tu</strong></span> <span class='ocrx_word' id='word_1_111' title='bbox 1366 1953 1446 2017; x_wconf 81' lang='lat' dir='ltr'><strong>seius</strong></span> 
     </span>
     <span class='ocr_line' id='line_1_14' title="bbox 395 2040 1445 2138; baseline -0.002 -18"><span class='ocrx_word' id='word_1_112' title='bbox 395 2055 448 2121; x_wconf 70' lang='lat' dir='ltr'><strong>aa</strong></span> <span class='ocrx_word' id='word_1_113' title='bbox 469 2057 586 2120; x_wconf 54' lang='lat' dir='ltr'><strong>arasa</strong></span> <span class='ocrx_word' id='word_1_114' title='bbox 609 2040 754 2138; x_wconf 56' lang='lat' dir='ltr'><strong>minyas</strong></span> <span class='ocrx_word' id='word_1_115' title='bbox 775 2055 911 2129; x_wconf 63' lang='lat' dir='ltr'><strong>eareat,</strong></span> <span class='ocrx_word' id='word_1_116' title='bbox 928 2053 965 2117; x_wconf 76' lang='lat' dir='ltr'><strong>a</strong></span> <span class='ocrx_word' id='word_1_117' title='bbox 984 2054 1069 2117; x_wconf 71' lang='lat' dir='ltr'><strong>nris</strong></span> <span class='ocrx_word' id='word_1_118' title='bbox 1089 2063 1116 2116; x_wconf 75' lang='lat' dir='ltr'><strong>a</strong></span> <span class='ocrx_word' id='word_1_119' title='bbox 1140 2053 1262 2137; x_wconf 72' lang='lat' dir='ltr'><strong>qaae</strong></span> <span class='ocrx_word' id='word_1_120' title='bbox 1283 2057 1394 2117; x_wconf 68' lang='lat' dir='ltr'><strong>eaeo</strong></span> <span class='ocrx_word' id='word_1_121' title='bbox 1413 2056 1445 2118; x_wconf 78' lang='lat' dir='ltr'><strong>n</strong></span> 
     </span>
     <span class='ocr_line' id='line_1_15' title="bbox 396 2156 1445 2244; baseline 0 -22"><span class='ocrx_word' id='word_1_122' title='bbox 396 2162 511 2223; x_wconf 87' lang='lat' dir='ltr'>bonam</span> <span class='ocrx_word' id='word_1_123' title='bbox 527 2168 650 2244; x_wconf 84' lang='lat' dir='ltr'><strong>partem</strong></span> <span class='ocrx_word' id='word_1_124' title='bbox 668 2158 824 2244; x_wconf 87' lang='lat' dir='ltr'><strong>plerisque</strong></span> <span class='ocrx_word' id='word_1_125' title='bbox 840 2156 1043 2242; x_wconf 86' lang='lat' dir='ltr'><strong>blasphemiis</strong></span> <span class='ocrx_word' id='word_1_126' title='bbox 1058 2157 1262 2221; x_wconf 80' lang='lat' dir='ltr'><strong>commutatis</strong></span> <span class='ocrx_word' id='word_1_127' title='bbox 1279 2159 1334 2221; x_wconf 79' lang='lat' dir='ltr'><strong>&amp;a</strong></span> <span class='ocrx_word' id='word_1_128' title='bbox 1381 2159 1445 2222; x_wconf 89' lang='lat' dir='ltr'><strong>De-</strong></span> 
     </span>
     <span class='ocr_line' id='line_1_16' title="bbox 396 2259 1445 2347; baseline -0.001 -22"><span class='ocrx_word' id='word_1_129' title='bbox 396 2263 490 2347; x_wconf 90' lang='lat' dir='ltr'><strong>nique</strong></span> <span class='ocrx_word' id='word_1_130' title='bbox 505 2262 538 2325; x_wconf 91' lang='lat' dir='ltr'><strong>in</strong></span> <span class='ocrx_word' id='word_1_131' title='bbox 558 2261 764 2346; x_wconf 86' lang='lat' dir='ltr'><strong>sequentibus</strong></span> <span class='ocrx_word' id='word_1_132' title='bbox 783 2260 879 2324; x_wconf 66' lang='lat' dir='ltr'><strong>niolio</strong></span> <span class='ocrx_word' id='word_1_133' title='bbox 898 2260 1056 2323; x_wconf 78' lang='lat' dir='ltr'><strong>mutue-isse</strong></span> <span class='ocrx_word' id='word_1_134' title='bbox 1072 2259 1102 2321; x_wconf 94' lang='lat' dir='ltr'><strong>in</strong></span> <span class='ocrx_word' id='word_1_135' title='bbox 1119 2259 1181 2323; x_wconf 85' lang='lat' dir='ltr'><strong>isto</strong></span> <span class='ocrx_word' id='word_1_136' title='bbox 1197 2281 1291 2344; x_wconf 88' lang='lat' dir='ltr'><strong>opere</strong></span> <span class='ocrx_word' id='word_1_137' title='bbox 1308 2260 1445 2325; x_wconf 84' lang='lat' dir='ltr'><strong>Rufinus</strong></span> 
     </span>
     <span class='ocr_line' id='line_1_17' title="bbox 396 2362 1444 2449; baseline -0.002 -19"><span class='ocrx_word' id='word_1_138' title='bbox 396 2366 438 2430; x_wconf 87' lang='lat' dir='ltr'><strong>ab</strong></span> <span class='ocrx_word' id='word_1_139' title='bbox 454 2365 650 2449; x_wconf 87' lang='lat' dir='ltr'>Hieronymo</span> <span class='ocrx_word' id='word_1_140' title='bbox 666 2364 821 2448; x_wconf 76' lang='lat' dir='ltr'><strong>arguitur.</strong></span> <span class='ocrx_word' id='word_1_141' title='bbox 869 2362 949 2425; x_wconf 75' lang='lat' dir='ltr'><strong>Hseo</strong></span> <span class='ocrx_word' id='word_1_142' title='bbox 965 2370 1072 2425; x_wconf 90' lang='lat' dir='ltr'><strong>autem</strong></span> <span class='ocrx_word' id='word_1_143' title='bbox 1090 2384 1152 2423; x_wconf 89' lang='lat' dir='ltr'><strong>non</strong></span> <span class='ocrx_word' id='word_1_144' title='bbox 1168 2362 1235 2424; x_wconf 87' lang='lat' dir='ltr'><strong>sola</strong></span> <span class='ocrx_word' id='word_1_145' title='bbox 1250 2363 1444 2428; x_wconf 87' lang='lat' dir='ltr'><strong>auctoritate</strong></span> 
     </span>
     <span class='ocr_line' id='line_1_18' title="bbox 397 2464 1444 2553; baseline -0.002 -22"><span class='ocrx_word' id='word_1_146' title='bbox 397 2468 430 2531; x_wconf 90' lang='lat' dir='ltr'><strong>S.</strong></span> <span class='ocrx_word' id='word_1_147' title='bbox 448 2468 647 2553; x_wconf 85' lang='lat' dir='ltr'><strong>Hieronymi,</strong></span> <span class='ocrx_word' id='word_1_148' title='bbox 664 2489 735 2551; x_wconf 88' lang='lat' dir='ltr'><strong>quae</strong></span> <span class='ocrx_word' id='word_1_149' title='bbox 751 2474 858 2529; x_wconf 86' lang='lat' dir='ltr'><strong>tamen</strong></span> <span class='ocrx_word' id='word_1_150' title='bbox 880 2487 997 2549; x_wconf 84' lang='lat' dir='ltr'><strong>magna</strong></span> <span class='ocrx_word' id='word_1_151' title='bbox 1017 2471 1078 2538; x_wconf 89' lang='lat' dir='ltr'><strong>est,</strong></span> <span class='ocrx_word' id='word_1_152' title='bbox 1095 2464 1252 2548; x_wconf 86' lang='lat' dir='ltr'><strong>pendent;</strong></span> <span class='ocrx_word' id='word_1_153' title='bbox 1279 2488 1349 2528; x_wconf 90' lang='lat' dir='ltr'><strong>eum</strong></span> <span class='ocrx_word' id='word_1_154' title='bbox 1367 2488 1444 2529; x_wconf 93' lang='lat' dir='ltr'><strong>non-</strong></span> 
     </span>
     <span class='ocr_line' id='line_1_19' title="bbox 397 2566 1444 2655; baseline -0.001 -22"><span class='ocrx_word' id='word_1_155' title='bbox 397 2571 483 2635; x_wconf 88' lang='lat' dir='ltr'><strong>nulla</strong></span> <span class='ocrx_word' id='word_1_156' title='bbox 505 2570 670 2655; x_wconf 84' lang='lat' dir='ltr'><strong>Apologiae</strong></span> <span class='ocrx_word' id='word_1_157' title='bbox 696 2569 790 2653; x_wconf 89' lang='lat' dir='ltr'><strong>hujus</strong></span> <span class='ocrx_word' id='word_1_158' title='bbox 816 2569 926 2631; x_wconf 76' lang='lat' dir='ltr'><strong>Graeoo</strong></span> <span class='ocrx_word' id='word_1_159' title='bbox 949 2568 1053 2630; x_wconf 86' lang='lat' dir='ltr'><strong>adhue</strong></span> <span class='ocrx_word' id='word_1_160' title='bbox 1080 2566 1251 2650; x_wconf 80' lang='lat' dir='ltr'><strong>supersint,</strong></span> <span class='ocrx_word' id='word_1_161' title='bbox 1275 2591 1345 2652; x_wconf 72' lang='lat' dir='ltr'><strong>quse</strong></span> <span class='ocrx_word' id='word_1_162' title='bbox 1372 2592 1444 2632; x_wconf 90' lang='lat' dir='ltr'><strong>eum</strong></span> 
     </span>
     <span class='ocr_line' id='line_1_20' title="bbox 396 2669 1445 2759; baseline 0 -24"><span class='ocrx_word' id='word_1_163' title='bbox 396 2673 660 2759; x_wconf 87' lang='lat' dir='ltr'><strong>interpretatione</strong></span> <span class='ocrx_word' id='word_1_164' title='bbox 691 2671 796 2735; x_wconf 83' lang='lat' dir='ltr'><strong>Rufini</strong></span> <span class='ocrx_word' id='word_1_165' title='bbox 827 2671 970 2734; x_wconf 81' lang='lat' dir='ltr'><strong>conferre</strong></span> <span class='ocrx_word' id='word_1_166' title='bbox 1000 2669 1082 2733; x_wconf 86' lang='lat' dir='ltr'><strong>lieet.</strong></span> <span class='ocrx_word' id='word_1_167' title='bbox 1143 2670 1235 2750; x_wconf 76' lang='lat' dir='ltr'><strong>Quod</strong></span> <span class='ocrx_word' id='word_1_168' title='bbox 1267 2671 1445 2756; x_wconf 80' lang='lat' dir='ltr'><strong>quicunque</strong></span> 
     </span>
     <span class='ocr_line' id='line_1_21' title="bbox 395 2773 1444 2860; baseline -0.001 -21"><span class='ocrx_word' id='word_1_169' title='bbox 395 2775 515 2852; x_wconf 82' lang='lat' dir='ltr'><strong>iecerit,</strong></span> <span class='ocrx_word' id='word_1_170' title='bbox 531 2777 683 2860; x_wconf 86' lang='lat' dir='ltr'><strong>majorem</strong></span> <span class='ocrx_word' id='word_1_171' title='bbox 707 2775 848 2859; x_wconf 83' lang='lat' dir='ltr'><strong>profecto</strong></span> <span class='ocrx_word' id='word_1_172' title='bbox 871 2774 966 2836; x_wconf 89' lang='lat' dir='ltr'><strong>fidem</strong></span> <span class='ocrx_word' id='word_1_173' title='bbox 988 2774 1029 2836; x_wconf 88' lang='lat' dir='ltr'><strong>ab</strong></span> <span class='ocrx_word' id='word_1_174' title='bbox 1052 2794 1160 2835; x_wconf 87' lang='lat' dir='ltr'><strong>eorum</strong></span> <span class='ocrx_word' id='word_1_175' title='bbox 1183 2773 1357 2858; x_wconf 85' lang='lat' dir='ltr'><strong>interprete</strong></span> <span class='ocrx_word' id='word_1_176' title='bbox 1380 2797 1444 2838; x_wconf 91' lang='lat' dir='ltr'><strong>me-</strong></span> 
     </span>
     <span class='ocr_line' id='line_1_22' title="bbox 397 2876 1444 2963; baseline -0.002 -21"><span class='ocrx_word' id='word_1_177' title='bbox 397 2880 460 2943; x_wconf 89' lang='lat' dir='ltr'><strong>rito</strong></span> <span class='ocrx_word' id='word_1_178' title='bbox 475 2880 624 2963; x_wconf 90' lang='lat' dir='ltr'><strong>requiret.</strong></span> <span class='ocrx_word' id='word_1_179' title='bbox 659 2878 796 2940; x_wconf 90' lang='lat' dir='ltr'><strong>Tantum</strong></span> <span class='ocrx_word' id='word_1_180' title='bbox 812 2878 914 2950; x_wconf 84' lang='lat' dir='ltr'><strong>abest,</strong></span> <span class='ocrx_word' id='word_1_181' title='bbox 932 2882 967 2939; x_wconf 90' lang='lat' dir='ltr'><strong>ut</strong></span> <span class='ocrx_word' id='word_1_182' title='bbox 983 2898 1054 2938; x_wconf 80' lang='lat' dir='ltr'><strong>vero</strong></span> <span class='ocrx_word' id='word_1_183' title='bbox 1070 2876 1156 2939; x_wconf 87' lang='lat' dir='ltr'><strong>dieat</strong></span> <span class='ocrx_word' id='word_1_184' title='bbox 1170 2876 1210 2938; x_wconf 89' lang='lat' dir='ltr'><strong>de</strong></span> <span class='ocrx_word' id='word_1_185' title='bbox 1225 2876 1301 2939; x_wconf 90' lang='lat' dir='ltr'><strong>loeis</strong></span> <span class='ocrx_word' id='word_1_186' title='bbox 1317 2878 1444 2960; x_wconf 89' lang='lat' dir='ltr'><strong>quidem</strong></span> 
     </span>
     <span class='ocr_line' id='line_1_23' title="bbox 396 2978 1444 3064; baseline 0 -21"><span class='ocrx_word' id='word_1_187' title='bbox 396 2981 437 3043; x_wconf 87' lang='lat' dir='ltr'><strong>ad</strong></span> <span class='ocrx_word' id='word_1_188' title='bbox 462 2980 493 3043; x_wconf 90' lang='lat' dir='ltr'><strong>S.</strong></span> <span class='ocrx_word' id='word_1_189' title='bbox 510 2981 701 3044; x_wconf 81' lang='lat' dir='ltr'><strong>Trinitatem</strong></span> <span class='ocrx_word' id='word_1_190' title='bbox 724 2978 942 3063; x_wconf 80' lang='lat' dir='ltr'><strong>spectantibus</strong></span> <span class='ocrx_word' id='word_1_191' title='bbox 963 2978 1149 3041; x_wconf 83' lang='lat' dir='ltr'><strong>Gallandius</strong></span> <span class='ocrx_word' id='word_1_192' title='bbox 1170 2979 1379 3064; x_wconf 87' lang='lat' dir='ltr'><strong>Prolegomm.</strong></span> <span class='ocrx_word' id='word_1_193' title='bbox 1401 2982 1444 3044; x_wconf 87' lang='lat' dir='ltr'><strong>ud</strong></span> 
     </span>
     <span class='ocr_line' id='line_1_24' title="bbox 395 3081 1444 3166; baseline 0 -20"><span class='ocrx_word' id='word_1_194' title='bbox 395 3095 473 3147; x_wconf 91' lang='lat' dir='ltr'><strong>tom.</strong></span> <span class='ocrx_word' id='word_1_195' title='bbox 491 3084 531 3146; x_wconf 90' lang='lat' dir='ltr'><strong>iv.</strong></span> <span class='ocrx_word' id='word_1_196' title='bbox 554 3081 636 3146; x_wconf 71' lang='lat' dir='ltr'><strong>Bibe.</strong></span> <span class='ocrx_word' id='word_1_197' title='bbox 659 3084 733 3146; x_wconf 89' lang='lat' dir='ltr'><strong>PP.</strong></span> <span class='ocrx_word' id='word_1_198' title='bbox 758 3105 833 3166; x_wconf 82' lang='lat' dir='ltr'><strong>pv.</strong></span> <span class='ocrx_word' id='word_1_199' title='bbox 859 3093 877 3114; x_wconf 84' lang='lat'><strong>‘⁴</strong></span> <span class='ocrx_word' id='word_1_200' title='bbox 895 3104 935 3144; x_wconf 90' lang='lat' dir='ltr'><strong>ex</strong></span> <span class='ocrx_word' id='word_1_201' title='bbox 957 3081 1078 3144; x_wconf 80' lang='lat' dir='ltr'><strong>laciniis</strong></span> <span class='ocrx_word' id='word_1_202' title='bbox 1101 3082 1221 3145; x_wconf 86' lang='lat' dir='ltr'><strong>Graeois</strong></span> <span class='ocrx_word' id='word_1_203' title='bbox 1243 3082 1444 3163; x_wconf 77' lang='lat' dir='ltr'><strong>Origenianis</strong></span> 
     </span>
     <span class='ocr_line' id='line_1_25' title="bbox 398 3184 1443 3270; baseline 0.001 -22"><span class='ocrx_word' id='word_1_204' title='bbox 398 3185 499 3248; x_wconf 85' lang='lat' dir='ltr'><strong>“suis</strong></span> <span class='ocrx_word' id='word_1_205' title='bbox 521 3184 697 3270; x_wconf 83' lang='lat' dir='ltr'><strong>quibusque</strong></span> <span class='ocrx_word' id='word_1_206' title='bbox 717 3184 794 3248; x_wconf 88' lang='lat' dir='ltr'><strong>loeis</strong></span> <span class='ocrx_word' id='word_1_207' title='bbox 816 3184 949 3248; x_wconf 86' lang='lat' dir='ltr'><strong>intextis</strong></span> <span class='ocrx_word' id='word_1_208' title='bbox 972 3184 1012 3247; x_wconf 88' lang='lat' dir='ltr'><strong>do</strong></span> <span class='ocrx_word' id='word_1_209' title='bbox 1034 3184 1163 3268; x_wconf 88' lang='lat' dir='ltr'><strong>reliquis</strong></span> <span class='ocrx_word' id='word_1_210' title='bbox 1183 3185 1280 3248; x_wconf 87' lang='lat' dir='ltr'><strong>etiam</strong></span> <span class='ocrx_word' id='word_1_211' title='bbox 1301 3184 1353 3249; x_wconf 93' lang='lat' dir='ltr'><strong>ubi</strong></span> <span class='ocrx_word' id='word_1_212' title='bbox 1374 3208 1443 3249; x_wconf 87' lang='lat' dir='ltr'><strong>esse</strong></span> 
     </span>
     <span class='ocr_line' id='line_1_26' title="bbox 398 3285 1443 3372; baseline -0.002 -22"><span class='ocrx_word' id='word_1_213' title='bbox 398 3300 417 3321; x_wconf 83' lang='lat'><strong>‘¹</strong></span> <span class='ocrx_word' id='word_1_214' title='bbox 434 3286 549 3365; x_wconf 84' lang='lat' dir='ltr'><strong>desint,</strong></span> <span class='ocrx_word' id='word_1_215' title='bbox 571 3285 754 3372; x_wconf 88' lang='lat' dir='ltr'><strong>interpretis</strong></span> <span class='ocrx_word' id='word_1_216' title='bbox 779 3286 914 3369; x_wconf 88' lang='lat' dir='ltr'><strong>(Rufini)</strong></span> <span class='ocrx_word' id='word_1_217' title='bbox 937 3287 1031 3350; x_wconf 85' lang='lat' dir='ltr'><strong>fidem</strong></span> <span class='ocrx_word' id='word_1_218' title='bbox 1054 3286 1185 3350; x_wconf 78' lang='lat' dir='ltr'><strong>fulciri.&#39;&#39;</strong></span> <span class='ocrx_word' id='word_1_219' title='bbox 1231 3287 1344 3371; x_wconf 84' lang='lat' dir='ltr'><strong>Itaque</strong></span> <span class='ocrx_word' id='word_1_220' title='bbox 1366 3287 1443 3349; x_wconf 86' lang='lat' dir='ltr'><strong>mibi</strong></span> 
     </span>
     <span class='ocr_line' id='line_1_27' title="bbox 396 3389 1443 3474; baseline 0.002 -22"><span class='ocrx_word' id='word_1_221' title='bbox 396 3390 464 3454; x_wconf 85' lang='lat' dir='ltr'><strong>haee</strong></span> <span class='ocrx_word' id='word_1_222' title='bbox 481 3389 588 3452; x_wconf 89' lang='lat' dir='ltr'><strong>onmia</strong></span> <span class='ocrx_word' id='word_1_223' title='bbox 607 3389 713 3453; x_wconf 84' lang='lat' dir='ltr'><strong>animo</strong></span> <span class='ocrx_word' id='word_1_224' title='bbox 734 3389 941 3474; x_wconf 80' lang='lat' dir='ltr'><strong>perpendenti</strong></span> <span class='ocrx_word' id='word_1_225' title='bbox 962 3389 1132 3453; x_wconf 76' lang='lat' dir='ltr'><strong>incertiora</strong></span> <span class='ocrx_word' id='word_1_226' title='bbox 1147 3389 1294 3453; x_wconf 86' lang='lat' dir='ltr'><strong>videntur</strong></span> <span class='ocrx_word' id='word_1_227' title='bbox 1308 3411 1355 3463; x_wconf 83' lang='lat' dir='ltr'><strong>ea,</strong></span> <span class='ocrx_word' id='word_1_228' title='bbox 1372 3412 1443 3474; x_wconf 82' lang='lat' dir='ltr'><strong>quae</strong></span> 
     </span>
     <span class='ocr_line' id='line_1_28' title="bbox 396 3491 1444 3577; baseline 0.002 -22"><span class='ocrx_word' id='word_1_229' title='bbox 396 3493 436 3555; x_wconf 92' lang='lat' dir='ltr'><strong>de</strong></span> <span class='ocrx_word' id='word_1_230' title='bbox 463 3492 494 3555; x_wconf 93' lang='lat' dir='ltr'><strong>S.</strong></span> <span class='ocrx_word' id='word_1_231' title='bbox 519 3491 635 3555; x_wconf 89' lang='lat' dir='ltr'><strong>Triude</strong></span> <span class='ocrx_word' id='word_1_232' title='bbox 661 3492 692 3555; x_wconf 93' lang='lat' dir='ltr'><strong>in</strong></span> <span class='ocrx_word' id='word_1_233' title='bbox 717 3492 982 3575; x_wconf 79' lang='lat' dir='ltr'><strong>interpretatione</strong></span> <span class='ocrx_word' id='word_1_234' title='bbox 1008 3499 1121 3556; x_wconf 84' lang='lat' dir='ltr'><strong>extant</strong></span> <span class='ocrx_word' id='word_1_235' title='bbox 1146 3492 1262 3565; x_wconf 79' lang='lat' dir='ltr'><strong>Rufini,</strong></span> <span class='ocrx_word' id='word_1_236' title='bbox 1287 3514 1382 3577; x_wconf 90' lang='lat' dir='ltr'><strong>quam</strong></span> <span class='ocrx_word' id='word_1_237' title='bbox 1407 3502 1444 3557; x_wconf 91' lang='lat' dir='ltr'><strong>ut</strong></span> 
     </span>
     <span class='ocr_line' id='line_1_29' title="bbox 396 3592 1444 3680; baseline 0.006 -27"><span class='ocrx_word' id='word_1_238' title='bbox 396 3614 455 3676; x_wconf 88' lang='lat' dir='ltr'><strong>pre</strong></span> <span class='ocrx_word' id='word_1_239' title='bbox 477 3592 558 3655; x_wconf 83' lang='lat' dir='ltr'><strong>veris</strong></span> <span class='ocrx_word' id='word_1_240' title='bbox 581 3599 678 3677; x_wconf 82' lang='lat' dir='ltr'><strong>etque</strong></span> <span class='ocrx_word' id='word_1_241' title='bbox 702 3593 891 3658; x_wconf 86' lang='lat' dir='ltr'><strong>indubitatis</strong></span> <span class='ocrx_word' id='word_1_242' title='bbox 915 3604 1011 3657; x_wconf 83' lang='lat' dir='ltr'><strong>reetae</strong></span> <span class='ocrx_word' id='word_1_243' title='bbox 1035 3593 1106 3657; x_wconf 83' lang='lat' dir='ltr'><strong>fidei</strong></span> <span class='ocrx_word' id='word_1_244' title='bbox 1131 3607 1188 3658; x_wconf 90' lang='lat' dir='ltr'><strong>aut</strong></span> <span class='ocrx_word' id='word_1_245' title='bbox 1212 3595 1361 3680; x_wconf 87' lang='lat' dir='ltr'><strong>Origenis</strong></span> <span class='ocrx_word' id='word_1_246' title='bbox 1385 3604 1444 3659; x_wconf 86' lang='lat' dir='ltr'><strong>aut</strong></span> 
     </span>
     <span class='ocr_line' id='line_1_30' title="bbox 397 3694 1443 3780; baseline 0.005 -25"><span class='ocrx_word' id='word_1_247' title='bbox 397 3694 556 3777; x_wconf 85' lang='lat' dir='ltr'><strong>Pamphili</strong></span> <span class='ocrx_word' id='word_1_248' title='bbox 583 3694 774 3758; x_wconf 88' lang='lat' dir='ltr'><strong>testimoniis</strong></span> <span class='ocrx_word' id='word_1_249' title='bbox 800 3695 905 3759; x_wconf 85' lang='lat' dir='ltr'><strong>afferri</strong></span> <span class='ocrx_word' id='word_1_250' title='bbox 931 3696 1095 3768; x_wconf 87' lang='lat' dir='ltr'><strong>debeant;</strong></span> <span class='ocrx_word' id='word_1_251' title='bbox 1135 3695 1194 3759; x_wconf 90' lang='lat' dir='ltr'><strong>nisi</strong></span> <span class='ocrx_word' id='word_1_252' title='bbox 1222 3697 1247 3759; x_wconf 90' lang='lat' dir='ltr'><strong>si</strong></span> <span class='ocrx_word' id='word_1_253' title='bbox 1274 3696 1336 3758; x_wconf 88' lang='lat' dir='ltr'><strong>alia</strong></span> <span class='ocrx_word' id='word_1_254' title='bbox 1362 3718 1443 3780; x_wconf 84' lang='lat' dir='ltr'><strong>prae·</strong></span> 
     </span>
     <span class='ocr_line' id='line_1_31' title="bbox 396 3796 1444 3883; baseline 0.003 -26"><span class='ocrx_word' id='word_1_255' title='bbox 396 3802 485 3857; x_wconf 86' lang='lat' dir='ltr'><strong>terea</strong></span> <span class='ocrx_word' id='word_1_256' title='bbox 507 3796 700 3858; x_wconf 83' lang='lat' dir='ltr'><strong>auctoritate</strong></span> <span class='ocrx_word' id='word_1_257' title='bbox 721 3796 892 3879; x_wconf 85' lang='lat' dir='ltr'><strong>gaudeant.</strong></span> <span class='ocrx_word' id='word_1_258' title='bbox 937 3798 1077 3883; x_wconf 90' lang='lat' dir='ltr'><strong>Ideoque</strong></span> <span class='ocrx_word' id='word_1_259' title='bbox 1098 3799 1182 3882; x_wconf 87' lang='lat' dir='ltr'><strong>quod</strong></span> <span class='ocrx_word' id='word_1_260' title='bbox 1202 3819 1350 3882; x_wconf 88' lang='lat' dir='ltr'><strong>magnam</strong></span> <span class='ocrx_word' id='word_1_261' title='bbox 1373 3819 1444 3881; x_wconf 90' lang='lat' dir='ltr'><strong>par-</strong></span> 
     </span>
     <span class='ocr_line' id='line_1_32' title="bbox 396 3894 1444 3983; baseline 0.005 -25"><span class='ocrx_word' id='word_1_262' title='bbox 396 3901 461 3958; x_wconf 89' lang='lat' dir='ltr'><strong>tem</strong></span> <span class='ocrx_word' id='word_1_263' title='bbox 484 3894 555 3957; x_wconf 90' lang='lat' dir='ltr'><strong>libri</strong></span> <span class='ocrx_word' id='word_1_264' title='bbox 577 3895 689 3958; x_wconf 88' lang='lat' dir='ltr'><strong>eadem</strong></span> <span class='ocrx_word' id='word_1_265' title='bbox 708 3896 891 3961; x_wconf 86' lang='lat' dir='ltr'><strong>testimonia</strong></span> <span class='ocrx_word' id='word_1_266' title='bbox 910 3899 1049 3983; x_wconf 83' lang='lat' dir='ltr'><strong>explent,</strong></span> <span class='ocrx_word' id='word_1_267' title='bbox 1066 3907 1171 3964; x_wconf 84' lang='lat' dir='ltr'><strong>totum</strong></span> <span class='ocrx_word' id='word_1_268' title='bbox 1192 3900 1278 3963; x_wconf 92' lang='lat' dir='ltr'><strong>illum</strong></span> <span class='ocrx_word' id='word_1_269' title='bbox 1299 3900 1374 3962; x_wconf 90' lang='lat' dir='ltr'><strong>mihi</strong></span> <span class='ocrx_word' id='word_1_270' title='bbox 1396 3923 1444 3963; x_wconf 84' lang='lat' dir='ltr'><strong>re-</strong></span> 
     </span>
     <span class='ocr_line' id='line_1_33' title="bbox 395 3995 1445 4084; baseline 0.007 -26"><span class='ocrx_word' id='word_1_271' title='bbox 395 3995 599 4079; x_wconf 87' lang='lat' dir='ltr'><strong>linquendum</strong></span> <span class='ocrx_word' id='word_1_272' title='bbox 634 3997 749 4075; x_wconf 80' lang='lat' dir='ltr'><strong>censui,</strong></span> <span class='ocrx_word' id='word_1_273' title='bbox 781 4005 893 4083; x_wconf 90' lang='lat' dir='ltr'><strong>utpote</strong></span> <span class='ocrx_word' id='word_1_274' title='bbox 921 4001 976 4084; x_wconf 92' lang='lat' dir='ltr'><strong>qui</strong></span> <span class='ocrx_word' id='word_1_275' title='bbox 1007 4002 1190 4065; x_wconf 84' lang='lat' dir='ltr'><strong>certissimis</strong></span> <span class='ocrx_word' id='word_1_276' title='bbox 1220 4002 1325 4064; x_wconf 88' lang='lat' dir='ltr'><strong>minus</strong></span> <span class='ocrx_word' id='word_1_277' title='bbox 1354 4009 1445 4065; x_wconf 80' lang='lat' dir='ltr'><strong>corta</strong></span> 
     </span>
     <span class='ocr_line' id='line_1_34' title="bbox 395 4098 1443 4188; baseline 0.009 -29"><span class='ocrx_word' id='word_1_278' title='bbox 395 4098 526 4162; x_wconf 87' lang='lat' dir='ltr'><strong>miseere</strong></span> <span class='ocrx_word' id='word_1_279' title='bbox 551 4099 674 4163; x_wconf 90' lang='lat' dir='ltr'><strong>nollem.</strong></span> <span class='ocrx_word' id='word_1_280' title='bbox 722 4100 803 4165; x_wconf 84' lang='lat' dir='ltr'><strong>“Et</strong></span> <span class='ocrx_word' id='word_1_281' title='bbox 829 4101 986 4185; x_wconf 82' lang='lat' dir='ltr'><strong>quidem,”</strong></span> <span class='ocrx_word' id='word_1_282' title='bbox 1010 4104 1057 4167; x_wconf 90' lang='lat' dir='ltr'><strong>ait</strong></span> <span class='ocrx_word' id='word_1_283' title='bbox 1083 4103 1365 4188; x_wconf 70' lang='lat' dir='ltr'><strong>praestantissimus</strong></span> <span class='ocrx_word' id='word_1_284' title='bbox 1391 4104 1443 4168; x_wconf 87' lang='lat' dir='ltr'><strong>ille</strong></span> 
     </span>
     <span class='ocr_line' id='line_1_35' title="bbox 397 4201 1444 4290; baseline 0.004 -27"><span class='ocrx_word' id='word_1_285' title='bbox 397 4201 599 4278; x_wconf 85' lang='lat' dir='ltr'><strong>Peursonius,</strong></span> <span class='ocrx_word' id='word_1_286' title='bbox 616 4214 635 4234; x_wconf 90' lang='lat'><em>“</em></span> <span class='ocrx_word' id='word_1_287' title='bbox 652 4201 705 4265; x_wconf 88' lang='lat' dir='ltr'><strong>ubi</strong></span> <span class='ocrx_word' id='word_1_288' title='bbox 718 4202 758 4266; x_wconf 97' lang='lat' dir='ltr'><strong>de</strong></span> <span class='ocrx_word' id='word_1_289' title='bbox 773 4203 897 4267; x_wconf 89' lang='lat' dir='ltr'><strong>unitate</strong></span> <span class='ocrx_word' id='word_1_290' title='bbox 913 4205 1082 4269; x_wconf 87' lang='lat' dir='ltr'><strong>Trinitatis</strong></span> <span class='ocrx_word' id='word_1_291' title='bbox 1101 4214 1158 4269; x_wconf 91' lang='lat' dir='ltr'><strong>aut</strong></span> <span class='ocrx_word' id='word_1_292' title='bbox 1173 4205 1358 4290; x_wconf 76' lang='lat' dir='ltr'><strong>aequalitate</strong></span> <span class='ocrx_word' id='word_1_293' title='bbox 1373 4228 1444 4288; x_wconf 88' lang='lat' dir='ltr'><strong>per-</strong></span> 
     </span>
    </p>
   </div>
   <div class='ocr_carea' id='block_1_3' title="bbox 395 4304 1443 4696">
    <p class='ocr_par' dir='ltr' id='par_1_3' title="bbox 395 4304 1443 4696">
     <span class='ocr_line' id='line_1_36' title="bbox 397 4304 1442 4391; baseline 0.005 -26"><span class='ocrx_word' id='word_1_294' title='bbox 397 4310 416 4337; x_wconf 89' lang='lat'><strong>“</strong></span> <span class='ocrx_word' id='word_1_295' title='bbox 431 4324 580 4366; x_wconf 89' lang='lat' dir='ltr'><strong>sonarum</strong></span> <span class='ocrx_word' id='word_1_296' title='bbox 606 4304 722 4387; x_wconf 85' lang='lat' dir='ltr'><strong>agitur,</strong></span> <span class='ocrx_word' id='word_1_297' title='bbox 747 4305 860 4369; x_wconf 87' lang='lat' dir='ltr'><strong>merito</strong></span> <span class='ocrx_word' id='word_1_298' title='bbox 884 4305 1089 4369; x_wconf 88' lang='lat' dir='ltr'><strong>diffidendum</strong></span> <span class='ocrx_word' id='word_1_299' title='bbox 1113 4315 1163 4370; x_wconf 86' lang='lat' dir='ltr'><strong>est</strong></span> <span class='ocrx_word' id='word_1_300' title='bbox 1187 4306 1353 4391; x_wconf 84' lang='lat' dir='ltr'><strong>interpreti</strong></span> <span class='ocrx_word' id='word_1_301' title='bbox 1376 4306 1442 4370; x_wconf 86' lang='lat' dir='ltr'><strong>Ru-</strong></span> 
     </span>
     <span class='ocr_line' id='line_1_37' title="bbox 397 4403 1443 4495; baseline 0.01 -31"><span class='ocrx_word' id='word_1_302' title='bbox 397 4414 416 4435; x_wconf 86' lang='lat'><strong><em>“</em></strong></span> <span class='ocrx_word' id='word_1_303' title='bbox 432 4403 525 4467; x_wconf 84' lang='lat' dir='ltr'><strong>fino.&#39;&#39;</strong></span> <span class='ocrx_word' id='word_1_304' title='bbox 556 4406 679 4470; x_wconf 78' lang='lat' dir='ltr'><strong>Vindio.</strong></span> <span class='ocrx_word' id='word_1_305' title='bbox 697 4408 796 4490; x_wconf 67' lang='lat' dir='ltr'><strong>lyaei.</strong></span> <span class='ocrx_word' id='word_1_306' title='bbox 814 4414 896 4490; x_wconf 76' lang='lat' dir='ltr'><strong>part.</strong></span> <span class='ocrx_word' id='word_1_307' title='bbox 915 4408 940 4471; x_wconf 87' lang='lat'><strong>1.</strong></span> <span class='ocrx_word' id='word_1_308' title='bbox 963 4431 1031 4494; x_wconf 86' lang='lat' dir='ltr'><strong>eap.</strong></span> <span class='ocrx_word' id='word_1_309' title='bbox 1050 4410 1099 4474; x_wconf 86' lang='lat' dir='ltr'><strong>vii.</strong></span> <span class='ocrx_word' id='word_1_310' title='bbox 1119 4433 1149 4495; x_wconf 92' lang='lat' dir='ltr'><strong>p.</strong></span> <span class='ocrx_word' id='word_1_311' title='bbox 1165 4410 1236 4494; x_wconf 79' lang='lat'><strong>115.</strong></span> <span class='ocrx_word' id='word_1_312' title='bbox 1282 4409 1344 4473; x_wconf 85' lang='lat' dir='ltr'><strong>Sed</strong></span> <span class='ocrx_word' id='word_1_313' title='bbox 1367 4432 1443 4474; x_wconf 83' lang='lat' dir='ltr'><strong>vero</strong></span> 
     </span>
     <span class='ocr_line' id='line_1_38' title="bbox 395 4504 1440 4593; baseline 0.005 -27"><span class='ocrx_word' id='word_1_314' title='bbox 395 4504 480 4567; x_wconf 85' lang='lat' dir='ltr'><strong>haud</strong></span> <span class='ocrx_word' id='word_1_315' title='bbox 504 4505 550 4568; x_wconf 88' lang='lat' dir='ltr'><strong>ita</strong></span> <span class='ocrx_word' id='word_1_316' title='bbox 572 4507 752 4590; x_wconf 87' lang='lat' dir='ltr'><strong>pertinebat</strong></span> <span class='ocrx_word' id='word_1_317' title='bbox 774 4506 834 4571; x_wconf 88' lang='lat' dir='ltr'><strong>hoe</strong></span> <span class='ocrx_word' id='word_1_318' title='bbox 856 4529 936 4591; x_wconf 84' lang='lat' dir='ltr'><strong>opus</strong></span> <span class='ocrx_word' id='word_1_319' title='bbox 957 4508 1212 4593; x_wconf 87' lang='lat' dir='ltr'><strong>Pamphilianum</strong></span> <span class='ocrx_word' id='word_1_320' title='bbox 1234 4510 1276 4572; x_wconf 85' lang='lat' dir='ltr'><strong>ad</strong></span> <span class='ocrx_word' id='word_1_321' title='bbox 1297 4510 1440 4593; x_wconf 89' lang='lat' dir='ltr'><strong>proposi-</strong></span> 
     </span>
     <span class='ocr_line' id='line_1_39' title="bbox 395 4605 1441 4696; baseline 0.005 -27"><span class='ocrx_word' id='word_1_322' title='bbox 395 4616 464 4669; x_wconf 91' lang='lat' dir='ltr'><strong>tum</strong></span> <span class='ocrx_word' id='word_1_323' title='bbox 490 4605 712 4669; x_wconf 84' lang='lat' dir='ltr'><strong>absolvendum</strong></span> <span class='ocrx_word' id='word_1_324' title='bbox 738 4630 843 4671; x_wconf 90' lang='lat' dir='ltr'><strong>meum</strong></span> <span class='ocrx_word' id='word_1_325' title='bbox 866 4609 1124 4693; x_wconf 82' lang='lat' dir='ltr'><strong>oolligendermn,</strong></span> <span class='ocrx_word' id='word_1_326' title='bbox 1148 4612 1172 4674; x_wconf 90' lang='lat' dir='ltr'><strong>si</strong></span> <span class='ocrx_word' id='word_1_327' title='bbox 1199 4633 1270 4694; x_wconf 86' lang='lat' dir='ltr'><strong>quae</strong></span> <span class='ocrx_word' id='word_1_328' title='bbox 1298 4633 1441 4696; x_wconf 83' lang='lat' dir='ltr'><strong>superos·</strong></span> 
     </span>
    </p>
   </div>
   <div class='ocr_carea' id='block_1_4' title="bbox 0 0 1854 5667">
    <p class='ocr_par' dir='ltr' id='par_1_4' title="bbox 0 0 1854 5667">
     <span class='ocr_line' id='line_1_40' title="bbox 0 0 1854 5667; baseline 0 0"><span class='ocrx_word' id='word_1_329' title='bbox 0 0 1854 5667; x_wconf 95' lang='lat' dir='ltr'><strong> </strong></span> 
     </span>
    </p>
   </div>
  </div>
 </body>
</html>
