3700 5667
409 667 513 733 SYN.
528 667 760 735 ANTIOCH.
778 672 885 737 ADV.
903 676 1111 741 PAULUM
1134 680 1299 745 SAMOS.
1343 684 1406 747 811

360 840 458 941 φίαν,
491 842 540 921 ὡς
573 840 672 939 ἡμεῖς
704 841 922 942 πιστεύομεν
954 846 1146 943 οὐσιωδῶς,
1179 847 1280 927 ἀλλὰ
1318 850 1409 930 κατὰ

357 971 542 1073 ποιότητα.

415 1109 474 1171 Καὶ
488 1107 552 1189 μεθ’
568 1108 667 1191 ἕτερα.

413 1221 465 1299 Τί
488 1219 527 1301 δὲ
549 1221 730 1322 βούλεται,
750 1228 808 1304 καὶ
833 1224 875 1305 τὸ
900 1228 1056 1330 ἑτεροίαν
1081 1226 1236 1335 φάσκειν
1254 1227 1320 1327 τὴν
1338 1265 1403 1311 κα·

331 1355 536 1455 5τασκεύην
572 1367 637 1437 τοῦ
672 1360 797 1459 Ἰησοῦ
834 1366 1000 1463 Χριστοῦ
1038 1366 1101 1460 τῆς
1137 1362 1321 1466 ἡμετέρας·
1366 1367 1404 1445 ἐν

356 1493 517 1598 μεγίστῳ
550 1491 588 1571 δὲ
619 1491 733 1599 τούτῳ
767 1494 947 1601 διαφέρειν
981 1497 1090 1575 αὐτοῦ
1122 1495 1188 1596 την
1221 1497 1407 1579 σύστασιν

357 1626 552 1732 ἀξιούντων
582 1629 696 1734 (Paulo
717 1665 783 1703 aum
804 1637 894 1736 suis),
923 1635 975 1737 τῷ
1005 1627 1069 1708 τὸν
1101 1626 1196 1710 Θεὸν
1226 1630 1339 1733 λόγον
1368 1634 1406 1711 ε’ν

357 1762 469 1869 ἑαυτῷ
499 1765 571 1864 (for.
600 1765 711 1872 αὐτῷ)
736 1761 834 1860 εἶναι,
863 1763 951 1866 ὅπερ
979 1764 1062 1862 ἡμῖν
1092 1765 1163 1864 (for.
1192 1766 1230 1844 ἐν
1257 1764 1356 1873 ἡμῖν)
1384 1768 1405 1845 ὁ

357 1895 430 1975 ἔσω
450 1896 662 2001 ἅνθρωποςξ
696 1912 756 1998 [καὶ
777 1912 843 1991 μεθ’
863 1910 961 1993 ἕτερα,
984 1918 1038 1973 for.
1059 1914 1188 1991 delens]
1210 1896 1293 1997 ἢτδ
1311 1902 1401 1979 ε’νοι·

312 2035 465 2129 Ιοκῆσαι
482 2032 520 2109 ἐν
539 2033 634 2139 αὐτῷ
652 2030 718 2130 τὴν
735 2033 872 2137 σοφίαν
890 2029 1008 2131 λε’γειν
1026 2034 1073 2114 ὡς
1092 2033 1130 2110 ἐν
1144 2032 1257 2111 οὐδενὶ
1276 2033 1402 2142 ἄλλως

355 2173 460 2244 τοῦτο
483 2163 554 2268 γὰρ
576 2164 640 2245 τὸν
656 2164 722 2264 μὲν
740 2163 875 2269 τρόπον
892 2168 955 2263 τῆς
981 2162 1189 2264 ἐνοικήσεως
1213 2164 1277 2245 τὸν
1296 2166 1404 2247 αὐτὸν

356 2302 472 2399 δηλοῖ·
511 2303 630 2408 μέτριρ
661 2300 699 2380 δὲ
732 2304 790 2380 καὶ
822 2298 954 2398 πλήθει
985 2297 1205 2402 ὑπερφέρειν·
1246 2297 1321 2379 οἷον
1352 2305 1404 2380 δι·

354 2433 525 2533 πλαίσιον,
549 2434 571 2537 ἢ
597 2438 656 2515 καὶ
684 2434 922 2535 ὁπωσδήποτε
947 2440 1074 2513 πλεῖον
1099 2429 1122 2531 ἢ
1147 2432 1313 2513 ἔλασσον
1336 2444 1401 2516 τοῦ

355 2568 559 2666 διπλασίου,
577 2569 818 2672 γινώσκοντος
846 2570 955 2647 αὐτοῦ
982 2564 1055 2647 ἀπὸ
1083 2570 1147 2665 τῆς
1166 2568 1300 2672 σοφίας
1321 2565 1345 2668 ἢ
1370 2572 1403 2647 οἱ

310 2703 477 2783 Ι5ίίλλοι.
507 2712 613 2783 τοῦτο
641 2702 679 2784 δὲ
707 2707 771 2783 οὐκ
799 2702 964 2809 ἀξιοῦσιν
991 2706 1023 2781 οἱ
1051 2704 1234 2781 καθολικοὶ
1259 2704 1318 2782 καὶ
1339 2704 1398 2783 ε’κ·

356 2842 610 2937 κλησιοιστικοὶ
636 2837 792 2923 κοίνονες·
833 2839 918 2917 ἀλλ’
949 2838 1099 2920 ἐκείνους
1125 2835 1191 2936 μέν
1218 2871 1399 2941 μετεσχη-

354 2972 450 3053 κέναι
477 2975 612 3080 σοφίας
639 2973 860 3073 ε’μπνεοιίσης
888 2973 1030 3079 ἔξωθεν,
1059 2975 1117 3053 καὶ
1145 2973 1261 3072 ἄλλης
1290 2974 1403 3073 οὔσης

353 3109 435 3209 παρ’
456 3106 595 3191 αὐτούς·
626 3106 737 3207 αὐτὴν
759 3107 798 3188 δὲ
823 3104 888 3206 τὴν
906 3107 1044 3213 σοφίαν
1070 3108 1114 3187 δι’
1134 3108 1259 3206 ἑαυτῆς
1282 3109 1397 3187 ε’πιδε·

354 3244 545 3341 δημηκέναι
563 3243 745 3325 οὑσιωδῶς
763 3244 801 3321 ἐν
818 3246 870 3349 τῷ
888 3243 926 3319 ε’κ
947 3240 1093 3344 Μαρίας
1112 3240 1266 3338 σώματι.

306 3530 344 3568 20
354 3507 409 3565 isse
428 3526 493 3565 cum
511 3507 692 3565 humanitate
710 3506 848 3585 sapienti·
900 3502 1020 3581 quidem
1036 3503 1255 3563 inhabitationis
1274 3501 1399 3563 eundern

353 3608 409 3655 am,
424 3598 459 3645 ut
476 3607 528 3644 nos
547 3586 700 3653 credimus,
716 3587 849 3644 snbstan-
900 3584 1038 3650 declarat,
1049 3602 1184 3641 mensura
1196 3603 1264 3641 vero
1278 3594 1309 3641 ct
1323 3583 1398 3641 mul-

352 3666 471 3736 tialiter,
486 3666 537 3725 scd
551 3667 710 3725 secundum
725 3666 849 3743 qualita-
900 3664 1029 3723 titudine
1043 3663 1180 3733 excellit3
1203 3662 1281 3722 verbi
1295 3664 1398 3741 gratia,

351 3757 422 3805 tem.
899 3744 991 3823 duplo
1012 3744 1087 3823 plus,
1109 3755 1161 3802 aut
1182 3744 1398 3821 quomodocun-

387 3826 423 3879 Et
434 3834 495 3896 post
507 3826 566 3880 alia.
899 3846 957 3902 qna
975 3846 1020 3883 am
1044 3825 1110 3895 lius,
1126 3824 1172 3883 vel
1187 3825 1284 3884 minus
1299 3824 1398 3903 duplo,

305 3926 340 3989 25
388 3904 469 3974 Quid
478 3916 576 3963 autem
586 3905 650 3963 vult
659 3903 754 3964 dicero
762 3904 847 3963 aliam
899 3926 986 3983 quam
1007 3846 1065 3971 aiii,
1085 3916 1277 3982 mignoscents
1298 3904 1400 3983 ipsos

351 4004 413 4043 csse
433 3996 463 4043 et
484 3984 625 4043 diversam
645 3986 848 4045 formationem
898 3986 1049 4065 sapientia.
1093 3986 1158 4043 Hoc
1176 3997 1273 4043 autem
1293 3984 1399 4043 nolunt

351 4064 460 4123 Christi
472 4064 783 4133 anostra,volentibus
795 4086 848 4123 no·
899 4066 1032 4124 catholici
1054 4076 1085 4124 et
1105 4065 1291 4125 ecclesiastici
1312 4084 1398 4122 cano-

350 4145 432 4203 bisin
441 4145 495 4204 hac
505 4147 630 4202 maxima
640 4166 698 4203 una
707 4166 738 4204 rs
749 4146 847 4204 differ·
899 4166 960 4211 nes,
986 4146 1038 4204 sed
1061 4147 1161 4221 potius
1186 4145 1252 4203 illos
1280 4142 1397 4220 quidem

349 4225 482 4300 reipsius
497 4226 735 4284 constitutionem
751 4247 767 4283 a
781 4247 847 4285 nos·
899 4226 1086 4305 participasse
1095 4225 1265 4302 sapientiam
1274 4223 1346 4281 foris
1354 4223 1399 4280 in·

301 4306 489 4387 30tra,quod
497 4304 846 4383 scilicetinflipsositVer-
899 4306 1068 4384 spirantem,
1089 4325 1154 4383 quae
1176 4304 1231 4362 alia
1253 4314 1297 4363 est
1320 4302 1398 4379 apud

349 4384 428 4451 bum,
443 4386 523 4462 quod
541 4386 572 4442 in
593 4386 677 4444 nobis
696 4387 783 4444 homo
801 4386 846 4443 in·
899 4385 996 4464 ipsos3
1026 4386 1117 4464 ipsam
1137 4404 1205 4443 vero
1225 4382 1397 4462 sapientiam

350 4464 449 4522 terior.
486 4465 529 4523 Et
549 4477 661 4543 postea.
698 4466 730 4523 Si
753 4465 848 4525 dicere
899 4485 951 4543 per
965 4487 996 4525 sa
1010 4468 1106 4546 ipsum
1121 4464 1351 4523 substantialiter
1365 4462 1397 4520 in

350 4542 494 4604 habitasse
507 4547 537 4603 in
549 4566 584 4604 ao
598 4546 780 4625 sapientiam.
793 4546 848 4604 sic-
899 4566 1004 4626 corpus
1019 4566 1055 4606 ex
1070 4544 1165 4604 Maria
1180 4544 1301 4604 venisse.

351 4635 384 4681 ut
404 4626 435 4683 in
456 4626 539 4684 nullo
557 4625 634 4696 ali03
660 4628 715 4685 hoc
730 4626 848 4684 modum
