3700 5667
540 675 591 738 IN
616 674 846 740 CONClLIA
871 677 1120 740 CARTHAG.
1292 678 1357 741 208

309 865 370 928 que
392 848 505 907 contra
526 842 683 907 rationem
702 843 759 908 &a
783 845 900 928 respuit
914 845 1065 930 primitus
1087 865 1125 909 oo
1145 847 1277 908 maimo
1300 846 1357 929 Cy-

301 945 436 1030 prianus
460 943 522 1030 sires
546 967 614 1009 eam
638 944 696 1009 sili
722 945 968 1012 conemicutibus
994 946 1110 1033 colbpb
1133 946 1205 1011 aab.
1250 948 1358 1032 Nepae

308 1050 386 1112 enim
406 1049 570 1134 inquinari
588 1071 617 1113 sc
637 1050 776 1128 credidit,
793 1051 914 1135 quondo
934 1049 1046 1115 talibus
1058 1061 1187 1135 propter
1205 1050 1359 1116 cicadam

306 1151 393 1237 pacis
417 1151 698 1215 communicandum
721 1173 781 1216 osso
805 1152 936 1216 wecil
958 1153 1069 1226 dicem
1094 1152 1253 1217 neminem
1272 1152 1357 1238 judi-

308 1268 427 1331 cantes,
442 1259 501 1318 aut
518 1277 538 1316 a
554 1252 628 1339 jure
642 1253 870 1317 communionis
888 1253 1026 1338 aliquem
1041 1254 1067 1318 si
1083 1253 1242 1318 diversum
1256 1275 1359 1319 sense-

308 1352 360 1429 n't,
376 1361 569 1419 amoventes.
593 1354 663 1418 Vid.
680 1376 777 1439 supra
790 1354 893 1438 ipsum
909 1354 1035 1418 initium
1050 1354 1191 1421 Ooncilii.

352 1455 390 1518 P.
412 1473 480 1541 125.
500 1457 523 1520 l.
542 1476 588 1541 13.
615 1456 726 1541 Utica]
749 1457 837 1521 Urbs
857 1457 1057 1542 Zeugitana,
1073 1458 1187 1521 civium
1206 1457 1359 1522 Romano-

308 1579 394 1632 rum,·
417 1568 510 1624 mou
527 1560 648 1624 Catonis
661 1557 780 1636 nobilis,
796 1565 834 1623 ut
848 1559 896 1623 ait
912 1559 1046 1623 Plinius.
1065 1558 1162 1639 Ἰτύκη
1176 1558 1310 1644 Polybio
1325 1566 1359 1623 et

309 1659 444 1726 Ptolem.
472 1661 565 1725 Nunc
579 1662 715 1747 Byzerte
729 1661 900 1747 appellata.
924 1661 1057 1725 Faunus.

353 1763 436 1828 Ibid.
452 1764 474 1829 l.
487 1783 535 1848 19.
548 1764 571 1827 J
572 1764 697 1848 ambus]
714 1764 752 1827 In
769 1764 932 1842 Foxiensi‚
942 1786 1045 1848 neque
1059 1762 1111 1826 hio
1125 1783 1228 1847 neque
1241 1761 1275 1825 in
1289 1762 1360 1826 aliis

310 1865 528 1952 episcoporum
547 1866 726 1931 nominibus
746 1888 809 1929 non
825 1866 974 1951 leguntur
987 1864 1218 1951 appellationes
1237 1863 1359 1928 confes·

309 1990 416 2032 sorum
433 1991 537 2055 neque
555 1976 743 2054 martyrum.
768 1969 951 2032 chlnrms.
997 1968 1037 2032 In
1053 1975 1191 2052 quatuor
1205 1966 1276 2044 illis,
1291 1967 1358 2050 qui-

310 2072 368 2136 bus
388 2080 473 2151 utor,
492 2073 663 2148 codicibus,
683 2073 770 2136 haud
793 2078 916 2136 extant.
963 2071 1096 2135 Referas
1117 2077 1152 2134 te
1174 2070 1216 2133 ad
1238 2068 1360 2133 Baluzii

310 2181 419 2238 notam
432 2175 525 2239 initio
538 2175 633 2260 hujus
648 2174 779 2241 concilii
794 2174 942 2256 positam,
958 2197 988 2259 p.
1009 2175 1080 2240 182.
1125 2172 1248 2235 Verum
1262 2172 1359 2237 editio

311 2278 486 2342 oxoniensis
513 2277 625 2342 titulos
658 2276 864 2354 conservavit,
896 2300 976 2363 quos
1006 2276 1134 2360 quidem
1162 2276 1205 2339 ad
1234 2275 1360 2360 singula

309 2375 437 2440 nomina
451 2376 484 2439 in
499 2376 549 2439 his
563 2376 647 2439 notis
665 2377 863 2441 indicaturus
882 2400 961 2442 snm.
1007 2377 1147 2442 Nomina
1160 2385 1271 2441 autem
1286 2399 1360 2440 con-

309 2479 475 2554 lcssorum,
496 2500 576 2561 quos
597 2478 715 2542 affatur
737 2478 771 2542 S.
793 2478 971 2564 Cyprianus
993 2480 1026 2542 in
1049 2478 1196 2565 Epistola
1212 2496 1263 2562 77.
1289 2476 1359 2561 qui-

310 2603 371 2666 que
391 2580 450 2666 ipsi
473 2580 507 2643 in
525 2580 575 2644 his
596 2580 690 2644 Actis
712 2580 891 2665 signantur,
913 2589 989 2646 sunt
1012 2582 1233 2653 Nemesianus,
1256 2579 1358 2657 Felix,

311 2683 442 2761 Lucius,
473 2683 555 2748 alter
582 2682 684 2756 Felix,
717 2684 865 2764 Letteus,
897 2684 1060 2764 Polianus,
1090 2683 1215 2759 Victor,
1246 2681 1358 2756 Jador,

311 2784 457 2850 Dctivus.

353 2888 436 2952 Ibid.
460 2887 715 2974 Germaniciana]
739 2890 830 2954 Nova
853 2892 1012 2964 nimirum,
1035 2899 1072 2956 nt
1095 2891 1137 2954 ab
1161 2887 1359 2953 Abbiritana

309 2990 565 3075 distingueretur.
611 2991 712 3055 Urbis
747 2992 842 3076 hujus
876 2995 1042 3079 episcopus
1076 3003 1220 3078 tempore
1253 2989 1358 3054 collat.

309 3091 571 3177 Carthaginensis
591 3101 662 3157 erat
680 3093 896 3158 Innocentius.
927 3096 981 3158 Ad
996 3095 1194 3180 Byzacenam
1209 3093 1358 3178 pertinet,

309 3216 329 3258 a
345 3195 604 3259 Germanicarum
620 3196 799 3260 cohortium
815 3197 975 3261 veteranis
990 3197 1147 3261 habitata.
1170 3194 1307 3271 Dehas,
1322 3199 1360 3256 ut

310 3304 343 3360 et
366 3295 436 3360 aliis
455 3297 622 3382 plerisque,
646 3297 722 3360 illud
746 3297 869 3362 obtinet
893 3299 978 3382 qnod
1002 3297 1125 3360 Plinius
1147 3297 1200 3359 lib.
1218 3295 1258 3358 iv.
1280 3317 1307 3358 o.
1326 3315 1358 3371 4.

309 3397 427 3473 refert3
451 3399 535 3481 quod
558 3420 617 3461 nou
642 3399 774 3462 civitates
797 3409 928 3475 lactum,
947 3399 1000 3462 sed
1022 3399 1113 3460 ctiam
1136 3396 1270 3459 cationes
1287 3393 1361 3476 yicrs

310 3499 375 3562 dici
388 3510 523 3584 possunt.
551 3501 684 3563 Fessus.
730 3502 778 3565 At
798 3524 872 3565 vero
893 3500 1066 3564 Marcellus
1087 3500 1120 3563 in
1140 3498 1256 3581 Africo
1272 3495 1358 3560 Cleri

309 3603 413 3666 stione
427 3602 486 3666 vol.
508 3623 535 3667 1.
550 3625 622 3688 pag.
644 3606 712 3667 168.
737 3604 854 3689 oppido
877 3603 1036 3668 Numidiae
1059 3600 1239 3666 Germaniae
1263 3599 1359 3661 Inno-

310 3703 449 3767 centium
464 3705 639 3780 adscribit;
661 3704 808 3769 Iambum
819 3728 893 3769 vero
904 3703 1157 3770 Germanicianae
1169 3702 1212 3766 ad
1223 3700 1360 3785 primum

311 3805 544 3891 Byzaceninam
560 3808 744 3892 pertinenti.

355 3909 439 3972 Ibid.
463 3909 482 3971 l.
508 3928 557 3973 20.
585 3910 794 3995 ut-negeut]
820 3910 1011 3974 Inusitatior
1037 3907 1243 3983 constructio,
1268 3905 1356 3991 cujus

309 4020 418 4075 tamen
433 4033 543 4074 sensus
558 4019 699 4096 apertus.

354 4112 438 4176 Ibid.
461 4112 481 4177 l.
500 4133 550 4195 29.
570 4117 638 4176 Aac
656 4114 734 4175 enim
757 4113 907 4176 Dominus
929 4114 1013 4176 Deus
1037 4111 1089 4195 est]
1108 4114 1174 4173 Aut
1196 4110 1275 4172 enim
1294 4109 1357 4170 Do

308 4213 408 4278 ricinus
425 4221 499 4278 tuus
522 4216 605 4278 Deus
626 4225 676 4279 cst.
726 4214 779 4278 Ita
793 4215 880 4299 c¹ulpo
901 4216 1032 4279 editum.
1078 4213 1141 4277 Sed
1156 4210 1357 4296 Augustinus

308 4315 414 4380 editus
425 4316 535 4394 habet,
548 4318 610 4381 Act
618 4318 768 4381 Dominus
776 4319 860 4381 Deus
873 4328 924 4381 cst.
950 4318 1025 4381 MS.
1037 4313 1210 4399 Augustini
1223 4319 1357 4394 uterque

307 4440 408 4496 meus,
419 4421 484 4483 Aut
498 4422 582 4484 Deus
596 4422 680 4484 Deus
694 4430 744 4485 cst.
776 4420 929 4484 Fortasse
944 4443 984 4484 ex
999 4417 1208 4483 antecedente
1223 4436 1299 4478 voce
1314 4413 1357 4477 is·

308 4522 367 4584 tud
382 4531 452 4585 tuce
467 4521 579 4587 vitiose
594 4529 701 4586 ortum
716 4530 775 4587 cst.
816 4521 960 4608 Cumque
975 4523 1007 4586 in
1023 4520 1153 4585 Erasmi
1166 4540 1204 4582 cc
1218 4514 1357 4581 Morcllii

308 4623 390 4688 editt.
411 4624 514 4688 locum
533 4648 567 4689 se
585 4626 632 4690 ita
648 4625 818 4689 habentem
836 4625 980 4701 viderim,
995 4628 1062 4688 Aac
1083 4624 1163 4688 euim
1182 4623 1266 4684 Deus
1281 4616 1356 4700 (sic)

788 4750 807 4788 u
824 4728 843 4789 d
862 4747 880 4793 2
