3700 5667
492 652 556 718 116
788 603 1037 730 uunrourm
1064 652 1242 715 sucum.

490 824 553 889 alio
576 845 639 886 non
661 823 762 908 possit
784 845 880 908 quam
904 844 961 886 nec
988 823 1056 907 ipse
1085 829 1192 907 potest
1221 820 1357 886 alterum
1382 820 1538 905 judicare.

490 935 555 999 Sed
584 942 787 1020 expectemus
816 933 953 998 universi
981 933 1137 1018 judicium
1167 933 1297 997 Domini
1327 932 1429 997 nostri
1458 934 1538 995 desu

490 1046 621 1123 Christi,
637 1045 691 1129 qui
709 1066 790 1108 unus
805 1052 839 1108 et
854 1044 940 1108 solus
955 1044 1052 1108 habet
1073 1052 1265 1129 potestatem
1281 1052 1314 1108 et
1333 1041 1539 1128 praeponeudi

489 1175 548 1216 nos
571 1153 603 1215 in
618 1153 756 1217 ecclesiae
774 1175 839 1217 suae
857 1152 1099 1238 gubernatione,
1115 1160 1149 1216 et
1170 1153 1211 1216 de
1232 1162 1307 1216 actu
1325 1163 1436 1216 nostro
1453 1150 1539 1235 judi·

491 1263 595 1327 candi.
1547 1270 1564 1331 5

533 1373 561 1438 I.
596 1373 740 1438 Oaecilius
769 1397 789 1438 a
818 1373 907 1438 Bilta
936 1374 1028 1437 dixit.
1083 1373 1153 1458 Ego
1182 1394 1281 1436 unum
1315 1371 1477 1456 baptisma
1505 1371 1538 1433 in

487 1484 619 1548 ecclesia
641 1484 743 1548 solum
765 1484 841 1563 scio,
862 1493 896 1548 et
915 1494 1008 1549 extra
1030 1484 1194 1548 ecclesiam
1215 1483 1345 1547 nullum.
1392 1483 1455 1546 Hic
1475 1481 1537 1546 erit

488 1616 586 1658 unum
601 1595 655 1659 ubi
671 1617 743 1680 spes
759 1617 834 1660 vera
850 1603 901 1660 est
920 1604 954 1659 et
968 1596 1047 1659 fides
1062 1603 1159 1659 certa.
1206 1594 1258 1658 Sic
1279 1594 1364 1658 enim
1384 1592 1537 1676 scripturn

487 1711 557 1770 est:
583 1720 597 1751 ¹
610 1706 681 1769 Una
686 1706 775 1788 fides,
793 1727 857 1769 uua
870 1727 949 1791 apes,
963 1728 1057 1768 unum
1072 1704 1231 1790 baptbnm,
1247 1726 1310 1767 non
1329 1703 1416 1788 apud
1435 1702 1534 1766 haere-

487 1788 578 1895 ticos,
594 1817 649 1881 ubi
665 1840 738 1903 spes
752 1818 839 1882 nulla
854 1826 948 1883 estet
964 1819 1041 1881 lides
1056 1817 1146 1895 falsa,
1158 1816 1212 1880 ubi
1228 1814 1535 1900 omniapermenda
1551 1836 1584 1875 10

487 1928 571 1993 cium
595 1937 760 2014 geruntur,
788 1929 842 1992 ubi
868 1928 1028 1992 exorcizat
1054 1927 1277 2002 daemoniacus,
1302 1930 1536 1990 sacramentum

486 2038 673 2124 interrogat,
704 2040 794 2124 cujus
831 2061 867 2102 os
903 2047 937 2102 et
967 2039 1064 2102 verba
1099 2060 1213 2101 cancer
1249 2039 1411 2113 emittunt,
1442 2037 1537 2100 fidem

486 2150 544 2214 dat
567 2149 713 2227 infidelis,
739 2150 862 2213 veniam
890 2149 1079 2213 delictorum
1103 2148 1218 2212 tribuit
1242 2148 1423 2222 sceleratus,
1447 2147 1536 2210 etin

485 2259 611 2323 nomine
626 2258 744 2323 Christi
769 2258 865 2343 tingit
889 2259 1108 2335 antichristus,
1130 2259 1289 2323 benedicit
1306 2281 1326 2323 a
1345 2259 1417 2321 Deo
1439 2255 1535 2321 male·

486 2368 600 2444 dictus,
622 2368 721 2431 vitam
745 2368 912 2451 pollicetur
935 2377 1092 2446 mortuus,
1114 2392 1223 2454 pacem
1250 2370 1308 2432 dat
1331 2366 1533 2453 impacificus,
1548 2383 1583 2445 15

486 2477 591 2542 Deum
616 2477 743 2542 invocat
766 2477 979 2562 blasphemus,
1000 2478 1212 2542 sacerdotium
1236 2477 1440 2541 administrat
1463 2497 1534 2561 pro-

486 2587 620 2672 phanus,
638 2588 728 2672 ponit
750 2587 853 2652 altare
877 2587 1058 2672 sacrilegus.
1114 2588 1167 2652 Ad
1191 2587 1259 2651 haec
1283 2586 1389 2650 omnia
1409 2584 1534 2649 accedit

485 2706 519 2764 et
533 2698 610 2763 illud
625 2699 752 2776 malum,
769 2707 806 2764 ut
828 2700 991 2764 antistites
1011 2700 1129 2763 diaboli
1151 2700 1291 2763 audeaut
1312 2697 1535 2762 eucharistiam

485 2808 599 2874 facere.
653 2812 723 2873 Aut
750 2810 804 2893 qui
827 2809 888 2873 illis
910 2810 1066 2874 assistunt
1092 2810 1200 2874 dicant
1229 2811 1297 2874 haec
1320 2809 1426 2873 omnia
1454 2808 1535 2872 falsa

485 2940 555 2981 esse
576 2919 616 2982 de
639 2919 808 2983 haereticis.
855 2920 938 2983 Ecce
963 2921 1006 2984 ad
1028 2921 1134 3006 qualia
1156 2920 1280 3005 cogitur
1305 2919 1437 2984 ecclesia
1460 2941 1533 2984 oon·
1546 2931 1582 2970 20

485 3028 615 3104 sentire,
628 3036 661 3092 et
676 3029 744 3093 sine
764 3029 925 3115 baptismo
940 3052 978 3094 ac
994 3031 1085 3095 venia
1100 3031 1287 3096 delictorum
1302 3030 1534 3094 communimus

485 3139 702 3224 compellitur!
740 3141 843 3221 Quam
857 3164 936 3220 rem,
950 3142 1078 3220 fratres,
1092 3143 1201 3228 sugere
1216 3164 1254 3206 ac
1269 3142 1371 3207 vitare
1385 3142 1536 3205 debemus

484 3256 519 3313 et
533 3271 554 3312 a
568 3256 661 3313 tanto
679 3249 795 3314 scelere
813 3271 871 3312 nos
893 3271 1052 3335 separare,
1068 3259 1102 3315 et
1120 3274 1218 3314 unum
1240 3250 1400 3336 baptisma
1413 3258 1533 3326 tenere,

485 3360 570 3444 quod
586 3360 644 3424 soli
660 3361 799 3426 ecclesite
815 3383 836 3425 a
851 3361 989 3425 Domino
1004 3384 1187 3426 concessum
1203 3368 1263 3426 est.

529 3469 574 3533 ΙΙ.
598 3470 725 3534 Primus
741 3493 762 3535 a
784 3471 937 3557 Migiripa
952 3473 1042 3536 dixit.
1088 3472 1208 3537 (leuseo
1228 3494 1354 3536 omnem
1374 3471 1533 3536 hominem
1546 3490 1578 3550 25

484 3582 526 3646 ab
555 3581 667 3645 haeresi
693 3582 871 3646 venientem
901 3583 1137 3668 baptizandum.
1194 3582 1330 3647 Frustra
1358 3583 1442 3646 enim
1471 3582 1533 3647 illic

484 3697 579 3774 putat
603 3711 637 3752 se
661 3711 730 3752 esse
756 3690 964 3773 baptizatum,
989 3714 1060 3755 cum
1084 3692 1212 3756 nonsit
1235 3693 1395 3778 baptisma
1416 3693 1476 3757 nisi
1500 3693 1533 3757 in

483 3798 616 3863 ecclesia
630 3820 727 3861 unum
743 3807 776 3863 et
791 3822 917 3864 verum:
946 3802 1021 3886 quia
1041 3810 1075 3866 et
1090 3802 1179 3867 Deus
1198 3825 1291 3879 uuus,
1309 3811 1343 3868 et
1359 3803 1438 3867 fides
1458 3827 1533 3881 una,

481 3914 517 3973 et
532 3907 663 3972 ecclesia
677 3930 741 3972 uua
756 3916 815 3981 est,
832 3909 864 3973 in
880 3932 943 3993 qua
958 3919 1026 3976 stat
1040 3934 1138 3976 unum
1157 3913 1317 3997 baptisma
1331 3921 1365 3978 et
1378 3915 1533 3978 sanctitas

483 4025 518 4083 et
545 4026 671 4082 caetera.
728 4019 814 4082 Nam
844 4041 916 4103 quae
945 4020 1022 4084 loris
1050 4029 1240 4087 exercentur
1266 4023 1385 4087 nullum
1410 4025 1532 4089 habent
1542 4042 1580 4099 30

482 4129 596 4193 salutis
611 4128 767 4193 ellectum.

527 4238 589 4303 111.
616 4240 810 4326 Polycarpus
831 4241 873 4305 ab
888 4241 1069 4307 Adrumeto
1089 4244 1180 4308 dixit.
1226 4244 1288 4325 Qui
1310 4245 1531 4310 haereticorum

481 4350 641 4434 baptisma
655 4351 953 4434 probantnostrum
969 4362 1134 4418 ovacuant.

906 4590 919 4619 Χ
935 4579 1023 4642 Ephes.
1035 4581 1068 4628 iv.
1081 4595 1103 4641 5.
