3700 5667
484 676 531 746 96
794 677 1045 755 RELIQUIAE
1073 677 1249 740 SACRAE.

485 845 562 907 dam
585 841 743 929 negaturi,
767 863 839 905 cum
864 849 996 926 propter
1017 842 1077 906 hoc
1100 864 1164 927 pax
1186 844 1293 908 danda
1319 843 1362 908 sit
1391 845 1537 910 omnibus

486 955 681 1028 militaturis,
703 976 743 1018 ne
763 977 820 1038 per
839 953 1053 1038 ignorantiam
1073 964 1215 1018 nostram
1235 955 1287 1019 ille
1307 955 1439 1041 incipiat
1459 979 1539 1041 prae·

489 1066 579 1130 teriri
594 1066 648 1152 qui
671 1065 769 1129 habet
791 1065 824 1128 in
846 1065 955 1150 praelio
974 1064 1128 1129 coronari.
1174 1067 1243 1130 Nec
1259 1067 1427 1151 quisquam
1442 1069 1537 1144 dicat,

486 1176 541 1260 qui
557 1177 745 1261 martyrium
767 1175 864 1251 tollit,
881 1176 1033 1259 sanguine
1054 1198 1112 1238 auo
1133 1175 1326 1260 baptizatur,
1343 1198 1400 1240 nec
1416 1179 1538 1262 paxilli

485 1287 529 1351 ab
560 1287 707 1372 episcopo
736 1286 915 1350 necessaria
942 1294 992 1349 est
1019 1286 1168 1351 habituro
1198 1286 1306 1372 gloriae
1333 1310 1398 1352 suae
1429 1299 1566 1374 pacem5

488 1405 523 1460 et
549 1404 719 1482 accepturo
743 1396 895 1482 majorem
925 1397 965 1459 de
988 1396 1116 1460 Domini
1142 1396 1325 1482 dignatione
1350 1400 1538 1463 mercedem.

488 1506 598 1571 Primo
628 1507 760 1570 idoneus
789 1528 857 1570 esse
886 1528 952 1569 non
980 1513 1089 1590 potest
1118 1506 1160 1568 ad
1195 1507 1384 1591 martyrium
1414 1508 1467 1591 qui
1497 1507 1539 1571 ab

486 1617 620 1682 ecclesia
639 1638 703 1680 non
724 1624 869 1680 armatur
893 1616 936 1679 ad
965 1615 1120 1700 praelium,
1144 1623 1177 1679 et
1198 1638 1287 1679 mens
1311 1615 1418 1681 deficit
1444 1638 1539 1700 quam

487 1746 551 1788 non
565 1733 694 1811 recepta
709 1725 902 1789 eucharistia
916 1725 1011 1811 erigit
1029 1733 1063 1790 ot
1083 1725 1240 1790 accendit.
1285 1725 1441 1789 Dominus
1455 1726 1539 1789 enim

486 1835 520 1899 in
542 1835 703 1920 evangelio
721 1857 779 1899 suo
799 1834 894 1898 dicit:
924 1833 1032 1897 dcam
1053 1844 1152 1898 autom
1171 1857 1220 1898 eos
1239 1835 1436 1913 tradiderim,
1449 1835 1539 1899 colito
1553 1854 1587 1893 ro

485 1945 616 2030 cogitare
639 1944 717 2030 qaid
736 1944 913 2029 loquamini.
959 1942 1098 2007 Dabitur
1121 1945 1201 2007 caim
1226 1943 1306 2007 vodis
1327 1946 1361 2008 ia
1384 1945 1443 2009 illa
1464 1946 1540 2010 tora

484 2055 565 2140 qaid
590 2055 766 2140 loquamini.
825 2056 899 2118 Noa
928 2055 1007 2118 caira
1035 2077 1085 2118 coe
1112 2056 1180 2119 cotia
1208 2055 1262 2140 qai
1291 2055 1460 2141 bqaimiai
1489 2057 1542 2120 aad

486 2163 615 2248 spiritate
631 2165 736 2248 patria
754 2164 846 2227 castri
865 2164 920 2249 pai
941 2164 1073 2249 loquitar
1086 2165 1121 2227 ia
1139 2163 1228 2228 codis.
1274 2165 1409 2245 Quando
1431 2173 1538 2230 autem

487 2273 574 2337 dicat
597 2273 630 2336 in
649 2273 779 2338 traditis
800 2280 896 2358 atque
918 2274 952 2336 iu
976 2273 1171 2337 confessione
1194 2273 1331 2337 nominis
1354 2274 1538 2339 constitutis

487 2382 635 2467 spiritum
665 2383 767 2467 patris
795 2383 890 2467 loqui,
921 2384 1079 2467 quomodo
1107 2390 1215 2469 potest
1241 2383 1283 2446 ad
1314 2383 1538 2447 confessionem
1552 2402 1585 2458 15

487 2499 621 2577 paratus
642 2499 700 2557 aut
722 2492 853 2556 idoneus
875 2492 1008 2555 inveniri
1030 2492 1085 2578 qui
1106 2513 1169 2555 non
1195 2491 1283 2576 prius
1307 2513 1384 2575 pace
1408 2500 1540 2576 accepta

487 2602 642 2685 receperit
661 2602 806 2687 spiritum
826 2602 939 2687 patrie,
955 2602 1009 2687 qui
1031 2602 1240 2666 corroborans
1258 2623 1364 2665 servos
1381 2622 1454 2665 suos
1472 2601 1540 2687 ipse

487 2708 629 2794 loquitur
655 2719 689 2774 et
715 2710 885 2775 confitetur
910 2711 943 2774 in
970 2711 1080 2774 nobis?
1125 2711 1207 2775 'l'um
1231 2711 1344 2774 deinde
1370 2710 1398 2773 si
1421 2710 1540 2774 relictis

489 2819 636 2883 omnibus
656 2820 751 2883 rebus
771 2820 836 2883 suis
856 2820 983 2905 fugerit,
1002 2827 1036 2885 et
1057 2820 1090 2883 in
1110 2820 1241 2884 latebris
1258 2827 1356 2904 atque
1375 2819 1407 2883 in
1431 2819 1540 2884 solitu-

488 2928 563 2992 diae
586 2930 779 2994 constitutus
798 2931 831 2993 in
852 2930 993 2994 latrones
1015 2929 1098 2994 forte
1120 2930 1296 3006 incurrerit,
1313 2936 1370 2993 aut
1391 2929 1423 2993 in
1443 2929 1538 2993 febri·
1552 2950 1589 2989 ao

490 3038 550 3101 bus
577 3046 610 3103 et
639 3039 673 3101 in
699 3039 850 3123 languore
876 3040 1057 3116 decesserit,
1084 3062 1188 3105 nonne
1214 3041 1305 3104 nobis
1328 3040 1541 3125 imputabitur

489 3149 575 3231 quod
597 3156 666 3212 tarn
687 3148 789 3219 bonus
811 3148 912 3225 miles,
934 3148 988 3232 qui
1011 3149 1117 3213 omnia
1138 3171 1197 3212 sua
1219 3149 1397 3234 dereliquit,
1412 3156 1446 3213 et
1467 3171 1540 3213 con-

490 3265 616 3344 tempta
638 3260 733 3323 domo
759 3266 793 3323 et
820 3260 1006 3345 parentibus
1035 3267 1093 3324 aut
1121 3260 1228 3323 liberis
1257 3258 1345 3344 sequi
1368 3258 1540 3322 Dominum

371 3394 380 3407 ²
490 3391 582 3433 auum
604 3369 727 3447 maluit,
751 3368 819 3433 sine
841 3392 918 3454 pace
942 3377 976 3434 et
1000 3369 1067 3433 sine
1090 3368 1373 3433 communicatione
1394 3367 1542 3431 decedit?

492 3480 605 3545 Nonne
634 3480 726 3545 nobis
751 3481 799 3544 vel
829 3479 1022 3566 negligentia
1052 3479 1156 3564 segnis
1183 3479 1230 3542 vel
1257 3478 1377 3542 duritia
1406 3477 1541 3541 crudelis
1550 3501 1587 3560 25

490 3590 690 3654 adscribetur
709 3590 742 3654 in
764 3590 815 3655 die
832 3592 944 3675 judicii
966 3592 1051 3677 quod
1074 3597 1220 3675 pastores
1241 3589 1380 3653 creditas
1401 3596 1435 3653 et
1457 3610 1541 3652 oom-

491 3701 604 3761 misaas
626 3699 718 3763 nobis
739 3721 813 3764 oves
833 3722 890 3765 nec
908 3724 1020 3766 curare
1043 3703 1074 3765 in
1098 3723 1175 3786 paee
1198 3722 1256 3764 neo
1275 3699 1309 3762 in
1327 3699 1395 3763 acie
1409 3697 1541 3763 volueri·

491 3827 562 3869 mus
576 3809 722 3871 armaret
766 3807 884 3880 Nonne
903 3811 1066 3895 ingeretur
1084 3811 1176 3875 nobis
1189 3808 1365 3874 aDomino
1381 3809 1465 3892 quod
1483 3829 1541 3892 per

492 3916 682 3999 prophetam
703 3938 795 3979 suum
817 3917 934 3982 clamat
956 3928 991 3983 et
1010 3919 1104 3984 dicit:
1135 3922 1231 3983 ιἘοοθ
1249 3918 1297 3982 lac
1320 3918 1492 3981 mantia
1514 3927 1542 3981 at

492 4020 574 4085 braia
601 4044 651 4085 cos
679 4022 789 4106 topitb,
817 4034 846 4087 et
873 4026 954 4109 qaod
981 4048 1115 4090 croatam
1143 4036 1185 4092 eat
1213 4027 1394 4110 interficitis,
1423 4036 1450 4090 et
1477 4048 1590 4106 ooee30

492 4154 573 4196 awos
594 4154 653 4196 aoa
671 4134 813 4218 pascitis,
835 4135 916 4220 qaod
935 4137 1125 4219 infirmatam
1146 4148 1189 4200 eat
1211 4159 1270 4201 aaa
1292 4138 1493 4221 confortatae,
1514 4148 1541 4202 a

491 4242 573 4325 qaod
596 4241 673 4305 mala
695 4241 801 4306 babuit
825 4266 884 4307 aaa
908 4244 1128 4322 anaema,
1153 4257 1180 4310 ct
1204 4247 1284 4332 qaod
1310 4245 1541 4311 contribulatam

491 4361 533 4414 eat
554 4374 612 4415 acia
633 4353 847 4432 consolidastis,
863 4365 890 4418 ot
906 4357 988 4441 qaod
1007 4355 1129 4421 enabat
1149 4379 1209 4420 aaa
1229 4357 1397 4436 revocastis,
1414 4367 1441 4422 at
1462 4358 1543 4443 qaod

624 4594 742 4643 antarta.
755 4611 778 4642 x.
795 4611 831 4658 19,
845 4610 883 4645 aa
1061 4610 1074 4637 ⁰
1087 4598 1174 4648 Erech.
1187 4599 1269 4647 xxxiv.
1282 4598 1356 4659 3-6.
1372 4613 1408 4646 ιο.
