3700 5667
554 667 604 730 IN
630 668 859 731 CONClLIA
885 669 1134 732 CAlt'l'HAG.
1307 672 1368 735 171

322 837 521 921 Stephanum
537 838 718 900 vicesimum
739 837 910 900 secundum
932 846 1005 920 post
1022 836 1153 900 Petrum
1174 837 1261 900 dicit.
1306 836 1370 900 Sed

321 938 374 1002 alii
391 938 490 1001 Petro
510 947 543 1002 et
567 938 731 1023 Stephano
751 938 877 1002 inclusis
896 947 1064 1002 numerant
1079 940 1243 1023 episcopos
1258 939 1370 1023 viginti

321 1048 355 1104 et
370 1047 517 1123 quatuor,
534 1040 588 1124 qui
604 1049 673 1103 tum
688 1040 811 1105 Olctum
828 1048 897 1103 tmu
913 1041 1106 1104 Anacletum
1122 1050 1311 1126 agnoscunt.

368 1143 404 1206 P.
420 1162 488 1224 ¹09·
501 1142 520 1205 l.
537 1159 585 1226 15.
598 1141 861 1226 aquamporlore]
879 1141 1093 1225 Septuaginta
1105 1143 1271 1207 dixerant:
1294 1147 1371 1225 ὕδωρ

323 1245 473 1326 συνέχειν.
504 1245 602 1329 Apud
636 1244 772 1307 llclsam.
808 1253 841 1308 et
878 1245 1038 1308 Zonaram
1074 1245 1202 1328 legitur,
1233 1252 1369 1327 σνσχεῖν.

325 1346 423 1429 Apud
440 1345 560 1409 Tertul.
568 1345 722 1429 socierum
741 1345 801 1408 sthi
822 1346 905 1409 droca
925 1346 1074 1422 contritos,
1091 1347 1144 1431 qai
1158 1368 1216 1411 nort
1230 1354 1373 1431 potcraat

323 1468 435 1530 aquam
449 1447 606 1509 continere.
630 1445 800 1508 chsnmus
814 1468 834 1508 a
850 1445 939 1508 Fello
953 1445 1079 1508 allatus.

369 1548 452 1611 Ibid.
472 1547 493 1610 l.
513 1550 562 1610 16.
587 1546 631 1610 Ab
654 1570 737 1634 aqua
762 1546 879 1632 alieno]
912 1547 993 1611 Haec
1019 1548 1140 1613 frustra
1170 1547 1246 1611 alibi
1276 1570 1372 1632 quam

324 1650 356 1712 in
372 1650 495 1713 Graecis
515 1651 747 1735 exemplaribus
766 1659 960 1734 quaeruntur.
985 1650 1117 1714 Faunus.
1161 1651 1373 1715 Additamen-

325 1756 394 1813 tum
409 1758 458 1815 est
474 1758 532 1815 τῶν
547 1751 581 1815 ο’.
598 1753 639 1816 ad
654 1752 749 1815 finem
764 1753 877 1837 capitis
893 1753 967 1815 noni
982 1752 1176 1816 Proverb'et
1191 1773 1373 1836 quanquam

323 1853 462 1918 adedit.
484 1853 697 1918 Oxon.ora1n
718 1854 805 1918 locus
828 1855 908 1919 alius
931 1855 1096 1940 aliquanto
1118 1855 1229 1919 similis
1250 1856 1283 1918 in
1303 1877 1375 1940 cap,

326 1955 365 2020 vi.
384 1975 435 2036 24.
454 1957 570 2037 (verius
590 1967 674 2021 esset
689 1981 717 2020 v.
739 1959 801 2041 15.)
817 1957 964 2022 Proccrl.
981 1959 1125 2042 signatus
1139 1967 1199 2033 est,
1216 1958 1375 2022 diversum

325 2058 401 2143 quid
421 2060 556 2123 sensisse
571 2060 611 2123 de
625 2060 730 2123 verbis
744 2061 871 2124 videtur
885 2061 1087 2125 doctissimus
1107 2060 1220 2136 editor,
1237 2060 1290 2144 qni
1306 2060 1375 2124 nul·

325 2161 389 2224 lum
416 2161 590 2245 Scriptmae
616 2162 720 2225 locum
748 2163 898 2248 apposuit
926 2164 968 2226 ad
994 2163 1063 2227 haeo
1090 2164 1201 2227 eadem
1223 2163 1321 2226 verba
1342 2161 1376 2225 in

329 2263 482 2348 Suffragia
499 2286 529 2325 v.
549 2263 690 2328 coneum
710 2286 765 2328 vn.
789 2266 874 2349 quod
896 2287 972 2329 mox
994 2265 1147 2349 sequitur.
1193 2264 1308 2329 Posuit
1330 2264 1377 2328 in·

327 2372 416 2429 terea
438 2365 481 2429 ad
505 2366 601 2428 verba
623 2365 656 2427 in
676 2365 854 2429 Proverbiis
875 2367 1110 2442 antecedentia,
1130 2369 1210 2431 Οὔτε
1234 2370 1291 2448 γὰρ
1313 2372 1375 2430 δισ-

327 2466 410 2553 βήσῃ
430 2470 505 2548 ὕδωρ
523 2469 695 2546 ἀλλότριον,
715 2468 863 2531 Clemens
880 2468 974 2531 Alex.
992 2468 1024 2531 in
1046 2471 1156 2532 Strom.
1173 2468 1226 2531 lib.
1242 2468 1265 2533 i.
1280 2490 1306 2532 c.
1325 2489 1374 2553 19.

328 2568 405 2631 -rd
424 2568 582 2647 βάπτισμα
601 2568 634 2630 τὸ
656 2569 812 2648 αἱρετικὸν,
835 2569 888 2631 οὐκ
907 2572 1019 2632 οἰκεῖον
1042 2571 1090 2632 καὶ
1110 2569 1236 2650 γνήσιον
1257 2577 1377 2650 λογιζο-

327 2668 411 2748 μένη.
443 2669 507 2733 Hic
530 2670 610 2732 bene
633 2678 710 2733 nota
730 2670 901 2735 Clementis
923 2669 986 2732 fine
1009 2670 1114 2733 sacculi
1137 2670 1266 2733 secundi
1288 2677 1322 2734 et
1343 2669 1378 2733 in

330 2771 474 2856 AEgypto
493 2772 659 2835 scribentis
679 2772 859 2856 opinionem
879 2773 919 2836 de
934 2773 1084 2836 haeretico
1099 2772 1279 2857 baptisn103
1304 2792 1378 2835 ean·

329 2873 463 2957 demque
473 2875 512 2936 de
522 2873 768 2937 Meletianorum
778 2873 938 2958 baptismo
948 2873 1201 2936 Alexandrinum
1211 2873 1378 2958 praesulem

330 2973 462 3038 Petrum
483 2975 663 3060 amplexum
686 2997 755 3038 esse
777 2975 978 3051 sententiam,
1000 2982 1129 3041 constat
1151 2997 1190 3038 ex
1212 2974 1378 3039 Sozomeni

329 3077 381 3142 lib.
398 3079 429 3142 ii.
447 3079 532 3142 Hist.
548 3079 631 3142 Eccl.
649 3101 716 3163 cap.
735 3097 785 3161 25.

374 3181 458 3244 lbid.
474 3181 495 3244 l.
516 3182 562 3244 18.
579 3181 724 3245 mundari
739 3187 773 3244 et
793 3179 982 3244 sanctificari
998 3180 1126 3265 aquam]
1143 3180 1303 3243 Formulae
1318 3179 1379 3244 illae

330 3283 485 3367 liturgicae
507 3284 621 3367 quibus
643 3284 799 3346 clementa
819 3290 1091 3348 sacramentorum
1107 3284 1148 3346 ad
1163 3304 1239 3345 usus
1260 3282 1380 3346 divino·

331 3407 402 3450 rum
425 3385 647 3470 mysteriorum
673 3393 883 3469 separantur;
912 3384 986 3447 hino
1011 3391 1045 3449 et
1070 3383 1197 3447 aliunde
1222 3391 1381 3468 apparent

331 3511 395 3552 non
418 3497 485 3554 tam
507 3509 635 3571 nnperoe
659 3509 736 3558 esse,
758 3508 852 3570 quam
875 3488 1056 3550 Novatores
1079 3486 1139 3549 sibi
1161 3495 1195 3550 et
1217 3485 1288 3548 aliis
1310 3507 1382 3570 per·

331 3592 466 3655 suadere
480 3598 641 3674 satagunt.
668 3589 800 3651 Fames.

379 3692 463 3754 lbid.
482 3691 503 3753 l.
520 3712 572 3776 30.
598 3690 661 3754 Sed
682 3699 715 3754 ot
738 3690 807 3774 ipsa
827 3689 1050 3774 interrogatio]
1069 3690 1154 3752 Dum
1175 3689 1382 3774 nwrpilomar,

333 3795 437 3879 inquit
469 3793 692 3868 Tertullianus,
724 3792 857 3876 αιτιρῐὶιιε
889 3792 1015 3876 aliquid
1048 3791 1262 3875 respondentes,
1292 3813 1384 3878 quom

334 3897 483 3960 Dominus
512 3896 546 3959 ι’νι
571 3894 739 3976 anopelio
769 3894 993 3969 decorticavit,
1022 3892 1075 3956 scd
1105 3894 1263 3957 Antistiae
1291 3916 1385 3958 νισιιιι

332 4009 540 4062 cmrtestomur.
566 3997 735 4058 amanus
751 4018 771 4058 a
786 3995 877 4058 Fello
892 3995 1018 4059 allatus.

378 4100 461 4164 Ibid.
476 4100 496 4163 l.
515 4118 568 4183 32.
585 4098 786 4161 retrusionem
795 4105 988 4180 peccalorum
996 4118 1057 4180 per
1070 4105 1207 4159 saonam
1221 4092 1384 4177 ecclesiam]

335 4200 564 4285 Apostolorum
590 4197 774 4282 Symbolum
801 4216 983 4278 quanquam
1009 4194 1041 4257 in
1072 4196 1218 4257 omnibus
1247 4191 1386 4256 ecclesiis

333 4303 483 4380 obtinuit,
509 4301 541 4364 in
565 4299 696 4384 singulis
720 4299 798 4372 fere,
826 4298 1093 4383 quemadmodum
1117 4318 1137 4359 a
1161 4295 1288 4359 Ituffino
1311 4292 1387 4356 olim

333 4406 549 4481 observatum,
578 4402 779 4488 aliquatenus
804 4401 972 4464 variabatz
1007 4400 1192 4462 Africanam
1224 4394 1388 4460 ecclesiam

334 4507 394 4570 hoc
418 4506 513 4569 modo
537 4504 689 4568 articulos
713 4503 808 4565 hosce
831 4500 1023 4584 concepisse,
1046 4521 1085 4562 ex
1108 4498 1261 4583 Cypriani
1284 4496 1388 4560 verbis

331 4608 412 4672 satis
432 4608 559 4672 videtur
577 4614 745 4677 constar03
771 4603 849 4689 ipsa
866 4601 979 4685 inquit,
997 4599 1192 4684 intorroqctio
1212 4620 1280 4683 qaoe
1293 4599 1336 4680 fit
1354 4597 1389 4659 ι’νν

835 4728 851 4768 Ζ
868 4724 885 4770 2
