3700 5667
477 682 543 746 sla
775 675 1024 753 RELIQUIAE
1051 672 1228 736 SACRAE.

530 848 568 903 Et
579 852 644 923 post
659 844 728 903 alic.
759 844 820 917 (Ita
835 841 953 901 Leontii
969 841 1112 919 interpres
1127 838 1271 911 latinus.)

528 965 605 1044 Καί
619 998 674 1044 τοι
692 966 819 1068 φησὶν,
832 961 882 1061 μὴ
901 962 965 1042 δύο
982 961 1202 1041 ἐπίστασθαι
1221 958 1326 1043 υἱούς·
1357 964 1387 1037 εί
1401 957 1441 1037 δὲ
1457 960 1537 1044 υίὸς

477 1104 498 1180 ὁ
516 1101 658 1200 Ἰησοῦς
676 1096 839 1200 Χριστὸς
856 1106 920 1177 τοῦ
940 1101 1046 1193 Θεοῦ,
1061 1093 1135 1180 υἱὸς
1152 1093 1190 1173 δὲ
1208 1097 1267 1173 καὶ
1284 1094 1306 1193 ἡ
1326 1095 1454 1199 σοφία,
1471 1097 1536 1174 καὶ

477 1235 573 1313 ἄλλο
601 1231 667 1331 μὲν
694 1234 716 1332 ἡ
745 1233 871 1338 σοφία,
900 1231 999 1310 ἄλλο
1027 1227 1065 1309 δὲ
1091 1230 1234 1328 Ἰησοῦς
1261 1225 1435 1331 Χριστὸς,
1464 1230 1535 1309 δύο

476 1370 693 1475 ὑφίστανται
711 1367 816 1450 vietis.
853 1366 958 1465 (νίοί
975 1379 1102 1437 Latinus
1116 1361 1294 1468 Interprcs.)
1544 1407 1562 1467 5

528 1522 565 1578 El
577 1528 687 1600 postea.
719 1518 780 1590 (Ito
794 1519 912 1577 Leontii
927 1519 1095 1596 interpres.)

531 1638 610 1739 Τὴν
637 1637 675 1717 δὲ
702 1639 901 1744 συναφείαν
926 1636 1052 1738 ἑτέρως
1078 1635 1169 1740 πρὸς
1197 1635 1263 1736 τὴν
1290 1638 1427 1741 σοφίαν
1455 1635 1531 1716 νόει

477 1779 551 1886 (for.
567 1788 681 1869 legend.
703 1774 798 1881 νοεῖ)
825 1770 916 1852 κατὰ
943 1770 1103 1870 μάθησιν
1131 1775 1191 1851 καὶ
1215 1772 1420 1870 μετουσίαν,
1445 1772 1530 1875 οὐχὶ

474 1913 601 1992 οὐσίαν
621 1908 841 2009 οὖσιωμέιην
858 1911 897 1988 ἐν
914 1907 1072 2007 σώματι.

526 2062 585 2125 Kal
598 2058 664 2140 μεθ’
681 2056 779 2140 ἕτερα.
1544 2090 1578 2129 10

530 2191 627 2268 Οὔτε
657 2186 696 2268 δὲ
724 2194 797 2266 τῶν
827 2187 1061 2286 ἀνθρωπίνων
1092 2184 1368 2288 προηγουμένως
1396 2190 1528 2263 παθῶν

473 2323 647 2425 ἀμέτοχος
671 2319 715 2420 ἦν
742 2323 762 2399 ὁ
788 2319 948 2428 φορίσας
974 2324 1032 2400 καὶ
1058 2319 1294 2419 ἐνδυσάμενος
1320 2317 1363 2399 τὸ
1385 2319 1526 2421 ἀνθρώ-

471 2493 576 2538 πινον
588 2454 690 2540 Θεός·
710 2459 791 2536 οὔτε
801 2463 874 2537 τῶν
886 2457 989 2537 θείων
1001 2454 1278 2557 προηγουμένως
1292 2456 1407 2556 ἔργων
1420 2454 1526 2552 ὅμοι-

471 2626 537 2695 μον
554 2589 596 2672 τὸ
615 2591 848 2695 ἀνθρώπινον,
867 2593 904 2669 ἐν
925 2587 955 2697 ᾧ
978 2586 1033 2687 ἦν,
1052 2592 1111 2668 καὶ
1134 2591 1176 2668 δι’
1197 2591 1239 2668 οὗ
1263 2599 1377 2668 ταῦτα
1399 2589 1522 2668 ἐποίει.

472 2725 642 2826 ἐπλάσθη
665 2726 940 2828 προηγουμένως
958 2727 1006 2807 ὡς
1025 2723 1212 2825 ἅνθρωπος
1229 2726 1267 2803 ἐν
1284 2725 1429 2827 γαστρί·
1464 2728 1524 2803 καὶ
1539 2758 1572 2816 ¹5

473 2858 564 2939 κατὰ
586 2857 748 2960 δεύτερον
772 2858 885 2959 λόγον
910 2855 1004 2940 Θεὸς
1029 2854 1075 2955 ἦν
1099 2859 1137 2936 ἐν
1163 2862 1297 2960 γαστρὶ
1314 2892 1519 2937 συνουσιω·

471 2992 575 3089 μένος
595 2996 647 3097 τῷ
665 2993 887 3098 ἀνθρωπίνῳ.
930 3006 1003 3064 llaec
1017 3017 1120 3066 extant
1134 3007 1212 3086 apud
1224 3009 1381 3067 Leontium
1397 3010 1521 3087 Byzant.

471 3126 524 3186 lib.
540 3127 582 3184 iii.
597 3126 667 3185 ccv.
685 3125 872 3185 Nestorianos
893 3135 918 3186 el
942 3127 1148 3206 Eutychianos,
1169 3147 1205 3186 ex
1228 3126 1336 3185 Codice
1359 3126 1522 3186 Bodleiano

472 3232 594 3311 prolata.

507 3517 544 3573 Et
555 3527 616 3588 post
628 3518 687 3572 alia.
1058 3517 1093 3571 Et
1105 3526 1165 3587 post
1177 3520 1236 3572 alia.
1533 3536 1571 3574 ao

513 3589 559 3647 Ac
571 3590 682 3656 dicunt,
693 3609 750 3646 non
762 3609 824 3647 esse
836 3590 908 3648 duos
919 3589 969 3647 Fi·
1063 3589 1169 3665 Neque
1181 3592 1273 3661 Dens,
1284 3592 1334 3669 qni
1346 3613 1452 3671 corpus
1466 3594 1521 3650 lrn-

472 3670 536 3728 lios.
580 3670 612 3725 Si
632 3679 730 3726 antem
746 3669 840 3726 Filius
857 3683 900 3728 est
915 3671 969 3728 Dei
1021 3689 1139 3727 nrannm
1171 3671 1283 3729 ferebat
1314 3684 1344 3730 et
1373 3673 1519 3738 induerat,

471 3749 560 3807 Jesus
571 3748 717 3815 Christus,
735 3748 828 3806 Filius
843 3768 910 3807 vero
925 3761 970 3807 et-
1022 3749 1186 3828 passionnm
1202 3752 1392 3810 humanarum
1412 3753 1520 3832 princi·

471 3829 529 3885 iam
544 3826 705 3904 sapientia;
728 3838 758 3884 et
772 3827 851 3885 alind
866 3841 910 3886 est
925 3850 970 3887 ss-
1020 3829 1125 3907 paliter
1135 3850 1239 3908 expers
1249 3845 1330 3902 ernt;
1353 3854 1519 3910 neqnecor-

471 3907 591 3986 pientia,
610 3917 640 3964 et
660 3905 739 3964 aliud
760 3906 848 3966 Jesus
870 3909 968 3969 Chris·
1022 3930 1076 3988 pus
1094 3911 1252 3968 humanum
1271 3913 1435 3971 divinorum
1450 3934 1519 3989 ope·
1532 3938 1548 3976 a
1552 3937 1569 3995 5

470 3998 539 4046 tus:
563 3986 621 4045 dno
635 3998 704 4044 sunt
720 3986 799 4044 Filii.
1021 4010 1085 4046 rum
1108 3991 1308 4069 principaliter
1331 4014 1435 4072 expers
1457 4006 1521 4053 erat

507 4070 542 4124 Et
553 4077 657 4140 postea.
1022 4070 1052 4126 in
1067 4090 1111 4135 eo,
1123 4071 1154 4127 in
1168 4091 1227 4148 quo
1241 4085 1313 4140 erat,
1326 4085 1355 4132 et
1371 4094 1422 4151 per
1432 4095 1520 4151 quem

512 4141 735 4222 Copulationem
751 4163 819 4201 vero
838 4165 903 4202 cnm
923 4168 968 4205 sa·
1020 4150 1080 4208 hnc
1095 4171 1182 4228 opera
1197 4152 1330 4212 faciebat.
1365 4154 1522 4213 Formstus

470 4223 582 4303 pientia
605 4222 689 4281 aliter
711 4223 842 4301 intellige
866 4246 970 4285 secun·
1020 4242 1063 4288 est
1091 4232 1290 4310 principaliter
1314 4246 1347 4292 nt
1375 4235 1462 4291 homo
1490 4236 1520 4291 in

471 4303 542 4361 dum
561 4302 741 4382 disciplinam
762 4315 793 4363 et
813 4307 967 4384 participa·
1020 4322 1142 4381 ventre;
1165 4324 1195 4370 et
1209 4314 1381 4372 secundario
1393 4315 1475 4373 Dens
1488 4336 1520 4373 e·
1532 4341 1572 4397 30

471 4383 591 4449 tionem,
611 4403 669 4440 non
690 4396 786 4443 nutem
809 4386 968 4445 secundnm
1020 4401 1065 4448 rat
1084 4392 1115 4447 in
1134 4404 1235 4451 ventre
1254 4401 1463 4465 σννουσιωμίνος
1482 4401 1521 4471 τῷ

471 4463 660 4521 substantiam
681 4463 710 4520 in
729 4484 848 4544 corpore
861 4465 969 4526 forma·
1018 4472 1177 4550 ἀνθρωπίνῳ,
1189 4473 1219 4531 id
1233 4484 1288 4542 est,
1300 4475 1434 4554 copulata
1447 4477 1517 4535 sub-

471 4550 540 4599 tam.
1020 4554 1127 4609 stantia
1141 4555 1204 4631 ejus
1218 4575 1283 4612 cum
1298 4556 1425 4614 homine.
