3700 5667
493 645 558 706 140
829 642 1149 706 ANNOTA'PION
1155 643 1207 706 Es

495 808 574 872 Vide
598 808 828 873 Tertullianum
852 808 884 873 in
909 809 990 874 libro
1019 810 1058 874 de
1083 808 1251 894 Baptismo
1277 815 1310 873 et
1336 807 1369 871 in
1392 809 1474 872 libro
1500 811 1540 872 de

492 909 663 974 Pudicitia.
708 911 820 975 Passio
843 919 1027 975 sanctarum
1056 912 1223 996 Perpetuae
1247 917 1281 974 et
1306 909 1495 987 Felicitatis,
1518 933 1540 975 a

489 1012 635 1096 saepsisse
655 1011 694 1076 at
713 1011 862 1077 obstetrice
880 1013 925 1076 ad
942 1013 1104 1076 retiarium
1123 1012 1227 1076 detera
1240 1021 1309 1097 past
1321 1021 1451 1096 pastam
1469 1011 1541 1097 bap

491 1114 578 1177 tisino
591 1114 723 1179 seeum
769 1116 850 1180 Vide
873 1116 1129 1180 dissertationem
1155 1135 1203 1200 13.
1228 1114 1359 1178 Hernici
1377 1115 1541 1192 Dodwelli,

493 1240 564 1302 quae
578 1224 628 1282 est
643 1219 682 1282 de
697 1220 835 1283 secundo
849 1219 994 1304 martyrii
1010 1219 1177 1302 baptismo.
1210 1218 1376 1281 Binnzrus.

538 1320 575 1383 P.
590 1323 642 1404 96.
666 1321 686 1385 l.
705 1340 753 1407 23.
778 1330 836 1387 aut
857 1320 976 1405 liberis]
1008 1321 1111 1406 Vulgo
1138 1344 1176 1384 oe
1205 1319 1315 1385 edent.
1362 1320 1539 1385 Mutavissc

492 1422 682 1508 particulam
703 1444 754 1487 ms
772 1424 853 1488 scias
876 1447 915 1488 ex
937 1424 1083 1487 omnibus
1102 1432 1221 1508 praetcr
1236 1445 1332 1486 unum
1348 1423 1387 1486 de
1401 1422 1440 1485 iis
1455 1422 1539 1486 codi-
1562 1480 1565 1487 .

492 1525 591 1602 cibus,
612 1525 727 1610 quibus
746 1527 792 1590 nti
808 1526 884 1590 mihi
899 1526 1006 1602 licuit;
1030 1527 1177 1590 firmante
1192 1546 1316 1609 quoque
1332 1525 1364 1587 S.
1379 1524 1539 1588 Matthaeo

493 1649 557 1689 ιιιιι.
576 1645 626 1708 29.

536 1728 620 1792 Ibid.
637 1728 657 1791 l.
673 1748 726 1814 32.
748 1730 829 1815 quad
852 1729 1083 1794 eontridadstam
1105 1739 1147 1794 est
1168 1751 1227 1792 seen
1248 1727 1463 1812 masolidastss]
1487 1727 1539 1790 Li-

491 1831 589 1895 brarii
613 1853 721 1896 vocem
745 1832 827 1896 hanc
853 1833 885 1896 in
912 1832 1032 1917 vulgari
1057 1830 1273 1896 tribulationis
1299 1831 1364 1894 sive
1389 1851 1538 1893 aerumnae

490 1936 657 2001 notatione
679 1934 919 2021 intelligebant;
944 1945 977 2001 et
1000 1935 1070 1999 ideo
1092 1935 1341 2000 consolationem
1361 1933 1472 1997 melius
1487 1954 1536 1996 ro·

490 2038 645 2123 spondere
660 2038 885 2111 crediderunt;
903 2045 1016 2102 contra
1031 2039 1111 2102 sacri
1127 2046 1237 2102 textus
1252 2046 1400 2100 mentem.
1426 2033 1537 2098 LXX.

490 2139 600 2225 legunt
616 2141 806 2220 κατεδήσατε.
851 2141 1031 2226 (lolligastis
1054 2140 1184 2205 Tertalt.
1208 2140 1340 2203 anncs.
1386 2138 1538 2202 Feldisem

489 2243 561 2308 edit.
585 2253 712 2308 secutus
736 2267 816 2321 sum,
841 2246 873 2309 in
899 2266 963 2329 qua
988 2245 1032 2308 sic
1060 2244 1245 2308 restitutum
1266 2252 1317 2308 est
1341 2264 1380 2306 ex
1405 2241 1537 2326 seriptis,

491 2346 612 2431 opinor,
636 2345 785 2411 codicibus
806 2370 864 2432 pro
886 2369 945 2411 sess
967 2346 1109 2411 ecmolati
1131 2346 1209 2423 estis,
1234 2346 1318 2430 quod
1340 2344 1461 2408 habent
1481 2343 1538 2405 im-

486 2449 586 2534 pressi
600 2454 644 2520 ct,
657 2448 771 2532 quibus
782 2471 857 2514 usus
872 2472 952 2524 sum,
967 2449 1089 2515 MSSti.
1115 2448 1303 2512 Hardninus
1315 2447 1448 2520 notavit,
1461 2447 1537 2509 Ma.

491 2543 662 2614 Societatis
686 2572 751 2614 suae
769 2552 918 2616 exhibere
937 2574 996 2616 sos
1015 2551 1157 2616 assahti
1176 2552 1252 2624 estis,
1273 2551 1328 2615 sed
1351 2547 1538 2614 memoravit

490 2651 640 2717 Baluzius
660 2651 692 2714 in
715 2653 814 2717 codiee
837 2652 996 2718 Sortosss'oo
1016 2653 1168 2738 scriptum
1193 2674 1261 2716 esse
1281 2674 1340 2715 non
1361 2650 1538 2715 consolidati

488 2755 580 2820 estis:
601 2761 634 2819 et
656 2755 689 2818 in
711 2755 818 2820 codice
839 2778 910 2821 meo
933 2757 1008 2820 olim
1030 2755 1194 2819 Dsariaac
1216 2776 1279 2818 nou
1297 2776 1390 2819 nemo
1407 2753 1537 2817 verbnm

488 2856 680 2921 emolidatis
705 2880 764 2942 pro
789 2858 931 2923 eomodsti
959 2868 1000 2922 est
1028 2858 1245 2943 reponendum
1274 2855 1407 2920 monuit.
1462 2854 1538 2917 an·

488 2965 567 3044 gata
587 2958 711 3043 Interp.
738 2959 845 3036 habet,
875 2960 956 3045 qaod
983 2962 1169 3044 confractam
1197 2969 1248 3036 est,
1278 2980 1337 3022 aon
1365 2955 1536 3021 reduvistis.

491 3059 660 3123 Oestritam
690 3070 846 3146 praestnnt
872 3061 958 3126 codd.
987 3064 1073 3126 Noni
1103 3061 1176 3124 eod.
1210 3082 1235 3125 1.
1268 3068 1301 3126 et
1328 3081 1410 3124 eneas
1435 3060 1537 3122 Mser-

488 3161 683 3226 mansiones.
790 3216 793 3222 .

534 3262 573 3325 Ρ.
590 3281 642 3348 97.
658 3263 678 3328 l.
696 3279 724 3347 7.
748 3287 878 3351 pascam
900 3289 950 3332 eas
974 3290 1041 3331 enos
1057 3267 1191 3351 judicio]
1214 3264 1359 3345 βοσκήσω
1375 3265 1448 3328 αὐτὰ
1462 3267 1538 3343 μετὰ

488 3367 637 3447 κρίματος.
683 3367 763 3433 Haec
785 3370 953 3455 desumpta
975 3377 1050 3434 sunt
1072 3393 1111 3433 ex
1138 3391 1229 3433 versu
1255 3370 1305 3431 16.
1352 3368 1426 3452 lpse
1446 3365 1536 3429 Dens
1580 3421 1582 3425 .

487 3467 619 3553 singulis
633 3469 753 3546 ovibus,
768 3457 887 3556 pascua
901 3494 960 3537 sua
975 3471 1164 3557 designabit.
1190 3470 1320 3533 annus.

534 3571 615 3634 lbid.
630 3571 650 3635 l.
671 3593 701 3655 9.
731 3574 882 3638 duritiam
911 3575 1012 3660 magis
1041 3575 1187 3638 humanae
1217 3568 1430 3654 crudelitatis]
1460 3568 1536 3653 Ipso

489 3672 594 3757 Epist.
607 3696 656 3738 nx.
680 3677 786 3759 Mapis
792 3676 993 3761 plidssoplioe
1006 3676 1151 3741 amissis
1156 3675 1314 3761 pravitate
1325 3674 1431 3748 daras,
1444 3693 1536 3757 qaam

480 3775 679 3861 philosophice
692 3779 866 3842 Deraiaieee
880 3780 1003 3844 lenitate
1013 3781 1170 3865 pacificus.
1212 3777 1370 3842 Pacianus
1386 3776 1490 3861 Epist.
1501 3798 1535 3839 ιι.

487 3877 579 3953 dixit,
596 3877 842 3943 Ismdsecralilem
852 3882 1054 3965 asperitatem,
1066 3882 1117 3946 sai
1126 3882 1250 3966 opponit
1257 3879 1396 3963 prateita
1407 3878 1537 3941 Deonias'

487 3977 575 4056 bosa,
590 3989 618 4042 et
632 3980 755 4045 scaeis
768 3982 931 4047 sternentia
945 3984 1056 4048 titulos.
1086 3984 1254 4047 Rmnnrrus
1269 4007 1289 4047 a
1305 3982 1395 4046 Fello
1409 3980 1536 4045 allatus.

533 4081 615 4147 Ibid.
629 4081 649 4144 l.
671 4103 718 4146 ιο.
734 4091 876 4168 paternae
892 4084 1023 4169 pietatis
1035 4086 1237 4173 opponimus]
1255 4086 1409 4150 Erasmus
1423 4083 1535 4160 edidit,

480 4195 620 4271 paterrsse
627 4188 755 4273 pietatis
769 4188 957 4253 dulcedinem
970 4190 1159 4274 apponimus.
1206 4190 1324 4253 Verum
1339 4210 1446 4252 vocem
1464 4186 1534 4250 dal-

486 4290 617 4353 eedinem
640 4311 699 4374 ego
725 4290 869 4375 nuspiam
893 4291 996 4376 reperi
1021 4292 1053 4354 in
1078 4291 1168 4355 libris
1192 4291 1342 4376 antiquis.
1370 4292 1534 4354 Banuzrus.

488 4390 568 4454 Oum
590 4415 665 4456 vero
686 4401 812 4458 constet
834 4416 874 4458 ex
904 4397 972 4457 Vas.
989 4395 1080 4458 Lestt.
1098 4395 1129 4456 in
1147 4394 1219 4458 edit.
1241 4395 1334 4458 Oeen.
1349 4394 1461 4479 positis
1476 4392 1534 4458 ha·

487 4490 562 4554 bere
588 4493 725 4556 Oodieem
749 4492 825 4556 cote.
849 4495 928 4558 Neo.
947 4514 974 4559 2.
997 4517 1088 4579 qaam
1109 4494 1263 4558 dulcedini
1284 4494 1414 4570 divisse,
1437 4494 1534 4556 immo

485 4612 570 4654 nunc
586 4592 721 4656 testibus
735 4593 833 4658 oculis
846 4595 925 4659 mois
939 4595 1137 4675 dulcedinem,
1151 4618 1221 4681 quse
1237 4619 1298 4660 vox
1312 4610 1347 4660 et
1362 4596 1393 4659 in
1409 4595 1533 4658 duobus
