<?xml version="1.0" encoding="UTF-8"?>
<!DOCTYPE html PUBLIC "-//W3C//DTD XHTML 1.0 Transitional//EN"
    "http://www.w3.org/TR/xhtml1/DTD/xhtml1-transitional.dtd">
<html xmlns="http://www.w3.org/1999/xhtml" xml:lang="en" lang="en">
 <head>
  <title>
</title>
<meta http-equiv="Content-Type" content="text/html;charset=utf-8" />
  <meta name='ocr-system' content='tesseract 3.04.00' />
  <meta name='ocr-capabilities' content='ocr_page ocr_carea ocr_par ocr_line ocrx_word'/>
</head>
<body>
  <div class='ocr_page' id='page_1' title='image "./reliquiaesacrae08routgoog_0038.png"; bbox 0 0 3700 5667; ppageno 0'>
   <div class='ocr_carea' id='block_1_1' title="bbox 618 2100 1216 2199">
    <p class='ocr_par' dir='ltr' id='par_1_1' title="bbox 618 2100 1216 2199">
     <span class='ocr_line' id='line_1_1' title="bbox 618 2100 1216 2199; baseline -0.005 0"><span class='ocrx_word' id='word_1_1' title='bbox 618 2100 1216 2199; x_wconf 87' lang='lat' dir='ltr'><strong>ANNOTATIONES</strong></span> 
     </span>
    </p>
   </div>
   <div class='ocr_carea' id='block_1_2' title="bbox 481 2388 1354 2474">
    <p class='ocr_par' dir='ltr' id='par_1_2' title="bbox 481 2388 1354 2474">
     <span class='ocr_line' id='line_1_2' title="bbox 481 2388 1354 2474; baseline -0.008 0"><span class='ocrx_word' id='word_1_2' title='bbox 481 2392 546 2474; x_wconf 91' lang='lat' dir='ltr'>IN</span> <span class='ocrx_word' id='word_1_3' title='bbox 577 2394 615 2473; x_wconf 88' lang='lat' dir='ltr'>S.</span> <span class='ocrx_word' id='word_1_4' title='bbox 645 2390 935 2473; x_wconf 86' lang='lat' dir='ltr'><strong>CORNELII</strong></span> <span class='ocrx_word' id='word_1_5' title='bbox 967 2388 1354 2470; x_wconf 85' lang='lat' dir='ltr'><strong>FRAGMENTA.</strong></span> 
     </span>
    </p>
   </div>
   <div class='ocr_carea' id='block_1_3' title="bbox 391 2865 1442 3567">
    <p class='ocr_par' dir='ltr' id='par_1_3' title="bbox 391 2865 1442 3567">
     <span class='ocr_line' id='line_1_3' title="bbox 435 2865 1441 2957; baseline -0.004 -24"><span class='ocrx_word' id='word_1_6' title='bbox 435 2870 474 2935; x_wconf 93' lang='lat' dir='ltr'>P.</span> <span class='ocrx_word' id='word_1_7' title='bbox 490 2874 540 2935; x_wconf 89' lang='lat'>16.</span> <span class='ocrx_word' id='word_1_8' title='bbox 554 2871 574 2934; x_wconf 93' lang='lat' dir='ltr'>l.</span> <span class='ocrx_word' id='word_1_9' title='bbox 584 2889 615 2955; x_wconf 85' lang='lat'>5.</span> <span class='ocrx_word' id='word_1_10' title='bbox 632 2871 778 2956; x_wconf 80' lang='lat' dir='ltr'>Epistola</span> <span class='ocrx_word' id='word_1_11' title='bbox 792 2874 835 2938; x_wconf 91' lang='lat' dir='ltr'>ad</span> <span class='ocrx_word' id='word_1_12' title='bbox 850 2873 882 2937; x_wconf 90' lang='lat' dir='ltr'>S.</span> <span class='ocrx_word' id='word_1_13' title='bbox 894 2870 1104 2957; x_wconf 80' lang='lat' dir='ltr'>cyprianum]</span> <span class='ocrx_word' id='word_1_14' title='bbox 1122 2872 1204 2933; x_wconf 86' lang='lat' dir='ltr'>Haee</span> <span class='ocrx_word' id='word_1_15' title='bbox 1221 2865 1360 2932; x_wconf 87' lang='lat' dir='ltr'>Cornelii</span> <span class='ocrx_word' id='word_1_16' title='bbox 1375 2866 1441 2950; x_wconf 90' lang='lat' dir='ltr'>epi·</span> 
     </span>
     <span class='ocr_line' id='line_1_4' title="bbox 392 2968 1441 3059; baseline -0.007 -22"><span class='ocrx_word' id='word_1_17' title='bbox 392 2972 484 3049; x_wconf 87' lang='lat' dir='ltr'>stola,</span> <span class='ocrx_word' id='word_1_18' title='bbox 509 2994 580 3056; x_wconf 86' lang='lat' dir='ltr'>quae</span> <span class='ocrx_word' id='word_1_19' title='bbox 607 2972 743 3057; x_wconf 81' lang='lat' dir='ltr'>Anglieo</span> <span class='ocrx_word' id='word_1_20' title='bbox 769 2974 803 3037; x_wconf 92' lang='lat' dir='ltr'>S.</span> <span class='ocrx_word' id='word_1_21' title='bbox 827 2974 977 3059; x_wconf 77' lang='lat' dir='ltr'>Cypriani</span> <span class='ocrx_word' id='word_1_22' title='bbox 1004 2970 1172 3057; x_wconf 81' lang='lat' dir='ltr'><strong>interpreti</strong></span> <span class='ocrx_word' id='word_1_23' title='bbox 1201 2969 1239 3033; x_wconf 87' lang='lat' dir='ltr'>ol.</span> <span class='ocrx_word' id='word_1_24' title='bbox 1264 2968 1441 3032; x_wconf 86' lang='lat' dir='ltr'>Marshallo</span> 
     </span>
     <span class='ocr_line' id='line_1_5' title="bbox 392 3071 1441 3160; baseline -0.005 -23"><span class='ocrx_word' id='word_1_25' title='bbox 392 3074 504 3138; x_wconf 87' lang='lat' dir='ltr'>addita</span> <span class='ocrx_word' id='word_1_26' title='bbox 525 3073 622 3138; x_wconf 81' lang='lat' dir='ltr'>fuisse</span> <span class='ocrx_word' id='word_1_27' title='bbox 640 3074 766 3139; x_wconf 85' lang='lat' dir='ltr'>videtur</span> <span class='ocrx_word' id='word_1_28' title='bbox 788 3082 943 3160; x_wconf 80' lang='lat' dir='ltr'><strong>tanquam</strong></span> <span class='ocrx_word' id='word_1_29' title='bbox 966 3072 1175 3160; x_wconf 85' lang='lat' dir='ltr'>appendicula</span> <span class='ocrx_word' id='word_1_30' title='bbox 1199 3071 1341 3155; x_wconf 86' lang='lat' dir='ltr'>epistolae</span> <span class='ocrx_word' id='word_1_31' title='bbox 1365 3092 1441 3133; x_wconf 87' lang='lat' dir='ltr'>mox</span> 
     </span>
     <span class='ocr_line' id='line_1_6' title="bbox 392 3172 1442 3262; baseline -0.004 -22"><span class='ocrx_word' id='word_1_32' title='bbox 392 3183 558 3254; x_wconf 78' lang='lat' dir='ltr'>secutura,</span> <span class='ocrx_word' id='word_1_33' title='bbox 587 3176 616 3240; x_wconf 90' lang='lat' dir='ltr'>ei</span> <span class='ocrx_word' id='word_1_34' title='bbox 641 3178 791 3262; x_wconf 83' lang='lat' dir='ltr'><strong>postponi</strong></span> <span class='ocrx_word' id='word_1_35' title='bbox 819 3177 911 3242; x_wconf 88' lang='lat' dir='ltr'>solet.</span> <span class='ocrx_word' id='word_1_36' title='bbox 956 3179 1036 3243; x_wconf 82' lang='lat' dir='ltr'>Cum</span> <span class='ocrx_word' id='word_1_37' title='bbox 1058 3196 1133 3239; x_wconf 89' lang='lat' dir='ltr'>vero</span> <span class='ocrx_word' id='word_1_38' title='bbox 1157 3172 1255 3257; x_wconf 87' lang='lat' dir='ltr'>priori</span> <span class='ocrx_word' id='word_1_39' title='bbox 1276 3172 1346 3236; x_wconf 87' lang='lat' dir='ltr'>loco</span> <span class='ocrx_word' id='word_1_40' title='bbox 1369 3194 1442 3236; x_wconf 86' lang='lat' dir='ltr'>eam</span> 
     </span>
     <span class='ocr_line' id='line_1_7' title="bbox 392 3273 1441 3357; baseline -0.005 -14"><span class='ocrx_word' id='word_1_41' title='bbox 392 3279 608 3343; x_wconf 79' lang='lat' dir='ltr'>collocandam</span> <span class='ocrx_word' id='word_1_42' title='bbox 625 3301 693 3342; x_wconf 91' lang='lat' dir='ltr'>esse</span> <span class='ocrx_word' id='word_1_43' title='bbox 715 3279 883 3357; x_wconf 80' lang='lat' dir='ltr'>consuerit,</span> <span class='ocrx_word' id='word_1_44' title='bbox 899 3286 937 3343; x_wconf 87' lang='lat' dir='ltr'>ut</span> <span class='ocrx_word' id='word_1_45' title='bbox 952 3276 1080 3353; x_wconf 87' lang='lat' dir='ltr'>videbis,</span> <span class='ocrx_word' id='word_1_46' title='bbox 1098 3277 1215 3339; x_wconf 86' lang='lat' dir='ltr'>Petrus</span> <span class='ocrx_word' id='word_1_47' title='bbox 1231 3273 1441 3338; x_wconf 77' lang='lat' dir='ltr'>Constantius</span> 
     </span>
     <span class='ocr_line' id='line_1_8' title="bbox 392 3375 1440 3468; baseline -0.006 -24"><span class='ocrx_word' id='word_1_48' title='bbox 392 3380 425 3444; x_wconf 90' lang='lat' dir='ltr'>in</span> <span class='ocrx_word' id='word_1_49' title='bbox 440 3383 647 3445; x_wconf 67' lang='lat' dir='ltr'>nemeaea</span> <span class='ocrx_word' id='word_1_50' title='bbox 662 3380 851 3468; x_wconf 73' lang='lat' dir='ltr'>Pontificum</span> <span class='ocrx_word' id='word_1_51' title='bbox 865 3381 1025 3465; x_wconf 78' lang='lat' dir='ltr'>Epistolis,</span> <span class='ocrx_word' id='word_1_52' title='bbox 1042 3386 1210 3461; x_wconf 90' lang='lat' dir='ltr'>utramque</span> <span class='ocrx_word' id='word_1_53' title='bbox 1225 3383 1333 3440; x_wconf 84' lang='lat' dir='ltr'>tamen</span> <span class='ocrx_word' id='word_1_54' title='bbox 1348 3375 1440 3440; x_wconf 92' lang='lat' dir='ltr'>simul</span> 
     </span>
     <span class='ocr_line' id='line_1_9' title="bbox 391 3476 1441 3567; baseline -0.006 -21"><span class='ocrx_word' id='word_1_55' title='bbox 391 3483 521 3547; x_wconf 86' lang='lat' dir='ltr'>misaam</span> <span class='ocrx_word' id='word_1_56' title='bbox 547 3483 643 3546; x_wconf 86' lang='lat' dir='ltr'>luisse</span> <span class='ocrx_word' id='word_1_57' title='bbox 665 3489 822 3559; x_wconf 88' lang='lat' dir='ltr'>statuens,</span> <span class='ocrx_word' id='word_1_58' title='bbox 842 3482 928 3567; x_wconf 93' lang='lat' dir='ltr'>quod</span> <span class='ocrx_word' id='word_1_59' title='bbox 949 3488 983 3545; x_wconf 86' lang='lat' dir='ltr'>ot</span> <span class='ocrx_word' id='word_1_60' title='bbox 1005 3476 1286 3564; x_wconf 85' lang='lat' dir='ltr'>praestantissimus</span> <span class='ocrx_word' id='word_1_61' title='bbox 1307 3477 1441 3560; x_wconf 88' lang='lat' dir='ltr'>Cypria-</span> 
     </span>
    </p>
   </div>
   <div class='ocr_carea' id='block_1_4' title="bbox 392 3579 1441 3760">
    <p class='ocr_par' dir='ltr' id='par_1_4' title="bbox 392 3579 1441 3760">
     <span class='ocr_line' id='line_1_10' title="bbox 393 3579 1438 3662; baseline -0.003 -15"><span class='ocrx_word' id='word_1_62' title='bbox 393 3585 482 3647; x_wconf 86' lang='lat' dir='ltr'>nious</span> <span class='ocrx_word' id='word_1_63' title='bbox 499 3582 659 3646; x_wconf 80' lang='lat' dir='ltr'>annalista</span> <span class='ocrx_word' id='word_1_64' title='bbox 673 3582 865 3647; x_wconf 89' lang='lat' dir='ltr'>Pearsonius</span> <span class='ocrx_word' id='word_1_65' title='bbox 885 3583 1079 3657; x_wconf 80' lang='lat' dir='ltr'>ostenderat,</span> <span class='ocrx_word' id='word_1_66' title='bbox 1096 3581 1138 3644; x_wconf 89' lang='lat' dir='ltr'>ad</span> <span class='ocrx_word' id='word_1_67' title='bbox 1157 3602 1230 3643; x_wconf 91' lang='lat' dir='ltr'>ann.</span> <span class='ocrx_word' id='word_1_68' title='bbox 1248 3596 1320 3662; x_wconf 84' lang='lat'>251.</span> <span class='ocrx_word' id='word_1_69' title='bbox 1336 3584 1358 3659; x_wconf 62' lang='grc' dir='ltr'>ξ.</span> <span class='ocrx_word' id='word_1_70' title='bbox 1375 3579 1438 3645; x_wconf 86' lang='lat' dir='ltr'>xiv.</span> 
     </span>
     <span class='ocr_line' id='line_1_11' title="bbox 392 3676 1441 3760; baseline -0.001 -19"><span class='ocrx_word' id='word_1_71' title='bbox 392 3699 465 3741; x_wconf 84' lang='lat' dir='ltr'>oum</span> <span class='ocrx_word' id='word_1_72' title='bbox 484 3677 517 3739; x_wconf 91' lang='lat' dir='ltr'>in</span> <span class='ocrx_word' id='word_1_73' title='bbox 536 3678 597 3741; x_wconf 89' lang='lat' dir='ltr'>hao</span> <span class='ocrx_word' id='word_1_74' title='bbox 620 3677 747 3760; x_wconf 87' lang='lat' dir='ltr'>quidem</span> <span class='ocrx_word' id='word_1_75' title='bbox 767 3700 802 3741; x_wconf 91' lang='lat' dir='ltr'>re</span> <span class='ocrx_word' id='word_1_76' title='bbox 824 3684 951 3742; x_wconf 80' lang='lat' dir='ltr'>secutus</span> <span class='ocrx_word' id='word_1_77' title='bbox 973 3699 1043 3740; x_wconf 89' lang='lat' dir='ltr'>sum</span> <span class='ocrx_word' id='word_1_78' title='bbox 1054 3705 1062 3749; x_wconf 87' lang='lat'>;</span> <span class='ocrx_word' id='word_1_79' title='bbox 1087 3684 1213 3741; x_wconf 87' lang='lat' dir='ltr'>textum</span> <span class='ocrx_word' id='word_1_80' title='bbox 1228 3698 1302 3740; x_wconf 88' lang='lat' dir='ltr'>vero</span> <span class='ocrx_word' id='word_1_81' title='bbox 1317 3676 1441 3740; x_wconf 77' lang='lat' dir='ltr'>Balari·</span> 
     </span>
    </p>
   </div>
   <div class='ocr_carea' id='block_1_5' title="bbox 391 3777 1441 4566">
    <p class='ocr_par' dir='ltr' id='par_1_5' title="bbox 391 3777 1441 4566">
     <span class='ocr_line' id='line_1_12' title="bbox 392 3777 1441 3855; baseline 0.001 -13"><span class='ocrx_word' id='word_1_82' title='bbox 392 3799 499 3853; x_wconf 86' lang='lat' dir='ltr'>anum,</span> <span class='ocrx_word' id='word_1_83' title='bbox 522 3777 586 3841; x_wconf 88' lang='lat' dir='ltr'>sive</span> <span class='ocrx_word' id='word_1_84' title='bbox 612 3778 839 3841; x_wconf 85' lang='lat' dir='ltr'>monachorum</span> <span class='ocrx_word' id='word_1_85' title='bbox 865 3778 1156 3855; x_wconf 86' lang='lat' dir='ltr'>Benedictinorum‚</span> <span class='ocrx_word' id='word_1_86' title='bbox 1182 3779 1216 3841; x_wconf 93' lang='lat' dir='ltr'>in</span> <span class='ocrx_word' id='word_1_87' title='bbox 1242 3779 1365 3841; x_wconf 91' lang='lat' dir='ltr'>duabus</span> <span class='ocrx_word' id='word_1_88' title='bbox 1390 3779 1441 3843; x_wconf 91' lang='lat' dir='ltr'>his</span> 
     </span>
     <span class='ocr_line' id='line_1_13' title="bbox 391 3876 1441 3965; baseline 0.004 -24"><span class='ocrx_word' id='word_1_89' title='bbox 391 3876 534 3963; x_wconf 83' lang='lat' dir='ltr'>epistolis</span> <span class='ocrx_word' id='word_1_90' title='bbox 549 3877 687 3941; x_wconf 83' lang='lat' dir='ltr'>exhibui.</span> <span class='ocrx_word' id='word_1_91' title='bbox 732 3878 858 3942; x_wconf 86' lang='lat' dir='ltr'>Prodiit</span> <span class='ocrx_word' id='word_1_92' title='bbox 878 3879 1001 3943; x_wconf 86' lang='lat' dir='ltr'>interea</span> <span class='ocrx_word' id='word_1_93' title='bbox 1016 3878 1189 3944; x_wconf 89' lang='lat' dir='ltr'>Baluziana</span> <span class='ocrx_word' id='word_1_94' title='bbox 1204 3880 1355 3965; x_wconf 86' lang='lat' dir='ltr'>Cypriani</span> <span class='ocrx_word' id='word_1_95' title='bbox 1375 3881 1441 3944; x_wconf 90' lang='lat' dir='ltr'>edi-</span> 
     </span>
     <span class='ocr_line' id='line_1_14' title="bbox 392 3979 1441 4063; baseline 0.004 -21"><span class='ocrx_word' id='word_1_96' title='bbox 392 3979 439 4043; x_wconf 86' lang='lat' dir='ltr'>tio</span> <span class='ocrx_word' id='word_1_97' title='bbox 458 3981 642 4060; x_wconf 81' lang='lat' dir='ltr'>aano1726</span> <span class='ocrx_word' id='word_1_98' title='bbox 666 3986 738 4043; x_wconf 85' lang='lat' dir='ltr'>ooto</span> <span class='ocrx_word' id='word_1_99' title='bbox 761 4000 861 4043; x_wconf 88' lang='lat' dir='ltr'>annos</span> <span class='ocrx_word' id='word_1_100' title='bbox 883 3987 957 4063; x_wconf 86' lang='lat' dir='ltr'>post</span> <span class='ocrx_word' id='word_1_101' title='bbox 972 3980 1127 4063; x_wconf 82' lang='lat' dir='ltr'>Stephani</span> <span class='ocrx_word' id='word_1_102' title='bbox 1142 3980 1262 4045; x_wconf 86' lang='lat' dir='ltr'>Baluzii</span> <span class='ocrx_word' id='word_1_103' title='bbox 1284 3989 1441 4059; x_wconf 77' lang='lat' dir='ltr'>mortom3</span> 
     </span>
     <span class='ocr_line' id='line_1_15' title="bbox 392 4080 1441 4168; baseline 0.005 -25"><span class='ocrx_word' id='word_1_104' title='bbox 392 4102 472 4164; x_wconf 90' lang='lat' dir='ltr'>opus</span> <span class='ocrx_word' id='word_1_105' title='bbox 491 4086 600 4145; x_wconf 84' lang='lat' dir='ltr'>autom</span> <span class='ocrx_word' id='word_1_106' title='bbox 619 4080 799 4145; x_wconf 71' lang='lat' dir='ltr'>Constantii</span> <span class='ocrx_word' id='word_1_107' title='bbox 818 4102 902 4144; x_wconf 89' lang='lat' dir='ltr'>anno</span> <span class='ocrx_word' id='word_1_108' title='bbox 921 4099 1013 4163; x_wconf 81' lang='lat'>1721,</span> <span class='ocrx_word' id='word_1_109' title='bbox 1030 4102 1092 4164; x_wconf 93' lang='lat' dir='ltr'>quo</span> <span class='ocrx_word' id='word_1_110' title='bbox 1116 4082 1243 4166; x_wconf 89' lang='lat' dir='ltr'>quidem</span> <span class='ocrx_word' id='word_1_111' title='bbox 1265 4103 1349 4146; x_wconf 90' lang='lat' dir='ltr'>anno</span> <span class='ocrx_word' id='word_1_112' title='bbox 1372 4083 1441 4168; x_wconf 86' lang='lat' dir='ltr'>ipse</span> 
     </span>
     <span class='ocr_line' id='line_1_16' title="bbox 392 4180 1440 4254; baseline 0.006 -12"><span class='ocrx_word' id='word_1_113' title='bbox 392 4180 459 4243; x_wconf 86' lang='lat' dir='ltr'>vita</span> <span class='ocrx_word' id='word_1_114' title='bbox 483 4180 612 4245; x_wconf 79' lang='lat' dir='ltr'>functus</span> <span class='ocrx_word' id='word_1_115' title='bbox 636 4188 686 4245; x_wconf 88' lang='lat' dir='ltr'>est</span> <span class='ocrx_word' id='word_1_116' title='bbox 711 4181 938 4254; x_wconf 57' lang='lat' dir='ltr'>Constantium</span> <span class='ocrx_word' id='word_1_117' title='bbox 963 4188 1000 4245; x_wconf 89' lang='lat' dir='ltr'>ut</span> <span class='ocrx_word' id='word_1_118' title='bbox 1025 4189 1138 4246; x_wconf 85' lang='lat' dir='ltr'>neuter</span> <span class='ocrx_word' id='word_1_119' title='bbox 1161 4181 1285 4246; x_wconf 90' lang='lat' dir='ltr'>illorum</span> <span class='ocrx_word' id='word_1_120' title='bbox 1308 4182 1440 4248; x_wconf 87' lang='lat' dir='ltr'>alterius</span> 
     </span>
     <span class='ocr_line' id='line_1_17' title="bbox 392 4279 1440 4367; baseline 0.008 -26"><span class='ocrx_word' id='word_1_121' title='bbox 392 4279 531 4343; x_wconf 90' lang='lat' dir='ltr'>editione</span> <span class='ocrx_word' id='word_1_122' title='bbox 550 4302 626 4344; x_wconf 84' lang='lat' dir='ltr'>usus</span> <span class='ocrx_word' id='word_1_123' title='bbox 645 4288 741 4344; x_wconf 87' lang='lat' dir='ltr'>esset.</span> <span class='ocrx_word' id='word_1_124' title='bbox 787 4280 973 4346; x_wconf 82' lang='lat' dir='ltr'>Gallandius</span> <span class='ocrx_word' id='word_1_125' title='bbox 994 4290 1111 4360; x_wconf 84' lang='lat' dir='ltr'>auteur,</span> <span class='ocrx_word' id='word_1_126' title='bbox 1127 4283 1182 4367; x_wconf 91' lang='lat' dir='ltr'>qui</span> <span class='ocrx_word' id='word_1_127' title='bbox 1204 4283 1237 4345; x_wconf 93' lang='lat' dir='ltr'>in</span> <span class='ocrx_word' id='word_1_128' title='bbox 1252 4281 1440 4349; x_wconf 76' lang='lat' dir='ltr'>Bibliotheca</span> 
     </span>
     <span class='ocr_line' id='line_1_18' title="bbox 392 4380 1440 4467; baseline 0.006 -26"><span class='ocrx_word' id='word_1_129' title='bbox 392 4400 451 4442; x_wconf 87' lang='lat' dir='ltr'>sua</span> <span class='ocrx_word' id='word_1_130' title='bbox 461 4380 594 4443; x_wconf 67' lang='lat' dir='ltr'>Patrae</span> <span class='ocrx_word' id='word_1_131' title='bbox 609 4380 759 4464; x_wconf 89' lang='lat' dir='ltr'>epistolas</span> <span class='ocrx_word' id='word_1_132' title='bbox 774 4381 922 4459; x_wconf 73' lang='lat' dir='ltr'>Cornelii,</span> <span class='ocrx_word' id='word_1_133' title='bbox 933 4390 967 4446; x_wconf 84' lang='lat' dir='ltr'>st</span> <span class='ocrx_word' id='word_1_134' title='bbox 982 4406 1052 4467; x_wconf 86' lang='lat' dir='ltr'>quae</span> <span class='ocrx_word' id='word_1_135' title='bbox 1066 4384 1109 4448; x_wconf 91' lang='lat' dir='ltr'>ad</span> <span class='ocrx_word' id='word_1_136' title='bbox 1124 4404 1196 4446; x_wconf 88' lang='lat' dir='ltr'>eum</span> <span class='ocrx_word' id='word_1_137' title='bbox 1211 4380 1338 4464; x_wconf 88' lang='lat' dir='ltr'>soriptae</span> <span class='ocrx_word' id='word_1_138' title='bbox 1353 4393 1440 4460; x_wconf 89' lang='lat' dir='ltr'>sunt,</span> 
     </span>
     <span class='ocr_line' id='line_1_19' title="bbox 392 4476 1437 4566; baseline 0.006 -27"><span class='ocrx_word' id='word_1_139' title='bbox 392 4476 568 4554; x_wconf 76' lang='lat' dir='ltr'>collocavit,</span> <span class='ocrx_word' id='word_1_140' title='bbox 585 4479 768 4544; x_wconf 85' lang='lat' dir='ltr'>Constantii</span> <span class='ocrx_word' id='word_1_141' title='bbox 783 4488 909 4545; x_wconf 86' lang='lat' dir='ltr'>textum</span> <span class='ocrx_word' id='word_1_142' title='bbox 924 4491 958 4547; x_wconf 85' lang='lat' dir='ltr'>at</span> <span class='ocrx_word' id='word_1_143' title='bbox 977 4492 1071 4548; x_wconf 89' lang='lat' dir='ltr'>notas</span> <span class='ocrx_word' id='word_1_144' title='bbox 1091 4480 1248 4566; x_wconf 83' lang='lat' dir='ltr'>repetivit.</span> <span class='ocrx_word' id='word_1_145' title='bbox 1296 4478 1437 4559; x_wconf 84' lang='lat' dir='ltr'>Interea,</span> 
     </span>
    </p>
   </div>
   <div class='ocr_carea' id='block_1_6' title="bbox 0 0 1854 5667">
    <p class='ocr_par' dir='ltr' id='par_1_6' title="bbox 0 0 1854 5667">
     <span class='ocr_line' id='line_1_20' title="bbox 0 0 1854 5667; baseline 0 0"><span class='ocrx_word' id='word_1_146' title='bbox 0 0 1854 5667; x_wconf 95' lang='lat' dir='ltr'> </span> 
     </span>
    </p>
   </div>
  </div>
 </body>
</html>
