3700 5667
495 651 559 713 130
787 649 1036 726 RELIQUIAE
1063 649 1241 713 SACRAE.

541 820 719 884 LXXIX.
743 819 855 885 Clarus
874 843 892 882 a
913 819 1061 884 Mascula
1081 818 1172 884 dixit.
1217 819 1392 883 Manifesta
1406 827 1455 884 est
1473 842 1543 884 sen,

496 931 601 996 tentia
616 931 745 995 Domini
764 931 865 994 nostri
883 930 908 994 J
909 953 965 996 esu
980 931 1099 997 Christi
1118 931 1281 1015 apostolos
1295 954 1369 996 suos
1383 932 1542 998 mlttentis

495 1050 529 1107 et
544 1043 620 1126 ipsis
642 1043 716 1106 solis
738 1050 932 1127 potestatem
951 1065 971 1107 a
990 1050 1083 1127 patre
1104 1043 1164 1107 sibi
1183 1045 1294 1107 datam
1315 1043 1540 1128 permittentis,

496 1153 609 1237 quibus
624 1171 682 1216 nos
701 1153 906 1217 successimus
925 1152 1037 1217 eadem
1056 1159 1217 1237 potestate
1235 1152 1398 1217 ecelesiam
1413 1152 1541 1216 Domini

495 1263 710 1347 gubernantes
738 1270 771 1326 et
800 1263 996 1328 credentium
1024 1262 1120 1326 fidem
1149 1263 1358 1348 baptizantes.
1402 1262 1446 1325 Et
1471 1263 1569 1330 ideos

494 1372 646 1444 haretici,
673 1371 725 1456 qui
752 1394 809 1436 nec
836 1380 1030 1457 potestatem
1054 1373 1131 1437 loris
1155 1395 1212 1437 nec
1234 1373 1396 1437 ecclesiam
1421 1372 1540 1439 Christi

495 1484 625 1560 habent,
641 1482 799 1547 neminem
813 1483 976 1567 baptizare
991 1483 1149 1567 baptismo
1165 1483 1233 1567 ejus
1248 1491 1389 1568 possunt.

541 1594 699 1656 LXXX.
723 1592 940 1657 Secundianus
954 1616 975 1657 a
989 1593 1159 1657 Thambeis
1173 1592 1264 1658 dixit.
1302 1591 1374 1657 Non
1389 1593 1540 1657 debemus

495 1701 663 1767 haereticos
689 1710 799 1767 nostra
829 1703 1074 1787 praesnmptione
1107 1702 1252 1787 decipere
1283 1710 1321 1767 ut
1349 1702 1382 1766 in
1410 1703 1542 1768 ecclesia

495 1810 624 1875 Domini
645 1810 746 1875 nostri
767 1811 847 1874 Jesu
869 1811 990 1875 Christi
1013 1834 1076 1876 non
1098 1812 1260 1897 baptizati,
1276 1833 1314 1876 ao
1334 1834 1392 1897 per
1410 1813 1471 1877 hoc
1493 1833 1541 1875 re
1556 1832 1590 1869 ιο

497 1919 676 1983 missionem
706 1927 906 2005 pcccatorum
937 1943 999 1985 non
1028 1924 1197 2000 consecuti,
1227 1944 1299 1986 cum
1327 1923 1438 2007 judicii
1473 1923 1541 1988 dies

497 2031 619 2096 venerit
633 2030 723 2093 nobis
745 2030 903 2115 imputent
917 2031 1003 2114 qnod
1025 2053 1082 2115 per
1096 2052 1153 2094 nos
1173 2054 1237 2095 non
1251 2032 1316 2096 siut
1333 2032 1487 2117 baptizati
1507 2040 1541 2098 et

494 2140 726 2226 indulgentiam
741 2139 854 2204 divina·
868 2141 981 2224 gratiae
997 2140 1166 2205 consecuti.
1203 2143 1341 2226 Propter
1355 2142 1452 2227 qnod,
1468 2164 1540 2206 oum

496 2252 539 2316 sit
554 2274 618 2315 une
632 2251 762 2315 ecclesia
777 2259 810 2315 et
830 2272 928 2314 unum
950 2251 1118 2336 baptisma,
1135 2252 1262 2335 quando
1279 2252 1322 2315 ad
1342 2274 1400 2316 nos
1414 2274 1541 2316 conver·

496 2368 621 2436 tuntur,
643 2359 734 2424 simul
756 2382 828 2424 cum
850 2360 982 2424 ecclesia
1003 2369 1037 2439 et
1058 2361 1195 2439 ecolesiae
1220 2360 1412 2444 baptismum
1435 2379 1588 2436 conse-15

496 2478 645 2554 quantur.
1262 2456 1265 2461 ’

540 2581 719 2647 LXXXI.
737 2584 822 2647 Item
833 2583 913 2647 alius
926 2583 1075 2646 Aurelius
1087 2605 1108 2648 a
1119 2583 1266 2647 Chullabi
1278 2582 1370 2648 dixit.
1398 2582 1422 2646 J
1424 2605 1542 2647 oannes

494 2692 657 2776 apostolus
682 2693 715 2756 in
737 2693 872 2777 epistole
893 2715 952 2757 sua
973 2695 1079 2777 posuit
1101 2693 1224 2756 dicens:
1248 2694 1310 2756 CSi
1331 2693 1398 2777 puts
1424 2693 1470 2755 ad
1492 2715 1542 2756 oos

493 2803 585 2878 canit,
601 2812 627 2865 et
641 2803 811 2866 doctrinam
833 2803 947 2866 Christi
960 2825 1019 2865 aaa
1037 2801 1134 2880 tola,
1150 2802 1242 2865 colite
1254 2824 1320 2864 euna
1335 2802 1541 2865 admitterem

493 2911 614 2974 demtum
635 2923 774 2988 oestrum,
795 2924 823 2977 ot
843 2936 898 2977 aaa
919 2914 971 2977 illi
992 2936 1028 2977 aa
1050 2913 1199 2976 dicerit-is.
1247 2913 1307 2991 Qui
1328 2913 1406 2975 cra-im
1428 2912 1593 2975 debarim

493 3021 545 3084 illi
569 3044 626 3084 coe
651 3025 846 3087 coramuaioat
863 3023 966 3107 factis
991 3025 1054 3107 cay'rce
1079 3023 1177 3086 malm.
1223 3022 1388 3102 Quomodo
1412 3023 1541 3087 admitti

493 3131 575 3195 tales
591 3140 710 3196 temere
726 3133 758 3196 in
774 3135 901 3197 domurn
915 3135 977 3197 Dei
993 3142 1126 3219 possunt
1138 3133 1190 3216 qui
1206 3134 1238 3196 in
1253 3133 1381 3196 domum
1396 3140 1539 3195 nostram

495 3241 653 3326 privatam
669 3243 797 3307 admitti
811 3244 1040 3327 prohibentur?
1069 3244 1139 3307 Aut
1155 3244 1312 3326 quomodo
1327 3265 1397 3307 cum
1412 3243 1457 3307 eis
1472 3243 1540 3306 sine

495 3351 633 3415 ecclesiae
659 3353 819 3437 baptismo
845 3353 1076 3416 communicare
1102 3375 1267 3436 possumus
1293 3352 1407 3436 quibus
1431 3352 1457 3415 si
1483 3375 1541 3416 ave

495 3467 622 3525 tantum
637 3461 818 3539 dixerimus,
834 3463 929 3527 iactis
943 3485 1052 3526 eorum
1067 3463 1158 3527 malis
1173 3462 1458 3526 communicamus?
1553 3475 1591 3531 25

538 3571 735 3634 LXXXII.
760 3571 888 3636 Litteus
908 3594 929 3636 a
948 3572 1099 3636 Gemellis
1114 3573 1205 3636 dixit.
1248 3571 1377 3635 donans
1390 3572 1418 3634 si
1432 3592 1542 3634 ccccm

494 3678 596 3753 duent,
611 3679 696 3742 crudo
710 3684 743 3743 a'u
750 3683 876 3763 feneam
887 3683 1008 3747 cadunt.
1049 3685 1128 3747 Cum
1143 3704 1219 3766 ergo
1234 3682 1400 3745 haereticos
1416 3688 1542 3744 constet

494 3808 558 3849 non
580 3809 672 3871 posse
694 3788 870 3853 illuminare
893 3813 1092 3875 quemquam,
1114 3798 1226 3876 utpote
1248 3813 1362 3868 coeeos,
1381 3790 1542 3875 baptisma

495 3916 604 3958 eorum
619 3896 792 3985 convalet.

539 4006 759 4070 LXXXIII.
783 4007 908 4071 Natalis
931 4009 972 4071 ab
995 4008 1062 4072 Oea
1084 4009 1174 4073 dixit.
1221 4010 1306 4071 Tam
1324 4031 1384 4093 ego
1403 4020 1593 4093 praesens30

494 4138 589 4199 qnam
617 4117 788 4203 Pompeius
816 4119 1026 4196 Sabratensis,
1057 4141 1152 4202 quam
1178 4119 1275 4182 etiam
1302 4119 1407 4202 Dioga
1433 4118 1542 4202 Lepti-

493 4227 681 4310 magnensis‚
712 4228 765 4313 qui
795 4227 870 4291 mihi
901 4229 1143 4305 mandaverunt,
1173 4251 1304 4313 corpore
1335 4228 1461 4312 quidem
1486 4229 1542 4291 ab·

494 4344 612 4412 sentes,
629 4338 741 4421 spiritu
758 4346 939 4422 praesentes,
957 4361 1120 4414 censemus
1135 4340 1219 4422 quod
1235 4346 1268 4403 ot
1284 4339 1411 4423 collegae
1428 4339 1541 4417 nostri,

659 4598 670 4626 ⁰
685 4602 697 4634 2
710 4589 781 4636 Joan.
795 4589 809 4635 i.
830 4603 865 4649 ιο,
880 4604 916 4651 ιι,
1153 4591 1270 4639 thatth.
1284 4607 1323 4639 xv.
1339 4605 1375 4651 14.
