3700 5667
634 1500 1077 1598 PIERIUS.

459 2022 495 2092 S.
514 2022 736 2094 Hiaaournr
753 2021 829 2095 Lib.
848 2021 904 2095 De
931 2020 1026 2093 Viris
1042 2018 1251 2103 Illustrihus,

682 2163 757 2232 cap.
776 2141 887 2212 lxxvi.
906 2164 940 2233 p.
957 2137 1038 2211 166.

340 2285 390 2398 P
394 2327 580 2411 IERIUS,
616 2329 870 2401 Alexandrinae
909 2329 1065 2401 ecclesiae
1098 2326 1281 2420 presbyter
1313 2326 1379 2396 sub

337 2452 457 2523 aCaro
483 2463 520 2523 et
546 2453 769 2526 Diocletiano
796 2453 1028 2547 Principibus,
1054 2474 1098 2522 eo
1126 2460 1285 2543 tempore
1310 2471 1380 2542 quo

337 2601 416 2648 eam
442 2578 627 2649 ecclesiam
649 2579 811 2650 Theonas
836 2579 1020 2672 episcopus
1046 2577 1204 2670 regebat,
1228 2571 1382 2645 '’floren-

337 2703 472 2773 tissime
489 2703 611 2774 docuit
634 2702 816 2796 populum,
833 2712 872 2774 et
894 2704 931 2773 in
952 2710 1090 2773 tantam
1114 2699 1284 2772 sermonis
1301 2698 1379 2786 (for.

335 2831 552 2919 sermonum)
582 2827 896 2921 ⁰diversorumque
925 2835 1154 2908 tractatuum,
1177 2826 1238 2918 qui
1270 2846 1381 2916 usque

334 2949 440 3020 hodie
465 2958 602 3031 extant,
627 2950 725 3020 venit
751 2951 976 3046 elegantiam,
999 2958 1041 3019 ut
1067 2947 1240 3042 Origenes
1259 2947 1382 3040 junior

338 3084 531 3145 vocaretur.
576 3074 725 3146 Constat
750 3075 845 3147 hunc
872 3073 998 3148 “mine
1023 3076 1188 3155 ἀσκήσεως
1213 3083 1251 3144 et
1275 3097 1382 3166 appe-

338 3201 481 3268 titorem
522 3199 729 3270 voluntariae
772 3203 1001 3292 paupertatis,
1039 3202 1383 3290 scientissimumque

339 3321 543 3393 Dialecticae
565 3333 603 3393 et
628 3323 828 3393 Rhetoricae
849 3325 945 3406 artis,
968 3335 1076 3417 ⁰post
1102 3323 1382 3417 persecutionem

340 3468 445 3514 omne
479 3448 561 3515 vitae
603 3467 674 3514 suae
709 3453 852 3537 tempus
894 3446 1019 3517 Roma
1051 3448 1160 3517 fuisse
1194 3454 1383 3516 versatum.

343 3569 460 3659 Hujus
484 3578 539 3639 est
563 3565 578 3620 f
587 3568 811 3662 longissimus
832 3578 1005 3641 tractatus
1025 3572 1071 3642 de
1091 3570 1264 3664 propheta
1280 3567 1385 3649 Osee,

340 3715 446 3782 quem
473 3693 508 3762 in
528 3692 647 3786 vigilia
670 3690 814 3762 Paschae
831 3692 992 3764 habiturn
1010 3696 1086 3788 ipse
1109 3716 1224 3765 sermo
1241 3693 1387 3764 demon·

341 3826 443 3886 strat.

382 3998 501 4058 aCarris
522 4001 641 4078 praefuit
663 4001 791 4082 Imperio
812 4002 851 4061 A.
872 4003 943 4062 282.
959 4003 1029 4062 283.
1072 4000 1272 4060 Diocletianus
1291 4000 1328 4057 ab
1350 3997 1388 4055 A.

341 4099 410 4160 284.
425 4103 460 4160 ad
480 4105 552 4162 305.
596 4105 732 4165 Theonoe
753 4107 803 4184 qui
828 4106 867 4165 A.
890 4106 961 4166 265.
985 4106 1129 4185 Dionysio
1152 4105 1184 4163 in
1206 4103 1388 4182 Episcopatu

341 4206 540 4267 Alexandrino
554 4209 701 4276 successit,
717 4209 875 4270 defunctus
888 4222 933 4270 est
948 4210 988 4269 A.
1003 4210 1074 4269 300.
1096 4210 1280 4267 Fnaarows.

381 4308 559 4372 bEusebius
584 4313 620 4372 de
646 4314 745 4372 Pierio
764 4314 814 4373 vii.
834 4313 884 4373 32.
912 4315 959 4371 Ἐν
982 4317 1012 4371 δι’
1035 4318 1090 4372 τοῖς
1113 4316 1231 4385 μάλιστα
1248 4310 1304 4367 καθ
1326 4309 1392 4380 ἡμᾶς

341 4421 535 4476 σπανιωτάτονς
549 4422 702 4493 γινομένους
715 4420 802 4491 ἴσμεν,
816 4427 869 4476 τῶν
881 4423 929 4492 μὲν
942 4420 982 4477 ἐπ’
997 4419 1193 4492 Ἀλεξανδρείας
1205 4415 1392 4491 πρισβιπὲρυν

340 4525 454 4592 Πιέρων·
480 4525 609 4580 Μιλέτιαν
629 4525 658 4579 δὲ
680 4530 732 4581 τῶν
753 4527 816 4581 κατὰ
836 4525 940 4581 Πόντον
959 4527 1103 4595 ἐκκλησιῶν
1124 4525 1277 4580 tolosanos.
1299 4518 1393 4576 ffl’t

263 4623 269 4642 '¹
334 4629 382 4695 μὲν
402 4629 485 4699 «inpos
505 4629 628 4700 ἇκτῆμθνι
649 4629 700 4706 flio
722 4633 764 4686 καὶ
785 4631 919 4702 μαθήμασι
941 4634 1105 4706 φιλοσόφοις
1130 4629 1312 4700 &melpum-
1337 4626 1393 4680 ruis

372 4743 440 4784 VOL.
459 4746 504 4786 ΙΙΙ.
846 4744 865 4809 3
882 4748 893 4787 1
