3700 5667
492 659 557 730 196
827 661 1206 725 ANNOTA'I'IONES

492 847 555 910 quo
578 826 674 890 aliam
697 827 739 890 ab
762 848 800 890 eo
822 847 936 891 manns
956 825 1199 911 impositionem,
1223 846 1317 909 qnam
1340 824 1445 900 istam,
1470 846 1541 907 qnae

485 929 673 1012 penitentie
701 928 850 992 indicium
881 928 935 1004 sit,
964 927 1138 991 desiderari
1168 927 1342 1011 opinemur.
1402 925 1541 989 Fatetur

491 1034 600 1092 tamen
621 1028 706 1092 idem
729 1029 776 1092 vir
796 1028 834 1092 cl.
851 1028 1072 1092 Firmiliauum
1094 1036 1128 1092 et
1151 1029 1347 1112 Cypriauum
1368 1047 1541 1111 eorumque

491 1129 593 1193 socios
614 1129 748 1213 aliquos,
772 1129 928 1214 Stephani
950 1129 1039 1193 istaec
1061 1129 1155 1192 verba
1177 1129 1437 1214 interpretantes,
1459 1128 1541 1192 ritus

491 1230 740 1294 confirmationis
768 1230 810 1294 ab
836 1229 995 1294 haereticis
1024 1229 1174 1293 celebrati
1200 1230 1402 1293 iterationem
1431 1229 1473 1292 ab
1502 1250 1541 1292 eo

491 1331 619 1398 admitti
641 1331 769 1396 sibimet
791 1331 985 1416 persuasisse
996 1361 1005 1406 ;
1028 1332 1089 1395 hoc
1109 1353 1185 1395 vero
1205 1331 1365 1416 Cypriano
1386 1353 1450 1394 nou
1467 1353 1540 1395 vere

491 1456 676 1519 persuasum
697 1456 766 1497 esse
786 1433 823 1497 cl.
842 1433 998 1497 Maranus
1019 1433 1147 1509 statuit,
1164 1447 1201 1496 ut
1220 1433 1286 1496 dixi
1307 1454 1404 1517 supra
1418 1455 1450 1517 p.
1470 1451 1540 1514 ¹79·

494 1536 598 1599 Immo
613 1535 742 1619 insuper
760 1534 906 1598 concedit
924 1534 1007 1598 idem
1023 1535 1241 1610 Constantius,
1257 1535 1424 1619 antiquum
1444 1534 1540 1617 scrip-

492 1643 596 1700 torem
617 1638 666 1700 Dc
685 1636 846 1721 Baptistae
864 1636 1091 1700 Hoerett'ocnun
1113 1636 1197 1700 iuter
1216 1636 1366 1720 Cypriani
1381 1635 1542 1721 Opuscula

492 1738 692 1814 collocatum,
707 1736 940 1822 impositionem
962 1759 1084 1814 manus,
1100 1759 1171 1820 quae
1192 1737 1389 1801 venientibus
1410 1737 1452 1800 ab
1471 1736 1538 1801 hae-

492 1839 554 1903 resi
578 1839 722 1923 injuncta
748 1845 810 1914 est,
833 1839 874 1902 ad
900 1837 1174 1903 confirmationem
1200 1847 1345 1923 spectare
1370 1838 1539 1902 censuisse.

492 1941 574 2004 Aliis
592 1963 668 2004 vero
683 1949 825 2004 veterum
844 1948 1011 2004 anctorum
1033 1941 1111 2005 locis
1132 1950 1166 2005 et
1188 1941 1330 2005 formulis
1352 1941 1540 2025 quibusdam

490 2041 659 2105 ritualibus
674 2063 707 2104 se
722 2040 828 2104 induci
844 2039 1052 2105 Constantius
1066 2043 1125 2119 ait,
1140 2049 1177 2106 ut
1195 2043 1369 2118 existimet,
1385 2040 1541 2126 duplicem

490 2143 587 2207 fnisse
613 2164 725 2206 manns
750 2141 985 2227 impositionem
1011 2165 1106 2228 super
1130 2144 1291 2208 venientes
1315 2143 1353 2208 ad
1378 2144 1496 2220 temti,
1520 2164 1542 2207 a

491 2243 741 2309 confirmationis
760 2243 825 2307 ritu
845 2251 1014 2329 utramque
1034 2246 1238 2320 distinctam
1262 2267 1369 2319 unam,
1390 2267 1461 2330 quae
1484 2267 1542 2329 per

491 2345 723 2410 invocationem
743 2344 854 2409 Sancti
875 2344 1014 2429 Spiritus
1035 2346 1264 2410 catholicorum
1285 2347 1452 2411 couventui
1475 2353 1541 2410 sta·

493 2446 551 2513 tim
580 2447 688 2520 societ,
712 2446 858 2522 alteram,
881 2468 945 2530 qna
971 2447 1137 2511 differatur
1165 2455 1285 2512 sauotae
1314 2447 1542 2512 communionis

491 2549 664 2623 restitutio,
680 2556 717 2614 ut
736 2571 794 2634 per
813 2549 966 2633 plurimos
985 2551 1183 2634 poenitentiae
1203 2551 1325 2615 fructus
1346 2550 1540 2634 acquiratur.

493 2650 544 2711 At
566 2654 675 2712 tamen
698 2647 834 2713 fortasse
857 2648 945 2712 haud
969 2658 1091 2712 certum
1117 2656 1177 2725 est,
1203 2648 1355 2732 quidquid
1379 2647 1461 2711 dixit
1483 2655 1541 2711 aut

493 2749 709 2827 coustantius,
731 2758 788 2814 aut
811 2749 1154 2834 Maranns,.Stophaui
1177 2751 1273 2814 verba
1294 2749 1542 2814 confirmationis

493 2872 548 2914 seu
571 2848 819 2934 consignationis
839 2849 947 2925 ritum,
963 2870 1026 2931 quo
1046 2850 1143 2912 datur
1162 2849 1301 2934 Spiritus
1323 2850 1472 2927 Sanetus,
1487 2872 1541 2913 ex-

493 2950 640 3024 clusisse;
670 2950 790 3014 clarum
815 2955 865 3013 est
891 2949 1080 3034 quandoque
1106 2951 1257 3014 statuisse
1280 2960 1420 3015 veterem
1445 2951 1541 3015 eccle·

492 3053 583 3126 siam,
600 3064 746 3137 oportere
766 3050 943 3127 haereticos,
965 3051 1019 3134 qui
1036 3052 1079 3114 ad
1100 3052 1264 3115 ecclesiam
1284 3075 1446 3137 nunquam
1468 3075 1540 3136 pcr-

494 3152 674 3227 tiunissent‚
689 3173 747 3236 per
767 3150 866 3215 ritum
889 3150 986 3215 istum
1006 3151 1265 3228 confirmationis,
1282 3152 1398 3216 collato
1417 3153 1450 3214 in
1472 3152 1542 3215 illos

492 3254 613 3339 Spiritu
629 3253 761 3329 Sancto,
775 3254 818 3317 ad
835 3252 1088 3317 communionem
1102 3253 1241 3318 admitti.
1273 3254 1397 3318 Videsis
1412 3276 1483 3338 quae
1499 3254 1541 3317 ad

493 3358 620 3421 Concu.
635 3379 676 3419 vr.
693 3377 789 3440 supra
804 3354 965 3431 dicuutur,
981 3376 1012 3438 p.
1034 3355 1101 3436 178.
1127 3376 1165 3418 ac
1187 3354 1366 3438 praesertim
1389 3376 1541 3418 canonem

492 3457 579 3522 illum
597 3457 727 3523 Concilii
742 3456 861 3521 Archi.
881 3478 953 3520 cum
976 3455 1134 3539 Suffragio
1153 3456 1265 3540 quinto
1289 3456 1402 3518 horum
1424 3476 1541 3539 praesu-

494 3559 559 3623 lum
574 3560 734 3623 eollatum.
765 3561 861 3622 Cons.
878 3565 911 3622 et
926 3559 1003 3623 Oen.
1019 3558 1070 3620 vii.
1087 3557 1220 3621 Concilii
1237 3555 1421 3628 Laodiceni,
1437 3564 1471 3620 et
1487 3556 1541 3639 qni

494 3661 611 3724 dicitur
626 3659 761 3722 Concilii
776 3658 869 3743 primi
885 3659 983 3723 OPol.
998 3680 1101 3722 canon
1116 3659 1168 3722 vii.

537 3761 574 3822 P.
596 3759 701 3840 119.l.
723 3761 767 3821 18.
795 3760 984 3846 Munnnlus]
1004 3761 1043 3822 ln
1058 3761 1127 3823 cod.
1146 3757 1317 3823 Veronensi
1335 3757 1376 3821 ab
1397 3757 1457 3821 hoc
1477 3759 1542 3842 epi-

493 3881 589 3944 scopo
615 3882 724 3924 omnes
748 3861 814 3923 lere
841 3860 989 3944 deinceps
1014 3861 1151 3946 episcopi
1175 3859 1343 3924 sententiis
1367 3859 1432 3922 suis
1458 3860 1541 3924 hauc

492 3962 660 4025 formulam
689 3962 901 4045 praemittnnt,
928 3985 961 4025 nr
987 3986 1071 4039 nucu,
1100 3985 1170 4047 quae
1196 3963 1229 4025 in
1256 3961 1407 4025 Foxieusi
1432 3963 1541 4026 nullibi

493 4065 618 4150 legitur.
651 4063 763 4145 (Cous.
781 4065 902 4149 Rigalt.
920 4065 1011 4141 infra,
1028 4088 1059 4148 p.
1081 4069 1151 4148 163.
1168 4064 1222 4127 ubi
1244 4063 1292 4127 ait
1314 4063 1399 4126 idem
1421 4065 1542 4128 iactum

493 4168 525 4231 in
541 4169 616 4232 MS.
631 4166 798 4229 coronensi
813 4188 833 4229 a
849 4166 940 4230 Satio
954 4166 1102 4251 episcopo
1117 4167 1148 4229 in
1165 4165 1298 4248 Suffrag.
1316 4166 1382 4228 iere
1397 4167 1542 4230 omnibus

493 4289 592 4352 usque
607 4267 648 4330 ad
665 4268 758 4329 finem
774 4271 785 4346 )
813 4265 992 4327 chnnrrus.
1032 4265 1083 4328 De
1099 4264 1255 4326 Monunlo
1271 4263 1391 4327 mentio
1406 4263 1542 4327 habetur

495 4371 555 4454 Ep.
578 4369 620 4432 ad
643 4367 823 4432 Cornelium
847 4366 976 4430 Concilii
999 4367 1136 4442 nomine,
1156 4366 1196 4428 de
1218 4386 1296 4449 pace
1318 4363 1414 4449 lapsis
1437 4366 1542 4428 danda

494 4472 605 4554 (supra
622 4491 694 4553 pag.
717 4472 782 4551 93.)
819 4469 950 4531 annus.
998 4466 1173 4531 Munnnlus
1190 4488 1249 4551 pro
1268 4467 1423 4529 Monnulo
1442 4467 1474 4530 in
1494 4468 1540 4530 ed.

494 4571 674 4638 Bucam
694 4576 796 4645 extat,
812 4576 846 4632 et
868 4569 1055 4633 Harduinus
1075 4570 1107 4633 in
1127 4568 1172 4632 ed.
1190 4589 1249 4631 sua
1266 4568 1469 4632 Conciliorum
1484 4569 1542 4644 ait,
