3700 5667
510 651 576 718 360
846 655 1224 718 ANNOTATIONES

553 822 757 894 Qusmoenarr
777 820 836 889 uox
857 824 988 889 celebris
1008 826 1175 903 ὀμοοιίσιος,
1194 825 1269 888 he.
1286 823 1428 908 φ’ωιίοτο,
1447 826 1509 902 vel,
1529 833 1566 891 ut

508 925 621 991 scribit
650 927 874 1004 Tertullianus,
902 935 1001 1012 atque
1030 934 1067 992 ut
1099 927 1219 992 Latina
1248 926 1380 992 ecclesia
1409 927 1563 1014 loquitur,

508 1028 600 1091 caius
623 1026 805 1105 alecula,
830 1051 851 1093 a
876 1028 1009 1093 concilio
1031 1028 1235 1094 Antiocheno
1258 1029 1428 1114 repudiata
1453 1028 1562 1106 luerit,

497 1128 569 1223 ¹etsi
585 1130 672 1214 prius
686 1153 707 1196 a
721 1132 845 1196 duobus
860 1131 921 1195 illia
937 1129 1107 1215 Dionysiis,
1122 1129 1267 1195 Romano
1282 1137 1316 1196 et
1327 1130 1560 1206 Alexandrino,

508 1231 703 1317 concilioque
725 1231 882 1306 Romano,
898 1239 933 1297 et
955 1231 1102 1296 fidelibus
1122 1232 1209 1317 apud
1223 1232 1408 1317 AEgyptum
1427 1233 1562 1318 aliisque

508 1332 607 1396 etiam
621 1333 846 1400 vetustioribus
863 1334 1003 1399 admissa
1022 1333 1145 1410 fuisset,
1160 1356 1296 1418 quorum
1313 1335 1483 1400 nonnullos
1502 1343 1561 1401 τῦν

508 1437 646 1500 παλαίων
664 1440 748 1503 τινὰς
769 1440 891 1518 λογίους
911 1438 960 1501 καὶ
981 1439 1137 1518 ἐπιφανεῖς
1159 1438 1338 1518 ἐπισκόπους
1360 1438 1409 1501 καί
1428 1464 1561 1519 σνγγρα·

509 1534 586 1616 φίας
601 1544 694 1602 vocat
705 1537 771 1622 ipse
785 1560 911 1624 quoque
924 1537 1082 1602 Eusebius
1097 1537 1130 1602 in
1144 1538 1289 1623 Epistola
1303 1537 1349 1603 ad
1363 1538 1561 1603 Οστοιὶσιιιιτ

508 1657 583 1700 suos
597 1639 682 1723 apud
697 1638 863 1707 Socratem
874 1648 908 1704 et
920 1640 1157 1705 Theodoretum
1171 1650 1299 1706 servata
1307 1665 1317 1718 ς
1340 1641 1558 1726 quamohrem,

508 1738 648 1824 inquam,
665 1763 725 1805 vox
745 1741 809 1807 ista
828 1743 869 1807 ab
888 1742 1098 1806 Antiochenia
1119 1742 1300 1828 improbata
1317 1743 1426 1819 luerit,
1442 1744 1509 1808 duo
1526 1743 1559 1807 hi

507 1841 610 1907 sancti
633 1850 743 1928 patres
769 1843 969 1910 Athanasius
994 1854 1028 1909 et
1052 1843 1189 1909 Basilina
1215 1867 1313 1930 supra
1335 1845 1558 1910 ostenderunt.

508 1945 537 2010 Ε
560 1947 674 2031 quibus
697 1948 749 2013 illc
770 1949 834 2014 alia
854 1948 956 2013 multa
976 1948 1130 2033 longiora,
1153 1957 1271 2033 preater
1290 1950 1389 2014 verba
1410 1972 1483 2034 quoe
1506 1950 1559 2015 hic

506 2049 740 2126 exscribuntur,
751 2050 791 2115 de
805 2050 996 2114 admissione
1011 2050 1118 2135 posuit
1134 2050 1275 2115 vocabuli
1290 2052 1377 2137 apud
1392 2050 1558 2136 Synodum

507 2151 691 2228 Nicaenam3
713 2151 852 2218 Basilius
872 2174 947 2216 vero
969 2151 1079 2216 stetim
1102 2166 1176 2236 post
1197 2151 1295 2218 verba
1313 2153 1382 2237 jam
1402 2155 1558 2232 adducta,

507 2255 591 2338 quod
607 2255 760 2340 sequitur,
770 2254 916 2318 addidit:
941 2260 1037 2318 Τοῦτο
1053 2257 1086 2317 δὲ
1102 2255 1150 2318 ἐπὶ
1164 2259 1281 2337 χαλκοῦ
1294 2257 1351 2334 μὶν
1367 2257 1415 2322 καὶ
1429 2263 1490 2322 τόν
1505 2257 1557 2322 ἆτ’

506 2357 595 2420 αὐτοῦ
614 2357 803 2437 νομισμάτων
827 2357 890 2439 ἔχει
912 2360 979 2420 τινὰ
999 2355 1096 2438 λόγον
1112 2358 1146 2419 τὸ
1169 2358 1322 2436 διανόημα
1349 2359 1399 2423 tut
1418 2362 1452 2422 δὲ
1472 2364 1557 2424 Θεοῦ

505 2457 626 2540 πατρὸς,
639 2458 688 2522 καὶ
703 2463 785 2523 Θεοῦ
800 2461 875 2533 υἱοῦ,
891 2459 944 2521 οὐκ
959 2459 1047 2522 οὐσία
1061 2457 1261 2539 πρεσβυτέρα,
1277 2459 1346 2522 οὐδὲ
1359 2461 1557 2541 ὑπερκειμίνη

505 2559 619 2641 ἀμφοῖν
634 2566 793 2640 θεωρεῖται.
818 2562 963 2636 ἀσεβείας
982 2563 1040 2641 γὰρ
1061 2559 1199 2624 ἐπέκεινα
1216 2567 1303 2624 τοῦτο
1321 2562 1369 2624 καὶ
1384 2565 1492 2640 νοῆσαι
1507 2564 1557 2627 καὶ

505 2661 708 2744 φθέγξασθαι.
739 2664 770 2726 τι’
788 2665 847 2742 γὰρ
870 2661 908 2725 ἂν
928 2661 1045 2742 γένοιτο
1068 2667 1119 2725 τοῦ
1140 2662 1303 2742 ἆγεννήτον
1322 2665 1552 2743 τρεσβιίτερονς

505 2765 669 2842 ἀναιρεῖται
689 2766 722 2827 δὲ
741 2766 774 2826 ἐκ
792 2767 843 2841 τῆς
861 2764 1060 2844 βλασφημίας
1078 2765 1184 2842 ταύτης
1204 2763 1252 2826 καί
1270 2763 1289 2842 ἡ
1309 2765 1351 2830 είς
1368 2764 1422 2828 τὸν
1438 2767 1555 2846 πατέρα

505 2866 560 2927 καὶ·
573 2865 639 2927 υἱὸν
658 2866 766 2930 πίστις·
794 2866 915 2944 ἀδελφὰ
936 2868 994 2944 γὰρ
1014 2864 1161 2942 ἀλλήλοις
1180 2868 1217 2927 τὰ
1240 2866 1272 2943 ἐξ
1294 2863 1361 2931 ἑνὸς
1381 2867 1552 2946 νφεστότα.

506 2967 581 3046 Qua
602 2967 723 3051 quidem
740 2966 880 3050 coeitatio
900 2966 995 3030 ίοοιινι
1014 2967 1146 3052 aliquem
1164 2965 1249 3031 dalet
1265 2968 1301 3030 ia
1317 2989 1378 3031 ιντο
1393 2978 1421 3032 et
1434 2969 1469 3032 ιἰι
1486 2992 1554 3034 coa·

493 3067 589 3154 static
607 3089 644 3131 ον
663 3090 696 3132 eo
715 3066 966 3130 aumhmatilus:
990 3079 1023 3133 at
1043 3070 1077 3132 iu
1097 3072 1162 3134 Deo
1176 3071 1275 3133 Patre
1291 3080 1320 3134 et
1336 3069 1371 3133 ιἰι
1385 3071 1450 3134 Deo
1463 3072 1554 3136 Filio

502 3169 671 3236 mdetantia
685 3192 744 3234 ιιοιι
759 3180 801 3234 eet
813 3171 979 3255 antiquior,
996 3193 1088 3256 aeque
1101 3173 1222 3256 otiique
1238 3173 1425 3257 mpapoeita
1440 3173 1552 3238 iutelli-

500 3275 606 3360 citur:
630 3273 682 3338 loc
696 3273 774 3338 euim
788 3273 918 3358 coyitare
932 3284 987 3338 aut
1001 3273 1111 3347 dicere,
1123 3296 1238 3338 manem
1253 3275 1417 3359 irapiaatis
1430 3275 1550 3338 modam

501 3378 628 3442 cecedit.
677 3377 761 3456 Quid
781 3378 862 3441 enim
886 3377 1015 3461 iayeuito
1036 3377 1192 3460 αιιίίφιίιικ
1213 3377 1279 3440 eit?
1307 3376 1439 3441 Tollitur
1459 3378 1552 3442 etiam

503 3479 559 3544 dac
574 3479 841 3565 blsaphemiafides
855 3479 889 3542 in
903 3481 1032 3542 Patrem
1046 3487 1074 3542 et
1089 3479 1123 3541 F
1121 3478 1210 3542 ilium
1220 3502 1230 3539 .·
1253 3501 1326 3542 uam
1339 3480 1421 3543 ieter
1433 3501 1464 3544 se
1474 3481 1551 3564 fia·

502 3591 584 3646 trum
609 3583 754 3646 rationem
778 3579 887 3645 ladem
911 3602 980 3665 qua
1004 3604 1041 3644 ον
1066 3603 1125 3645 ano
1148 3579 1320 3646 ςοόοίςίνιιί.
1366 3583 1412 3648 Et
1437 3594 1551 3669 postea

502 3683 639 3748 Basilius
658 3684 715 3756 ait,
732 3686 804 3748 ὅταν
820 3686 868 3748 καὶ
884 3684 918 3747 τὸ
937 3686 1032 3747 αἴτιον
1048 3683 1143 3747 καὶτὸ
1159 3686 1191 3747 ἐκ
1210 3690 1261 3747 τοῦ
1277 3686 1372 3749 αἰτίαν
1386 3686 1440 3764 τὴν
1454 3689 1548 3766 ὕπαρ-

501 3791 549 3863 ξιν
569 3786 642 3866 ἔχον
663 3790 714 3863 τῆς
731 3786 818 3862 αὐτῆς
834 3786 952 3869 ὑπάρχῃ
971 3788 1101 3866 φύσεος,
1117 3789 1262 3865 όμοούσιο
1282 3788 1545 3868 (honitatem)

501 3889 632 3971 λέγεται.
667 3893 692 3969 5.
711 3907 739 3954 2.
787 3889 940 3955 Similiter
957 3890 1043 3974 apud
1062 3889 1093 3953 S.
1109 3889 1267 3954 Hilarium
1285 3889 1382 3956 Libro
1398 3893 1448 3957 De
1467 3894 1549 3979 Sya-

501 3992 567 4056 odia
588 3997 612 4074 φ.
629 3991 681 4055 81.
735 3990 885 4055 Nonnulli
908 3992 1044 4077 primum
1068 3991 1185 4054 idcirco
1208 3994 1417 4077 respuendam
1440 4016 1549 4058 vocem

501 4097 659 4175 ὄμοούσιος
678 4095 938 4179 pronuntiabant,
954 4095 1028 4179 qaia
1041 4116 1103 4179 per
1117 4093 1201 4158 cordi
1214 4095 1303 4178 dejice
1315 4096 1549 4159 cumulationem

499 4193 665 4259 ιιιίιτοοίίο
688 4195 780 4279 prior
808 4195 1034 4278 imelliyeretan
1061 4217 1153 4279 φασιν
1183 4194 1243 4258 duo
1268 4196 1349 4259 inter
1377 4217 1409 4258 se
1434 4194 1550 4279 partiti

499 4307 596 4360 ment.
643 4296 725 4379 (Ubi
741 4304 887 4362 notatum
905 4299 966 4361 hoc
981 4296 1084 4374 velim,
1099 4298 1185 4381 quod
1201 4298 1329 4381 quidem
1343 4308 1456 4362 notare
1472 4318 1549 4359 non·

500 4398 577 4462 nulli
602 4399 818 4463 Athanasium
843 4399 1050 4463 defendentes
1076 4400 1263 4473 omiserunt,
1290 4401 1332 4464 ab
1358 4399 1409 4462 his
1430 4399 1545 4463 adver·-

499 4500 591 4564 sariis
602 4501 686 4565 vocis
701 4503 861 4582 ὀμοουαίου
874 4500 952 4564 illud
962 4523 1031 4565 csse
1046 4501 1215 4585 objectum,
1226 4504 1311 4586 quod
1323 4502 1351 4567 ei
1364 4503 1546 4587 oppositum

498 4602 594 4666 luisse
622 4602 664 4666 ah
693 4601 903 4666 Antiochenis
938 4603 1082 4686 patribus
1112 4603 1248 4668 Basilius
1281 4612 1315 4669 ct
1345 4604 1546 4669 Athanasius
