3700 5667
631 666 682 728 IN
707 666 939 728 CONCILIA
964 667 1215 731 CARTHAG.
1382 673 1446 736 215

394 838 553 904 neminem
568 837 791 902 condemnaret
806 837 859 922 qui
875 838 950 903 alibi
964 839 1107 925 gentium
1122 861 1230 925 agens,
1240 841 1294 905 ubi
1310 863 1447 907 canones

395 940 449 1005 isti
468 961 531 1003 nou
550 937 766 1015 obtinuerant,
782 938 920 1002 ecelesiae
942 963 1006 1004 suae
1027 942 1167 1006 moribus
1186 951 1339 1009 uteretur.
1365 945 1446 1007 Fru-

396 1065 460 1106 nus.
507 1042 587 1106 Post
602 1040 685 1105 lecta
705 1042 832 1126 egregia
846 1043 919 1119 ista,
936 1043 1037 1106 addas
1057 1066 1096 1107 ea
1110 1045 1243 1121 utiliter,
1259 1069 1329 1130 qnae
1346 1049 1444 1110 Pear·

397 1145 505 1209 sanius
527 1145 567 1208 de
586 1144 675 1207 Afris
697 1144 729 1206 in
752 1145 863 1208 eadem
886 1168 944 1209 sua
966 1147 1125 1210 sententia
1147 1149 1368 1232 perstantibus
1391 1170 1447 1234 po-

397 1247 463 1312 suit
475 1247 509 1310 in
523 1246 638 1310 Annei.
660 1247 806 1331 Cyprias.
823 1248 865 1311 ad
879 1270 931 1311 an.
948 1267 964 1311 2
966 1265 1019 1333 57.
1036 1256 1111 1313 sect.
1129 1249 1159 1314 ii.
1176 1259 1210 1314 et
1225 1251 1268 1313 iii.
1317 1253 1368 1315 De
1383 1253 1447 1316 hae-

397 1349 569 1414 retieorum
588 1357 697 1413 autem
716 1349 875 1434 baptismo
896 1350 960 1414 alia
978 1358 1147 1435 praeterea,
1162 1375 1233 1416 cum
1256 1353 1298 1416 ad
1320 1353 1444 1418 initium

397 1450 521 1517 cosm.
537 1450 696 1516 (isarnus.
712 1475 743 1514 v.
759 1460 792 1516 et
811 1452 906 1537 hujus
925 1452 1023 1538 ipsius
1044 1455 1173 1538 Synodi,
1193 1462 1263 1519 tum
1282 1455 1368 1529 alibi,
1390 1477 1445 1520 an-

398 1562 512 1619 notata
527 1561 612 1618 sunt.

445 1655 595 1721 Ceterum
621 1655 658 1719 cl.
685 1656 888 1732 Marshallus,
917 1657 1067 1742 Cypriani
1094 1659 1248 1744 Anglious
1276 1659 1445 1745 interpres,

397 1759 451 1843 qui
473 1760 513 1822 de
535 1758 678 1844 Septimo
697 1759 756 1822 hoa
777 1760 835 1823 sub
851 1760 1011 1845 Cypriane
1030 1760 1170 1824 Concilio
1191 1762 1349 1825 eruditam
1369 1764 1445 1827 Dis-

396 1863 583 1926 mnationem
607 1862 762 1946 Cypriane
783 1883 835 1924 sao
854 1862 984 1947 adjecit,
1001 1863 1084 1925 inter
1105 1861 1168 1926 alia
1188 1863 1256 1927 haec
1279 1865 1342 1927 duo
1365 1866 1446 1931 scita

397 1965 532 2049 probare
554 1963 696 2049 pluribus
719 1965 916 2048 argumentis
941 1985 1108 2049 aggressus
1132 1972 1192 2028 est.
1238 1965 1382 2029 Primum
1403 1969 1445 2031 ab

397 2089 436 2131 eo
459 2067 617 2131 monitum
638 2072 696 2143 est,
716 2067 817 2150 (quod
840 2075 873 2130 et
896 2067 934 2131 cl.
955 2068 1110 2131 Maranus
1133 2067 1166 2129 in
1189 2069 1381 2152 Prcrfatioae
1403 2070 1449 2134 ad

398 2171 433 2233 8.
450 2169 602 2254 Oppriam'
625 2168 680 2252 Op
704 2169 844 2232 ostendit
866 2192 897 2253 p.
916 2169 981 2232 xiii.
1004 2176 1038 2233 et
1060 2170 1137 2253 xiv.)
1159 2169 1244 2233 inter
1265 2193 1373 2234 omnes
1395 2178 1445 2236 ut-

397 2293 520 2356 cunque
539 2272 580 2334 de
594 2271 729 2336 veritate
747 2272 897 2355 baptismi
913 2272 1133 2336 haereticorum
1153 2273 1354 2358 disputantes
1374 2295 1449 2338 con·-

397 2396 523 2440 sensum
534 2373 641 2451 fuisse,
655 2373 847 2458 baptismum
859 2374 947 2437 illum
962 2374 1080 2437 nullum
1096 2375 1214 2439 habere
1229 2376 1341 2441 salutis
1356 2377 1445 2441 effec-

398 2482 475 2553 tum,
499 2475 599 2538 donec
624 2476 828 2537 confirmatus
852 2474 949 2539 fuerit
972 2477 1164 2541 auctoritate
1187 2478 1325 2542 ecclesiae
1348 2486 1445 2563 atque

397 2576 535 2662 episcopi
556 2598 652 2660 super
670 2583 865 2640 revertentes
885 2578 927 2641 ad
948 2579 1121 2642 ecelesiam.
1168 2581 1299 2657 Deinde,
1317 2580 1445 2666 Cypria·

398 2701 473 2744 uum
490 2687 524 2744 et
542 2679 669 2743 demum
687 2700 797 2742 omues
814 2679 1016 2763 judicavisse,
1031 2681 1202 2766 disciplinae
1224 2683 1327 2766 magis
1350 2705 1445 2766 qnam

397 2779 471 2844 fidei
494 2803 559 2845 rem
586 2793 820 2844 controversam
845 2804 935 2857 esse;
966 2790 1064 2867 atque
1087 2785 1135 2848 ita
1159 2786 1298 2849 ecciesiae
1324 2786 1446 2850 licitum

398 2905 466 2948 esse
487 2905 527 2947 ex
547 2882 751 2967 dispensandi
762 2884 834 2967 jure
856 2906 912 2947 suo
930 2885 1107 2968 baptismos
1122 2887 1298 2952 istiusmodi
1315 2889 1363 2952 vel
1378 2889 1447 2952 irri-

399 2992 449 3049 tos
470 2985 519 3050 vel
541 2985 686 3049 firmatos
708 2986 845 3060 habere;
872 3009 1053 3072 quanquam
1069 2989 1204 3054 multum
1224 2991 1308 3055 inter
1329 3013 1363 3055 se
1385 2991 1446 3055 dis·

399 3087 596 3173 orepaveriut
611 3094 734 3150 veteres
756 3088 799 3149 illi
824 3089 863 3152 de
885 3113 923 3153 eo
946 3093 1031 3175 quod
1051 3093 1093 3155 ab
1115 3092 1246 3157 ecclesia
1268 3094 1335 3157 fieri
1355 3116 1447 3180 opor-

399 3197 492 3255 teret.
538 3190 594 3252 Ad
616 3189 774 3273 posterius
797 3192 857 3254 hoo
880 3194 965 3276 quod
988 3195 1116 3267 attinet,
1136 3216 1177 3257 an
1200 3196 1289 3259 istaeo
1312 3196 1447 3278 quaestio

398 3293 440 3356 ad
455 3291 652 3376 disciplinam
666 3291 766 3374 magis
788 3315 882 3376 quam
906 3295 948 3356 ad
963 3294 1058 3357 fidem
1073 3296 1232 3377 pertinere
1252 3297 1326 3359 olim
1341 3319 1446 3360 oense-

399 3400 496 3470 retur‚
520 3393 574 3457 alii
598 3392 656 3457 viri
683 3395 856 3457 doctissimi
884 3396 1093 3467 dubitarunt;
1123 3398 1183 3460 etsi
1207 3419 1270 3459 non
1299 3398 1344 3460 ita
1368 3420 1388 3461 a
1412 3421 1446 3462 se

398 3494 529 3559 invicem
541 3496 650 3559 violari
666 3496 761 3558 fidem
777 3497 935 3561 alterutra
949 3520 1025 3581 pars
1040 3497 1211 3580 putaverit,
1228 3505 1264 3561 ut
1279 3499 1447 3563 haereticos

399 3619 466 3662 esse
481 3598 678 3663 adversarios
688 3598 859 3683 judicaret.
904 3600 988 3662 Vide
1003 3600 1087 3663 inter
1101 3599 1180 3663 alios
1194 3599 1218 3663 J
1220 3622 1354 3664 oannem
1372 3601 1445 3665 Pla·

399 3706 483 3764 cette
513 3700 598 3763 v.D.
630 3699 662 3761 in
694 3698 858 3763 Obseraad.
890 3700 1175 3765 Historiae-Eccles.
1209 3726 1240 3787 p.
1268 3722 1447 3782 102—114.

400 3802 555 3866 Disertim
576 3803 623 3866 ait
646 3803 848 3886 Augustinus
870 3804 923 3867 lib.
944 3828 972 3867 v.
995 3804 1032 3867 de
1055 3805 1215 3888 Baptistae
1237 3828 1306 3890 cap.
1327 3825 1378 3889 25.
1403 3809 1448 3870 oi·

398 3905 471 3969 cisse
477 3927 587 3990 pacem
600 3904 714 3968 utristi
724 3906 759 3967 ia
773 3905 909 3969 cordibus
923 3927 1023 3969 eoram
1037 3907 1206 3991 (Stephani
1223 3915 1256 3972 et
1268 3909 1446 3993 Cypriani),

399 4015 434 4070 at
455 4008 490 4071 ia
514 4008 571 4071 tali
593 4008 804 4091 decepimus
828 4008 947 4070 nialla-m
972 4009 1051 4071 inter
1073 4029 1118 4070 eos
1142 4008 1257 4071 malam
1281 4010 1448 4073 satientatis

399 4112 541 4175 oriretur.
588 4111 636 4174 At
659 4111 782 4173 interea
809 4110 959 4173 Placettii
983 4110 1142 4174 sententia
1164 4116 1225 4186 est,
1248 4109 1447 4194 Stephanum

399 4213 515 4296 reipsa
529 4212 818 4276 excommunicasse
834 4211 1074 4284 dissentientem
1097 4233 1167 4296 quae
1180 4211 1307 4295 quidem
1318 4211 1356 4275 fit
1367 4211 1447 4275 vori-

400 4312 510 4378 similis
529 4315 571 4378 ob
591 4314 688 4377 verba
709 4313 886 4377 Firmiliani
908 4335 1006 4397 supra
1028 4314 1179 4391 adducta,
1195 4336 1225 4398 p.
1243 4315 1313 4395 187.
1356 4314 1447 4377 Tem-

400 4433 477 4496 pore
500 4420 609 4478 tsmen
634 4416 744 4499 Xysti,
770 4415 959 4478 successoris
986 4414 1149 4499 Stephani,
1174 4436 1268 4498 quem
1291 4411 1398 4477 bonum
1421 4423 1449 4477 ct

393 4517 559 4600 pacificans
572 4519 751 4582 sacerdotem
767 4517 903 4581 Pontius
918 4516 1066 4602 Cypriani
1081 4517 1232 4580 diaconus
1247 4516 1280 4579 in
1301 4515 1369 4579 Vita
1384 4537 1449 4580 ma-

400 4616 491 4702 gistri
506 4619 554 4683 sui
570 4619 720 4704 appellat,
737 4628 771 4684 et
786 4620 875 4705 cujus
889 4619 1078 4703 martyrium
1092 4619 1160 4703 ipse
1174 4625 1401 4682 commemorat
1416 4619 1448 4680 in
