3700 5667
560 661 608 726 IN
632 662 861 726 CONCILIA
885 661 1133 725 CARTHAG.
1308 663 1372 730 193

365 832 405 895 P.
424 846 495 911 117.
515 829 537 892 l.
554 849 604 896 πο.
628 828 783 911 astruisse]
807 827 959 905 Quamvis
980 827 1044 891 alin
1064 827 1169 903 lectio,
1186 850 1256 910 quae
1272 829 1371 892 habet

320 933 431 1010 aliano,
447 932 531 995 bona
551 931 602 1006 sit,
618 937 748 994 coactus
768 951 838 993 sum
858 937 983 993 mutare
997 937 1130 1013 propter
1142 929 1370 994 auctoritatem

321 1042 465 1099 veterum
484 1032 733 1117 exemplarium
756 1032 875 1096 etenim
894 1040 1035 1095 extranco
1049 1032 1203 1115 scriptum
1217 1031 1321 1095 inveni
1338 1033 1371 1095 in

321 1135 546 1222 septemdecim
561 1133 650 1197 libris
668 1132 786 1197 uostris
807 1141 841 1196 et
856 1133 888 1196 in
903 1132 1028 1196 duobus
1042 1132 1249 1218 Anglicanis;
1274 1134 1371 1199 inimo

324 1235 598 1312 Monasteriensis,
613 1234 645 1298 in
668 1257 731 1318 quo
750 1234 866 1320 legitur
885 1245 1016 1312 estense,
1032 1234 1149 1319 probat
1168 1235 1250 1299 hanc
1270 1245 1372 1299 muta·

321 1339 441 1403 tionem
463 1358 532 1400 esse
554 1336 748 1420 legitimam:
772 1336 853 1399 inira
875 1335 908 1398 in
930 1336 1119 1400 allocutione
1140 1335 1249 1400 Sedati
1272 1359 1293 1400 a
1308 1337 1371 1400 Tu-

322 1439 433 1516 burbo‚
447 1461 478 1523 p.
494 1457 569 1523 332.
593 1460 651 1522 pro
671 1438 787 1501 aliem
807 1439 907 1501 codex
930 1438 1251 1524 Gratianopolitanus
1272 1440 1370 1504 habet

321 1552 490 1605 astronom.
514 1540 683 1603 Banuzrus.
724 1541 805 1602 Mox
826 1560 918 1624 super
939 1562 1035 1624 αᾳπω
1056 1562 1114 1625 pro
1136 1562 1226 1625 super
1247 1563 1371 1626 aquam,

322 1665 393 1728 quae
414 1650 545 1727 recepta
570 1649 620 1705 est
642 1640 810 1725 scriptura,
832 1640 982 1705 Baluzius
1004 1643 1119 1726 posuit.
1165 1644 1322 1708 Ectrccco
1339 1644 1371 1707 in

322 1745 425 1810 tribus
445 1766 463 1808 e
487 1751 625 1828 quatuor
647 1742 765 1806 nostris
790 1740 920 1806 MSStls
944 1751 1046 1820 extat,
1068 1752 1186 1808 ωίπνπο
1208 1745 1241 1807 in
1265 1746 1371 1809 codice

322 1848 425 1911 altero
439 1844 515 1909 olim
530 1843 702 1906 Druriano.
726 1846 853 1928 Aquam
867 1867 926 1929 pro
941 1866 1039 1929 aquas
1057 1845 1178 1909 habeut
1194 1846 1225 1908 hi
1242 1869 1361 1911 omnes.

367 1947 405 2010 P.
424 1946 494 2009 118.
510 1944 530 2008 l.
545 1966 577 2025 4
597 1944 671 2028 quia
684 1945 771 2007 Deus
790 1945 928 2029 Spiritre
944 1944 1018 2030 &c.]
1035 1945 1120 2008 Vide
1134 1946 1249 2010 librum
1264 1948 1370 2010 domni

323 2048 414 2113 Petri
429 2048 597 2112 Constant.
614 2046 645 2108 in
667 2068 730 2130 quo
750 2046 980 2111 confirmantur
999 2045 1142 2109 vindiciae
1158 2060 1300 2110 veterum
1320 2071 1371 2112 co·

323 2151 438 2226 dicum,
454 2171 486 2233 p.
501 2167 554 2233 57.
572 2153 621 2231 (et
635 2166 691 2231 52,
705 2168 757 2232 53.
774 2148 913 2233 ipsarum
935 2148 1068 2231 Vindio.)
1091 2148 1259 2212 Banuzrns.
1292 2153 1372 2235 Agit

325 2253 445 2317 Milliua
465 2274 591 2336 quoque
612 2252 644 2314 in
660 2251 834 2336 Appcadioe
855 2251 899 2314 ad
916 2251 1017 2314 Notas
1031 2251 1065 2313 iu
1083 2251 1250 2315 TestNov.
1270 2275 1300 2337 p.
1316 2275 1371 2337 31,

323 2357 371 2420 ed.
388 2356 492 2420 Oxou.
508 2356 548 2419 ds
568 2355 629 2418 hoo
649 2354 836 2419 Latinorum
857 2354 1089 2431 additamento,
1104 2357 1179 2440 quic
1200 2358 1284 2421 Deus
1305 2358 1367 2442 spi

323 2457 402 2521 ritus
422 2465 474 2530 cst,
489 2466 516 2519 ct
538 2456 574 2519 dc
592 2457 658 2519 Deo
679 2465 769 2518 actus
790 2464 854 2528 aa·
879 2477 950 2538 quoe
974 2456 1100 2538 quidem
1122 2456 1272 2535 clausula,
1288 2469 1316 2522 ct
1336 2481 1372 2522 cc

323 2559 388 2622 Boo
409 2567 500 2622 catus
520 2566 573 2630 cst,
597 2557 629 2620 in
651 2556 872 2640 antiquissimo
895 2557 965 2619 cod.
990 2557 1143 2643 evangelii
1167 2559 1293 2639 Latino,
1317 2561 1371 2645 qui

324 2658 477 2722 Biblioth.
502 2657 683 2721 Bodleianae
708 2667 768 2732 est,
792 2658 931 2721 additur.
977 2661 1129 2723 Ceterum
1153 2660 1260 2724 Fellus
1284 2661 1369 2726 istud

322 2769 349 2824 ci
366 2761 405 2824 dc
418 2761 487 2824 Deo
506 2769 596 2823 notua
614 2769 655 2823 cst
677 2760 721 2823 sio
742 2760 882 2844 exponit,
897 2769 924 2824 c
944 2771 1035 2824 natas
1052 2761 1089 2823 dc
1108 2762 1240 2846 Spurio,
1256 2764 1292 2826 de
1306 2765 1372 2828 Deo

323 2872 412 2955 notus
436 2870 487 2926 est.
531 2861 582 2924 De
608 2884 671 2945 quo
696 2871 804 2925 tamen
829 2863 1114 2947 interpretamento
1139 2864 1207 2927 haec
1234 2866 1371 2931 adnotat

324 2962 481 3027 Maranus
499 2963 535 3025 ἰπ
548 2963 742 3046 Profationc
761 2964 806 3026 ad
825 2965 1017 3048 prffonam
1038 2987 1068 3049 p.
1089 2967 1193 3029 xxxvi.
1228 2976 1248 3004 “
1263 2968 1372 3032 Minus

323 3072 343 3102 ‘⁶
359 3065 522 3129 commode
545 3065 649 3128 editor
672 3064 861 3129 Oxoniensis
884 3066 972 3140 illud,
995 3066 1032 3129 dc
1053 3068 1119 3130 Dco
1141 3079 1230 3131 natac
1253 3079 1304 3144 cet,
1325 3070 1370 3134 sic

324 3173 344 3201 ‘⁴
358 3166 506 3251 explicat,
522 3174 618 3229 uetus
638 3166 677 3228 de
701 3165 822 3250 Spiritu
846 3166 885 3230 de
902 3167 971 3231 Deo
989 3176 1163 3232 natusest.
1195 3172 1244 3234 At
1266 3172 1370 3236 dicere

323 3274 344 3304 “
360 3267 522 3330 debuisset
538 3266 758 3342 Nemesianus,
768 3267 805 3330 dc
816 3269 882 3331 Deo
896 3279 1001 3332 catum
1015 3279 1066 3333 at.
1095 3270 1155 3349 Qui
1171 3271 1372 3336 mediocriter

324 3377 345 3405 “
358 3369 514 3445 attendet,
531 3368 613 3432 hane
635 3369 730 3453 hujus
751 3368 811 3432 loci
834 3370 955 3434 videbit
976 3393 1045 3434 esse
1067 3374 1269 3447 sententiani,
1285 3376 1370 3457 quod

323 3480 345 3510 ‘⁴
360 3494 401 3535 ex
412 3471 526 3557 spiritu
538 3478 648 3534 natum
660 3480 718 3546 est,
730 3471 886 3555 Spiritum
897 3494 975 3545 esse,
983 3473 1057 3555 quia
1070 3472 1208 3556 Spiritus
1221 3477 1368 3553 Sanctus,

324 3582 343 3608 “
359 3594 430 3636 curn
445 3574 532 3637 Deus
553 3572 596 3636 sit
613 3581 647 3636 et
664 3595 705 3636 ex
721 3574 790 3636 Deo
809 3582 905 3637 natus
922 3574 965 3637 sit
982 3573 1047 3636 sivo
1069 3576 1268 3656 processerit,
1286 3578 1369 3658 (haeo

322 3674 443 3737 “enim
461 3673 619 3738 interdum
642 3671 725 3736 idem
748 3676 889 3759 sonant)
904 3697 963 3759 pro
986 3696 1109 3739 summa
1131 3698 1188 3740 sua
1209 3686 1370 3761 potestate

324 3782 344 3811 “
360 3775 497 3861 Spiritus
512 3797 566 3838 eos
580 3774 676 3837 efficit
691 3797 771 3858 quos
785 3775 983 3858 regenerat.’'

367 3876 448 3940 lbid.
471 3877 491 3939 l.
518 3876 546 3939 8.
570 3876 758 3939 idololatriae
782 3877 928 3960 servitus]
955 3877 1092 3941 Addidit
1114 3901 1222 3943 vocem
1245 3883 1373 3948 servitus

322 3978 456 4042 forsitan
470 3999 510 4040 ex
526 3976 685 4040 codicibus
700 3977 766 4040 suis
781 3977 941 4055 Baluzius,
956 4000 1052 4061 quam
1067 3982 1212 4063 agnoscit
1227 3982 1371 4068 Vulgata

323 4077 554 4162 Interpretatio
576 4086 702 4141 vertens
728 4077 878 4141 idolirum
902 4079 1042 4156 servitus,
1066 4088 1221 4164 extatque
1245 4087 1373 4149 εεωίιω

321 4181 355 4243 in
369 4179 487 4243 nostris
501 4178 650 4263 Cypriani
667 4179 702 4240 M
706 4178 807 4243 SStis.

367 4281 449 4344 lbid.
465 4279 485 4342 l.
506 4296 555 4361 17.
573 4279 744 4363 Lambese]
762 4280 906 4358 Λαμαίσα
924 4276 988 4341 sive
1006 4280 1171 4356 Λαμβαίσα
1187 4281 1270 4344 Ptol.
1302 4284 1369 4347 Nu·

322 4381 426 4445 midias
446 4380 534 4458 urbs,
555 4381 596 4443 de
618 4402 681 4463 qua
700 4403 794 4464 snpra
815 4401 855 4443 ex
873 4379 996 4443 Anton.
1015 4380 1142 4464 insuper
1161 4381 1253 4466 Cypr.
1276 4387 1370 4470 epist.

322 4483 376 4545 lix.
391 4483 433 4546 ad
449 4483 540 4546 Pam.
552 4503 700 4545 numeros
714 4482 754 4546 lv.
768 4481 1028 4547 Lambesitanam
1040 4482 1204 4547 Coloniam
1218 4487 1367 4570 appellat.

325 4583 455 4647 Faunus.

369 4707 438 4749 von.
453 4708 498 4748 ιιι.
824 4707 872 4749 cc
