3700 5667
577 650 628 712 IN
654 650 685 713 S.
702 649 934 713 CORNELII
960 650 1281 714 FRAGMENTA.
1411 653 1454 719 59

400 815 476 899 quia
490 816 593 879 inanis
606 837 634 878 es
648 825 757 889 lamen,
775 825 802 878 et
819 816 922 878 domui
940 826 1003 879 luoe
1016 814 1069 879 ςοό
1084 818 1166 880 orsini
1176 818 1373 899 festinat—ione
1388 816 1452 880 dis·

393 938 500 1000 ροαοῑ
521 927 549 981 el
562 918 591 981 si
604 916 754 980 desideras
767 917 929 981 remedium
939 919 1123 1001 pesnitaslioe
1129 920 1263 1003 percipe.
1311 919 1371 997 Qui
1385 941 1454 982 ταοο

400 1028 522 1102 mepta
530 1020 720 1102 panissas-io,
736 1019 937 1104 όίςροαῗτοροο
951 1020 1036 1083 dano
1052 1043 1118 1096 sua,
1135 1020 1452 1103 subsannationis,

399 1120 533 1202 sequenti
547 1129 627 1183 οοοίο
641 1120 787 1202 migravit
801 1144 816 1184 ο
831 1143 958 1205 corpore.
987 1122 1143 1185 Vnnnsrus.

446 1219 484 1283 P.
502 1238 552 1304 23·
568 1221 588 1285 l.
601 1223 630 1285 8.
653 1223 764 1290 παντὸς
780 1228 830 1285 τοῦ
845 1225 992 1303 παρόντος
1007 1224 1097 1308 λαοῦ]
1121 1224 1225 1287 Abest
1244 1223 1391 1304 παρόντος
1410 1221 1453 1285 ab

400 1322 451 1386 ed.
467 1322 506 1384 R.
524 1323 635 1409 steph.
682 1324 721 1388 In
741 1325 847 1388 eodioe
867 1325 952 1388 Μαι.
969 1324 1056 1388 Med.
1075 1325 1156 1387 Fuk.
1173 1332 1206 1388 st
1222 1324 1294 1387 Sav.
1311 1344 1368 1386 nee
1388 1345 1453 1386 nou

401 1424 488 1508 apud
510 1425 687 1509 Syncellum
713 1427 830 1510 legitur
852 1427 966 1492 παντὸς
991 1435 1043 1491 τοῦ
1066 1428 1213 1507 παρόντος
1238 1429 1325 1487 λαοῦ.
1349 1424 1452 1486 Vnnn·

402 1548 477 1588 sius.
524 1526 628 1591 Addit
644 1528 807 1592 Strothius
823 1550 863 1590 ex
879 1549 978 1611 marg.
995 1529 1044 1590 ed.
1061 1529 1178 1593 Gener.
1194 1529 1289 1591 Lecti.
1310 1526 1452 1601 (ἔνατον,

403 1627 518 1710 quibus
549 1628 682 1712 adjunxi
711 1630 790 1693 MS.
822 1629 959 1712 Noffole.
990 1637 1023 1693 et
1053 1651 1136 1693 nune
1165 1630 1292 1693 demum
1327 1627 1452 1691 codices

402 1750 525 1806 omnes,
541 1730 654 1815 quibus
669 1753 745 1793 usus
759 1738 811 1794 sst
826 1730 1000 1794 Burtouus.

447 1830 530 1894 Ibid.
545 1830 565 1893 l.
582 1854 610 1914 9.
636 1832 683 1894 καὶ
709 1838 766 1895 τῶν
790 1838 903 1894 λοιπῶν
930 1833 961 1892 δὲ
984 1830 1054 1914 bra]
1086 1829 1279 1905 Evadstum,
1304 1830 1336 1892 in
1362 1830 1452 1914 eujus

401 1930 506 1994 locum
521 1933 621 2001 Zetus
636 1932 801 2016 episeopus
816 1932 1008 1995 constitutus
1031 1930 1127 1993 luisse
1146 1931 1178 1993 in
1199 1931 1360 2015 superiore
1377 1930 1453 2014 Epi-

402 2033 486 2096 stola
505 2054 536 2118 5.
565 2034 691 2111 dieitur,
713 2057 752 2099 ex
774 2034 823 2097 his
847 2034 969 2097 duobus
993 2033 1148 2118 episeopis
1172 2055 1268 2096 unum
1291 2032 1452 2096 exstitisse

402 2134 546 2198 Valesius
562 2135 773 2219 probabiliore
788 2137 972 2219 conjectura
987 2143 1091 2220 putat.
1128 2135 1213 2197 Hine
1229 2135 1345 2219 quippe
1360 2135 1452 2199 faeile

401 2234 601 2319 intelligitur,
616 2260 678 2322 quo
694 2246 789 2323 paeto
807 2239 985 2301 ansislum
1006 2247 1155 2300 ανοόοταα
1172 2237 1339 2299 schismatis
1350 2237 1452 2319 fuisso

401 2336 565 2401 Cornelius
586 2339 771 2404 inlaudata
794 2339 929 2423 epistola
952 2339 1080 2402 scribat.
1128 2337 1180 2400 lta
1199 2344 1307 2400 autem
1329 2338 1452 2402 duobus

401 2436 462 2500 illis
477 2438 632 2524 episcopis
648 2463 843 2504 successores
858 2440 1022 2504 ordinatos
1038 2462 1106 2503 esse
1125 2440 1177 2502 bie
1192 2446 1397 2516 memoratur,
1414 2447 1451 2503 ut

400 2546 435 2602 et
450 2539 588 2622 quodam
609 2542 704 2603 modo
719 2541 870 2604 innuatur
883 2540 953 2604 loeo
968 2542 1048 2625 ejus,
1064 2540 1117 2625 qui
1137 2541 1178 2603 ad
1199 2540 1450 2603 communionem

400 2639 515 2703 laneam
541 2648 706 2725 susceptus
730 2652 791 2718 est,
818 2643 974 2706 neminem
1000 2664 1068 2705 esse
1092 2642 1268 2705 suffectum.
1321 2642 1384 2704 Sed
1410 2663 1450 2704 ex

401 2763 464 2825 quo
491 2743 654 2828 episeopus
684 2745 725 2807 ad
755 2745 1006 2808 eommunionem
1032 2743 1145 2806 laicam
1170 2743 1310 2826 dejectus
1335 2743 1450 2827 praedi-

400 2852 504 2921 catur,
524 2846 630 2908 sedem
652 2846 735 2909 illius
757 2870 881 2923 vacare,
896 2847 987 2929 sique
1006 2846 1259 2930 prospiciendum
1282 2869 1350 2910 esse
1370 2846 1450 2910 satis

400 2945 596 3030 int-elligitur.
618 2946 790 3011 (lousrnnr.
836 2954 894 3011 τῶν
906 2951 939 3011 δὲ
950 2955 1065 3010 λοιπῶν
1080 2948 1202 3032 Syncell
1219 2955 1253 3011 et
1267 2949 1354 3012 Flos.
1371 2958 1450 3012 uler-

399 3067 465 3128 qus,
481 3046 579 3109 codiee
594 3048 694 3111 Veniet.
712 3051 744 3110 δὲ
762 3049 942 3112 omittente.
978 3049 1071 3111 Missi
1088 3056 1162 3113 sunt
1178 3050 1269 3113 sedes
1283 3072 1357 3113 suas
1371 3072 1450 3134 prae·

400 3145 483 3208 sules
506 3147 559 3210 isti
585 3171 606 3212 a
628 3150 760 3233 synodo,
788 3150 872 3233 quod
902 3150 1038 3215 sortasse
1060 3151 1147 3234 prius
1170 3152 1326 3215 dederant
1348 3152 1387 3215 de
1410 3151 1448 3214 iis

399 3247 617 3313 testimonium
633 3250 783 3328 eeulesiae,
798 3251 839 3314 ad
855 3273 935 3335 quas
949 3250 1210 3336 designabantur.

443 3350 621 3416 lbid.l.12.
644 3351 683 3415 ‘0
700 3354 849 3431 ἐκδικητὴς
867 3354 920 3416 οῦν
941 3357 993 3414 τοῦ
1012 3355 1201 3436 εὐαγγελίου]
1229 3355 1309 3416 Haeo
1331 3353 1448 3417 ironice

398 3451 550 3515 dieantur
563 3454 603 3516 ds
618 3453 809 3529 Novatiano‚
827 3455 879 3538 qui
900 3476 935 3518 se
950 3462 1141 3516 assertorem
1159 3453 1311 3537 evangelii
1326 3453 1448 3526 Christi

399 3574 466 3615 esse
487 3555 644 3636 jactabat,
672 3569 709 3619 ut
734 3556 827 3618 doeot
850 3555 1027 3639 Cyprianus
1053 3554 1084 3616 in
1107 3552 1253 3638 Epistola
1277 3554 1381 3634 prima
1406 3555 1448 3616 ad

400 3654 593 3717 Cornelium.
627 3657 748 3719 Exstat
763 3655 856 3719 hodie
871 3656 951 3718 liber
964 3654 1139 3718 Novatiani
1151 3655 1190 3716 de
1202 3655 1280 3718 eibis
1290 3654 1314 3716 J
1316 3655 1447 3728 udaieis,

398 3777 491 3839 quem
510 3757 561 3818 ille
580 3757 624 3819 sie
644 3756 813 3841 inscripsit,
824 3757 909 3841 plebi
924 3759 959 3819 in
980 3757 1129 3841 evangelio
1145 3757 1325 3840 persistenti.
1351 3758 1449 3819 Vnae-

397 3881 469 3920 srus.
517 3859 622 3922 Abest
646 3859 699 3921 οῦν
722 3880 742 3921 a
758 3860 855 3923 MSto
870 3859 1008 3941 Norsole.
1034 3861 1050 3920 ό
1075 3861 1107 3920 δὲ
1132 3858 1281 3935 ἐκδικητὴς
1305 3859 1358 3921 οὖν
1381 3884 1407 3920 τ.
1422 3861 1445 3921 ἒ.

398 3960 527 4042 Syncsll.
573 3959 654 4023 Vide
669 3969 735 4024 not.
752 3981 858 4043 supra,
873 3982 946 4044 pag.
963 3979 1016 4043 54.

442 4062 525 4125 Ibid.
541 4061 560 4124 l.
575 4081 624 4144 13.
649 4061 702 4124 ἕνα
725 4063 890 4124 ἐπίσκοπον
905 4069 968 4125 δεῖν
983 4062 1060 4124 εἶναι
1081 4064 1114 4124 ἑν
1129 4064 1271 4146 καθολικῇ
1292 4059 1446 4143 ἐκκλησίᾳ]

399 4162 521 4226 Eadem
535 4163 632 4225 verba
647 4162 797 4246 leguntur
812 4162 844 4224 in
861 4162 1008 4247 Epistola·
1021 4161 1158 4227 Cornelii
1170 4162 1268 4243 Papae
1283 4159 1326 4222 ad
1339 4159 1448 4243 Cypri-

396 4286 502 4340 anum,
520 4264 573 4326 ubi
590 4263 785 4327 confessores
801 4264 910 4327 relicto
926 4263 1107 4327 Novatiano
1121 4262 1163 4325 ad
1179 4259 1342 4324 ecelesiam
1357 4261 1447 4323 rede-

396 4375 499 4443 uutes,
520 4365 571 4428 bis
590 4365 695 4428 verbis
716 4366 763 4428 usi
784 4388 852 4428 esse
874 4365 1034 4427 dicuntur.
1084 4364 1153 4426 Neo
1174 4361 1253 4424 enlm
1276 4360 1449 4444 ἱροοτατανο

396 4489 487 4530 νοοοα
518 4467 621 4530 Deum
650 4487 730 4539 ssse3
766 4488 860 4530 anum
891 4465 1041 4528 θανόντοιν
1069 4486 1128 4528 esse
1157 4462 1333 4538 Dominam,
1363 4485 1449 4547 quem

395 4571 519 4655 oonsessi
539 4589 666 4636 ςοοτνος
695 4589 788 4630 unum
803 4568 960 4651 Spiritum
982 4576 1137 4629 sonuum.-
1162 4587 1257 4630 auum
1279 4565 1447 4648 ορίοοοροαι

918 4686 962 4733 12
