3700 5667
532 697 820 760 ANNOTA'I'IO
843 696 911 759 Al)
936 694 1192 757 ΤΗΕΟΝΑΜ.
1319 696 1385 761 447

340 856 543 926 Renaudotio
558 861 664 943 (Hist.
683 859 856 924 Petriarch.
871 860 966 924 Alex.
986 882 1058 946 png.
1075 860 1144 945 53.)
1160 869 1193 925 et
1208 859 1387 945 Lequienic

339 964 411 1045 (Or.
431 964 549 1029 christ.
571 971 647 1027 tom.
664 962 695 1025 ii.
717 985 747 1046 p.
761 965 852 1046 396.)
873 963 1045 1038 erudimur,
1066 963 1229 1029 celebrant
1248 963 1387 1049 Coptitae

340 1065 391 1129 die
414 1089 447 1129 11.
474 1064 592 1128 mensis
616 1063 706 1147 Tybi‚
731 1063 796 1126 sive
819 1085 932 1128 xxvm.
956 1063 1157 1128 Decembris:
1185 1064 1254 1149 ejus
1278 1072 1387 1131 tamen

339 1165 408 1228 dies
422 1165 520 1229 festus
535 1166 567 1227 iu
584 1163 702 1229 tubulis
722 1163 943 1228 ecclesiasticis
961 1165 1047 1245 apud
1064 1162 1200 1228 Latinos
1214 1163 1323 1249 agu‘tur
1336 1164 1387 1229 die

339 1287 431 1327 xxm.
449 1264 601 1349 Augusti.

383 1365 552 1450 Superiore
575 1364 690 1428 monle
712 1364 799 1429 edita
820 1373 869 1429 est
888 1387 909 1428 a
930 1364 1088 1428 Dacherio
1109 1363 1232 1449 (Spicil.
1246 1373 1323 1429 tom.
1340 1364 1384 1429 iii.

338 1488 410 1549 pag.
429 1484 501 1547 297.
518 1487 588 1529 nov.
604 1466 680 1529 edit.
697 1465 747 1529 De
767 1465 811 1529 Lu
827 1465 945 1547 Barre)
961 1465 1097 1550 epistola
1115 1466 1238 1529 Theona
1256 1466 1386 1551 episcopi

339 1568 475 1630 Lucinae
494 1568 748 1632 cubiculariorum
760 1569 906 1652 praescoto
925 1568 1087 1652 inscripta,
1105 1567 1265 1653 praeolaris
1279 1567 1385 1633 Chris-

339 1668 435 1731 tianae
458 1667 588 1752 pietatis
610 1677 643 1733 et
666 1669 843 1754 prudentiae
865 1670 1023 1733 institutis
1045 1670 1172 1744 referta,
1189 1669 1385 1753 primaevam-

339 1791 400 1853 que
424 1769 519 1851 plane
544 1770 779 1854 simplicitatem
806 1771 958 1835 redolens.
1013 1772 1058 1835 Et
1085 1769 1221 1856 primum
1247 1771 1383 1855 quidem,

338 1871 379 1935 ab
398 1871 524 1935 homine
547 1874 661 1937 Graeco
681 1873 776 1937 fuisse
795 1873 880 1936 illam
899 1872 1119 1958 perscriptam,
1141 1894 1181 1936 ex
1201 1894 1239 1936 eo
1257 1880 1385 1938 constat

338 1972 422 2054 quod
456 1981 569 2037 auctor
602 1974 725 2037 divinas
757 1973 932 2057 scripturas
964 1994 1216 2038 commemorans
1245 1972 1383 2054 (Theon.

339 2073 443 2158 Epist.
465 2080 488 2153 θ’.
504 2074 595 2154 νίἰ.);
624 2077 703 2151 Eas,
727 2075 841 2160 inquit,
866 2076 951 2140 miro
974 2076 1136 2160 dilipcntic
1160 2083 1189 2138 el
1214 2073 1385 2158 turpissimo

338 2176 489 2259 impendio
510 2176 691 2240 Plobmoeus
710 2175 932 2261 Philadelphus
951 2176 986 2239 iss
1004 2199 1145 2239 rmeusu
1164 2197 1306 2238 romanu
1321 2184 1385 2239 lra-

337 2277 410 2340 clcci
439 2278 568 2341 cumcit.
625 2278 737 2362 Neque
767 2299 842 2341 sane
872 2276 1019 2340 dubitare
1049 2299 1107 2340 nos
1137 2276 1212 2340 sinit
1241 2275 1384 2360 epistolae

337 2378 446 2452 dictio,
467 2380 543 2462 quin
565 2401 636 2443 eum
658 2403 676 2443 e
699 2381 812 2444 Graeco
836 2378 954 2442 Latine
976 2379 1134 2442 redditam
1157 2378 1382 2442 existimemus.

339 2481 502 2544 Praeterea
539 2481 659 2565 scripta
690 2481 786 2544 fuisse
819 2479 1006 2564 perhibetur
1038 2480 1173 2564 epistola
1205 2478 1383 2562 hujusmodi

338 2580 480 2659 (Theon.
497 2580 601 2665 Epist.
617 2586 641 2662 5.
658 2581 691 2665 i]
703 2603 783 2665 punc
793 2602 854 2665 per
868 2578 976 2643 bonam
985 2581 1160 2665 principem
1175 2581 1305 2646 caceio
1318 2601 1384 2644 cors·

337 2703 427 2745 cessa
481 2681 625 2767 Denique
649 2689 789 2746 testatur
813 2688 927 2747 auctor
951 2681 1070 2766 (Epist.
1095 2687 1118 2763 ς.
1141 2682 1188 2762 ἰ.),
1209 2681 1384 2766 ρήπσίρηη

337 2781 437 2866 iposam
465 2783 598 2847 mem
629 2783 810 2848 Christianae
839 2782 980 2866 rslipioui
1008 2782 1208 2868 adsmptam,
1232 2782 1266 2846 iu
1294 2782 1384 2866 cujus

336 2884 457 2968 palatio
479 2884 742 2949 cubiculariorum
765 2885 907 2969 praefecti
928 2906 1059 2948 munere
1080 2885 1273 2971 fungebatur
1292 2883 1384 2948 Luci·

336 3006 427 3062 anus,
442 2987 518 3069 ipsis
534 2986 717 3051 Ciniticois
730 2987 811 3052 celat
818 2985 1010 3071 fidelioribus
1024 2988 1118 3051 alam
1131 2997 1159 3052 et
1173 3008 1280 3072 corpas
1296 3008 1384 3051 saum

336 3088 518 3152 servendum
536 3089 705 3153 credidisse.
750 3089 801 3153 Ex
818 3090 932 3174 quibus
949 3111 1025 3174 ergo
1041 3089 1279 3154 characteribus
1296 3097 1384 3154 recte

338 3190 480 3274 arguisse
505 3191 596 3254 nobis
620 3192 767 3257 videntur
792 3190 994 3256 doctissimus
1020 3190 1239 3255 Tillemoutius
1265 3190 1383 3272 (Mem.

339 3290 423 3353 Eccl.
440 3298 517 3353 tom.
532 3290 573 3354 iv.
592 3312 625 3373 p.
639 3308 713 3371 771.
734 3299 801 3354 not.
820 3311 846 3353 1.
866 3312 922 3352 sur
937 3290 970 3353 S.
987 3289 1106 3353 Theon.
1124 3298 1157 3353 et
1178 3297 1256 3353 tom.
1272 3311 1301 3352 v.
1320 3298 1383 3354 art.

338 3391 380 3454 iii.
397 3413 469 3475 pag.
481 3410 509 3471 7.
522 3389 570 3475 (in
586 3390 675 3454 Serie
689 3389 838 3455 Ohronol.
855 3411 940 3452 anno
954 3407 1026 3470 290.
1041 3387 1209 3473 epistolam
1224 3389 1382 3474 assignat)

338 3499 372 3555 et
387 3491 582 3555 Dacheriani
600 3489 759 3575 Spioilegii
780 3510 919 3572 nuperus
938 3489 1043 3552 editor
1059 3489 1178 3574 (Spicil.
1194 3490 1213 3554 l.
1231 3493 1286 3570 a),
1302 3491 1384 3555 hauc

338 3592 505 3677 epistolam
527 3591 613 3655 haud
635 3591 729 3656 aliter
749 3613 818 3655 esse
840 3590 1056 3674 accipiendam
1079 3612 1175 3675 quam
1198 3592 1238 3656 de
1260 3591 1384 3657 Diocle·

338 3696 418 3760 tiani
433 3696 574 3781 imperio,
589 3704 762 3780 antequam
777 3693 829 3757 ille
843 3714 928 3757 anno
941 3715 1038 3755 eccur.
1053 3693 1206 3757 adversm
1221 3693 1384 3758 ecclesiam

338 3795 478 3866 fureret;
503 3816 599 3878 quam
615 3802 785 3880 propterea
800 3792 948 3857 Theouas
963 3792 1129 3880 episcopus
1145 3794 1385 3860 Alexandrinus

338 3894 453 3959 eaeculo
469 3917 513 3959 111.
529 3895 692 3959 desinente
707 3893 935 3980 perscripserit.

383 3998 484 4059 Porro
503 3997 642 4060 adhunc
662 3995 853 4061 sententiam
872 3996 1100 4060 adstruendam
1119 3996 1383 4081 locupletissimus

338 4095 430 4159 testis
458 4096 582 4160 accedit
611 4095 768 4160 Eusebius
798 4099 904 4180 (Hist.
934 4098 1019 4161 Ecol.
1045 4097 1099 4160 lib.
1125 4096 1186 4160 viii.
1218 4119 1287 4181 cap.
1315 4101 1380 4178 1.):

337 4207 359 4234 “
376 4199 520 4277 Qualem,
543 4197 655 4281 inquit,
679 4206 894 4282 quantamque
916 4198 1052 4282 gloriam
1076 4196 1168 4260 simul
1192 4218 1230 4260 ac
1253 4196 1382 4262 liberta·

338 4306 443 4362 “tem
466 4299 611 4362 doctrina
631 4318 713 4361 vcrae
735 4318 812 4381 erga
833 4318 1015 4382 supremum
1038 4300 1144 4361 Deum
1166 4298 1382 4381 pietatis—

339 4412 357 4434 “
374 4401 460 4485 apud
475 4422 584 4463 omnes
599 4399 728 4463 Graecos
742 4398 915 4482 pariterue
931 4397 1085 4461 barbaros
1102 4405 1178 4461 ante
1194 4398 1383 4481 persecutio·

340 4511 359 4530 ‘⁸
376 4521 447 4562 nem
468 4510 579 4564 nostra
595 4498 748 4561 memoria
768 4494 943 4560 excitatam
963 4502 1133 4559 consecuta
1152 4495 1205 4571 sit,
1220 4516 1278 4559 nos
1298 4503 1384 4560 certe

340 4613 358 4632 ‘⁴
375 4622 433 4684 pro
459 4601 572 4665 merito
597 4598 755 4683 explicare
781 4619 844 4661 non
870 4618 1045 4682 possumus.
1092 4596 1291 4681 Argumenta
1315 4619 1384 4661 esse
