3700 5667
492 663 559 727 200
833 660 1214 727 ANNOTATIONES

491 835 520 898 si
536 833 705 897 Christiani
719 854 779 896 noa
792 835 973 917 tramant,
989 833 1148 916 quomodo
1163 839 1236 917 post
1251 832 1319 896 haee
1335 832 1423 896 edita
1444 833 1541 916 scrip-

492 944 562 1001 tum
578 935 711 999 vidimus
730 935 763 997 iu
782 935 890 998 eodioe
910 935 1013 999 saneti
1028 934 1198 1019 Arnulphi,
1245 934 1344 997 Fiunt
1365 934 1459 1006 euim,
1476 956 1540 997 nou

491 1045 665 1103 naseuntur
683 1036 865 1110 Christiani,
888 1036 936 1100 uti
959 1037 1161 1100 observatum
1183 1044 1233 1100 est
1255 1058 1352 1121 supra
1373 1058 1446 1121 pag.
1462 1056 1538 1120 373.

493 1141 663 1205 Bauuzws.
708 1139 791 1203 Cum
815 1139 899 1221 apud
925 1140 1127 1224 Auyustianm
1149 1147 1194 1215 et,
1218 1146 1301 1203 teste
1323 1138 1400 1203 edit.
1423 1139 1539 1214 Oxou,

494 1242 528 1305 in
551 1241 649 1305 MSS.
671 1239 766 1305 Edor.
790 1249 823 1305 et
845 1241 939 1304 Bodl.
961 1261 990 1306 2.
1014 1247 1047 1304 et
1069 1241 1102 1303 in
1127 1248 1266 1323 quatuor
1288 1240 1375 1316 meis,
1398 1248 1496 1324 atquo
1518 1263 1539 1305 a

494 1345 623 1407 Zonara
644 1343 836 1424 γινέσθωσαν
858 1342 912 1428 qui
936 1343 1044 1419 habet,
1067 1343 1193 1428 legatur
1206 1344 1300 1425 fiunt,
1324 1343 1427 1427 ipsum
1450 1342 1539 1417 illud,

493 1447 578 1530 quod
593 1445 684 1508 nobis
698 1445 746 1509 vir
761 1446 874 1509 doetus
889 1446 1101 1520 sommendat,
1115 1446 1331 1530 reponendum
1346 1444 1524 1508 videbatur.

536 1546 576 1608 P.
597 1563 668 1608 122.
687 1545 708 1608 l.
731 1567 778 1625 14.
802 1545 979 1609 confirmari
1004 1546 1144 1630 oportet]
1170 1546 1223 1609 Sio
1246 1547 1413 1609 emendate
1437 1544 1538 1608 edidit

495 1645 643 1710 Baluzius
661 1647 797 1709 sortasse
818 1669 858 1709 ex
878 1646 1006 1732 seriptis
1025 1646 1109 1720 suis;
1134 1648 1210 1710 dum
1230 1647 1284 1710 alii
1304 1654 1362 1711 aut
1383 1646 1538 1709 omittunt

493 1747 623 1811 verbum
647 1755 766 1831 oportet,
790 1748 965 1830 confirmi
988 1755 1097 1812 tamen
1120 1748 1167 1811 vel
1192 1749 1367 1811 oontrmare
1390 1747 1539 1831 legentes,

493 1856 551 1912 aut
572 1848 703 1911 verbum
726 1846 860 1912 aaran
882 1857 957 1933 post
979 1851 1167 1932 confirmare,
1191 1870 1254 1911 nou
1277 1853 1351 1932 post
1375 1844 1538 1919 observare,

494 1956 660 2034 proestant.

540 2051 731 2115 ibid.l.18.
758 2052 891 2133 Quietus
915 2075 936 2116 a
958 2051 1101 2137 Barueh]
1129 2052 1169 2115 In
1193 2049 1365 2115 Veronensi
1389 2050 1541 2132 Oonfsssor

497 2153 620 2232 Quietae
645 2176 666 2217 a
690 2155 809 2238 Buruq.
835 2155 1013 2218 Rrunn‘rrus.
1055 2154 1228 2218 Marcellus
1253 2153 1286 2216 in
1311 2152 1427 2236 Africa
1454 2149 1542 2213 Olari-

493 2257 597 2319 stata
610 2256 674 2320 vol.
690 2257 711 2318 i.
726 2278 756 2340 p.
772 2276 841 2320 110.
866 2265 885 2294 ‘⁴
896 2256 1138 2341 Remmiam,
1156 2256 1253 2320 Latet
1267 2255 1326 2320 sub
1340 2254 1401 2317 hoo
1416 2252 1541 2315 nomine

496 2366 517 2396 '‘
532 2358 651 2434 Barea,
668 2379 763 2441 quarn
786 2358 979 2422 Ptolemaeus
998 2358 1031 2421 in
1052 2358 1258 2423 Mauretania
1280 2355 1466 2423 Caesariensi
1485 2376 1540 2438 ag·

496 2466 516 2495 “
530 2459 645 2533 uosoit,
666 2480 705 2522 ea
726 2458 876 2544 Cypriani
898 2482 966 2524 aevo
988 2461 1099 2544 Bumy
1120 2460 1281 2533 audiebat,
1305 2460 1389 2522 unde
1411 2458 1542 2541 Burnya

497 2568 517 2590 ‘'
532 2567 591 2623 aut
601 2559 746 2644 Batauis
760 2580 828 2623 esse
843 2560 952 2645 ooepit,
962 2582 1033 2644 quoe
1044 2562 1151 2625 Barea
1163 2560 1309 2646 primitus
1324 2559 1412 2622 diota
1423 2556 1539 2629 fuerat,

495 2668 714 2745 “quanquam
740 2662 843 2725 Graeoi
871 2662 1010 2727 barbara
1035 2664 1164 2726 nomina
1190 2661 1312 2725 mollire
1339 2659 1413 2746 ipsi,
1440 2664 1474 2721 et
1498 2657 1540 2719 ad

496 2770 516 2799 ‘⁶
528 2764 673 2827 Graecam
683 2764 943 2829 consuetudinem
952 2766 1063 2829 efferre
1072 2765 1234 2829 solebant:
1252 2771 1289 2827 ut
1299 2761 1404 2847 prisea
1413 2759 1542 2824 nomina

496 2871 516 2899 ‘'
532 2863 574 2928 ab
590 2863 681 2926 Afris
701 2871 826 2928 servata
846 2865 964 2949 potius,
980 2888 1075 2952 quam
1094 2866 1263 2931 immutata
1283 2871 1397 2950 putare
1411 2860 1542 2948 possis.''

497 2966 547 3029 De
562 2965 664 3029 titulis
679 2965 750 3030 istis
765 2966 833 3050 agit
849 2967 999 3032 Baluzius
1013 2991 1111 3054 supra
1124 2969 1184 3033 sub
1198 2969 1324 3032 initium
1339 2974 1496 3030 notarum.

540 3066 622 3129 Ibid.
637 3066 658 3129 l.
675 3085 725 3131 21.
749 3064 956 3151 baptizaturo
970 3070 1095 3154 neonae]
1113 3069 1264 3153 Sequitur
1277 3069 1375 3145 istud,
1389 3077 1417 3132 ot
1432 3066 1541 3129 iterum

495 3168 593 3254 tengrit
610 3177 769 3245 mortam
785 3169 818 3231 in
832 3170 900 3234 edd.
916 3172 1045 3235 Erasmi
1063 3179 1161 3256 atque
1176 3172 1270 3236 Falli.
1294 3175 1332 3234 In
1346 3171 1460 3233 harum
1476 3166 1540 3230 odi·

495 3270 619 3334 tionum
640 3271 815 3355 posteriore
837 3273 930 3337 testis
951 3272 1095 3337 lectionis
1117 3274 1236 3337 ditatur
1256 3272 1452 3358 denuntians,
1470 3290 1539 3353 quae

495 3380 603 3437 tamen
619 3372 651 3436 in
667 3373 838 3458 Augustini
853 3375 936 3439 sieut
949 3376 1100 3460 Cypriani
1112 3374 1325 3439 Benedictinis
1338 3371 1539 3442 editionibus,

495 3476 609 3539 merito
633 3476 802 3561 repudiata
827 3485 885 3542 est.
931 3478 1047 3561 Neque
1070 3477 1162 3541 addit
1186 3477 1282 3540 verba
1304 3474 1483 3561 Cyprianus
1508 3472 1541 3534 iu

497 3577 638 3658 Epistohs
654 3577 700 3641 ad
715 3579 879 3656 Quium
904 3580 1001 3642 immo
1017 3579 1064 3642 ita
1079 3579 1127 3641 vel
1142 3578 1280 3662 ineptius
1297 3577 1349 3640 hio
1364 3577 1539 3639 adductum

495 3685 580 3741 esset
605 3677 757 3742 Siraeidae
786 3679 884 3754 istud,
910 3679 937 3743 si
963 3679 1031 3743 fieri
1057 3680 1089 3742 id
1114 3687 1233 3763 posset.
1280 3676 1439 3741 Nesciunt
1462 3675 1538 3738 illud

495 3797 567 3839 eum
586 3776 738 3860 Cypriani
754 3784 825 3840 tum
840 3777 1023 3862 Augustini,
1040 3778 1154 3862 quibus
1174 3786 1259 3854 ntor,
1274 3778 1383 3862 scripti
1403 3776 1537 3840 codices.

495 3875 761 3940 Additamentum
777 3885 885 3941 tamen
899 3886 992 3943 extat
1006 3880 1038 3941 in
1053 3880 1122 3944 edit.
1138 3880 1311 3943 Harduina
1327 3877 1538 3943 conciliorum.

540 3979 575 4040 P.
596 3994 667 4061 123.
682 3977 703 4039 l.
721 3980 751 4040 8.
773 3979 969 4064 blasphemia
990 3980 1170 4065 Trinitatis]
1189 3981 1344 4045 Observet
1363 3981 1473 4057 lector,
1487 3979 1539 4042 hio

495 4086 529 4144 et
550 4079 637 4157 alibi,
656 4080 819 4145 Dinimtis
833 4103 942 4145 vooem
958 4083 1116 4146 Personas
1130 4084 1252 4148 divinas
1267 4083 1441 4167 designare.
1487 4081 1539 4144 Sie

495 4182 582 4247 Tert.
601 4182 672 4245 adv.
691 4184 788 4247 Prax.
803 4205 830 4247 e.
846 4203 877 4267 3.
900 4185 1074 4247 Numerum
1092 4194 1119 4247 ot
1138 4185 1357 4269 dispositionem
1377 4183 1537 4254 trinitatis,

494 4284 671 4348 desdam
686 4294 875 4369 prcusmmmt
892 4286 1044 4358 unitata·
1067 4287 1188 4370 quando
1209 4287 1312 4350 unitas
1332 4308 1368 4349 on
1386 4285 1541 4367 semetipsa

494 4384 637 4447 Madau
658 4385 837 4461 trinitatem,
855 4407 914 4449 aaa
936 4387 1110 4451 destruatw
1130 4386 1169 4450 ad
1190 4387 1259 4463 illa,
1277 4386 1331 4450 sat
1348 4385 1541 4450 administre-

495 4493 555 4547 tur.
603 4488 712 4570 Itaque
724 4486 798 4550 duos
813 4495 842 4550 et
857 4496 916 4550 tres
928 4487 1000 4571 jam
1011 4488 1160 4571 jactitant
1178 4511 1200 4552 a
1215 4489 1299 4552 mdis
1313 4487 1497 4573 praedicari,
1512 4506 1541 4547 se

495 4597 565 4648 toro
582 4587 674 4649 eutius
685 4587 750 4650 Dei
767 4587 890 4652 nedem
902 4600 1118 4673 presumant:
1141 4591 1231 4674 qusai
1252 4610 1310 4653 noa
1327 4597 1355 4651 et
1369 4588 1473 4651 undas
1495 4586 1540 4647 ir-
