3700 5667
390 673 435 752 76
741 679 1094 744 ANNOTATIONES

392 852 597 938 paulopost:
620 853 833 937 perducuntur
851 853 932 916 euim
953 852 1007 937 qui
1028 851 1195 914 ordinandi
1216 861 1296 926 aaut,
1311 861 1345 914 ut
1367 851 1442 914 dum

391 955 485 1021 lutari
497 977 598 1018 eorum
610 956 687 1039 septi
700 965 780 1029 euru,
793 955 900 1018 Ιιοπονο
919 954 1007 1039 dirui
1021 954 1190 1017 uideuatur.
1235 953 1349 1016 Fateor
1355 953 1441 1035 sacti

393 1078 494 1120 eorirm
506 1078 573 1133 aar,
587 1057 640 1121 aad
651 1057 738 1141 quusi
752 1056 899 1138 officialia.
943 1055 991 1119 At
1005 1057 1140 1142 episeopo
1158 1056 1238 1119 euim
1257 1057 1390 1120 mittitur
1409 1067 1442 1120 πί

392 1158 561 1243 obsequium
582 1157 719 1243 praebeat
748 1159 926 1221 ordirmudo.
984 1157 1101 1221 Totum
1131 1179 1205 1220 vero
1235 1157 1318 1220 huno
1345 1158 1442 1222 ritum

394 1262 514 1344 optime
543 1260 737 1347 desoriptum
766 1260 918 1323 habemus
947 1259 979 1321 in
1010 1259 1266 1325 Sacramentario
1293 1260 1442 1346 Gregorii

395 1363 502 1447 magni
517 1383 589 1447 pag.
605 1364 677 1446 236.
697 1363 739 1425 ad
761 1382 854 1445 quem
878 1361 981 1424 locum
1004 1361 1077 1425 vide
1100 1383 1171 1452 quae
1194 1361 1319 1427 notavit
1344 1364 1443 1447 Hugo

397 1464 573 1530 Menardus
586 1463 633 1527 uir
648 1464 856 1527 doctissimus.
884 1463 1047 1527 Vnursrus.

439 1565 477 1628 P.
492 1568 542 1629 26.
557 1565 577 1628 l.
589 1584 618 1648 7.
633 1565 687 1630 τὸν
703 1568 752 1630 ἐπὶ
768 1566 881 1651 κλίνης]
899 1565 952 1627 τὸν
968 1568 1002 1628 ἓν
1018 1568 1103 1644 κλίνῃ
1118 1566 1164 1629 ad.
1180 1566 1283 1650 sript.
1307 1566 1440 1631 Srnorn.

397 1667 459 1743 sio,
490 1674 574 1732 teste
604 1667 761 1746 Burteno,
788 1669 885 1738 MSS.
909 1668 999 1731 Bodi.
1024 1670 1098 1754 Ray.
1129 1679 1162 1732 et
1186 1669 1339 1744 Porisini
1366 1670 1443 1735 dum

395 1771 430 1835 τὸ
456 1791 515 1855 pro
540 1770 593 1834 τὸν
617 1770 766 1834 soribitur
795 1771 828 1833 in
852 1771 943 1835 Bodi.
970 1771 1082 1836 eodem
1107 1770 1264 1834 referente
1287 1771 1443 1838 Burtono.

398 1873 479 1936 Mox
494 1873 673 1956 ἐπιχυθέντα
688 1875 768 1938 MS.
782 1875 924 1958 Notfolr.

443 1973 526 2037 Ibid.
542 1973 562 2037 l.
576 1975 606 2036 8.
630 1976 671 2040 είς
686 1978 796 2054 κλῆρον
816 1977 882 2037 τινὰ
902 1971 1061 2057 γενέσθαι]
1087 1979 1205 2054 Κλῆρος
1224 1973 1367 2035 ordinem
1387 1992 1446 2035 seu

397 2077 532 2162 gradum
548 2075 704 2160 signifieat
719 2076 883 2140 ministerii
898 2074 1112 2139 ecelesiastici.
1159 2075 1214 2139 Ita
1230 2080 1339 2156 κλῆρον
1354 2098 1445 2155 πρεσ-

395 2179 534 2263 βυτερίου
561 2178 655 2263 paulo
678 2186 754 2241 ante
783 2177 947 2244 Cornelius
972 2178 1063 2253 dixit,
1091 2185 1124 2241 et
1149 2182 1259 2257 κλῆρον
1283 2179 1447 2252 ἐπισκοπῆς

398 2301 463 2343 uon
487 2279 582 2342 semel
604 2288 697 2344 vooat
718 2279 875 2343 Eusebius
898 2289 932 2344 et
953 2282 1103 2344 Irenaeus.
1150 2281 1267 2362 Itaque
1289 2278 1349 2341 hoo
1376 2278 1445 2340 loeo

399 2384 441 2447 είς
457 2382 566 2459 κλῆρόν
579 2405 656 2456 τινα,
672 2380 704 2442 id
719 2389 768 2444 est
789 2380 820 2442 in
837 2402 1036 2464 quocumque
1055 2381 1149 2444 eiero.
1195 2379 1392 2464 Epiphanius
1413 2379 1447 2446 in

399 2481 512 2547 haeresi
539 2480 794 2545 Meletianorum.
818 2484 847 2544 οί
869 2484 901 2544 δὲ
925 2483 984 2545 ἀπὸ
1012 2488 1155 2563 κληρικῶν
1178 2480 1362 2563 ὑπάρχοντες
1384 2486 1446 2544 διο·

398 2583 494 2662 φόρου
510 2581 628 2661 κλήρου,
644 2583 859 2662 πρεσβυτερίου
874 2608 907 2647 τε
922 2587 970 2647 καὶ
985 2589 1133 2651 διακονίας
1149 2587 1196 2649 καὶ
1211 2586 1324 2647 ἄλλων.
1369 2582 1447 2645 Ter-

401 2682 551 2748 tullianus
574 2692 693 2748 sortem
715 2692 817 2748 vocat.
864 2685 915 2748 Sia
942 2687 1081 2750 enimin
1108 2688 1187 2750 libro
1211 2687 1251 2749 de
1274 2685 1449 2768 virginibus

400 2785 550 2848 velandis.
594 2786 669 2849 Non
682 2786 876 2870 permittitur
894 2789 1017 2852 πυκίν’-ατί
1036 2790 1070 2852 in
1089 2789 1211 2853 οοοίνουῗα
1226 2787 1316 2871 oqui,
1331 2787 1384 2850 aad
1397 2808 1450 2848 ries

400 2889 513 2963 κίνυντο,
538 2910 589 2951 nae
612 2888 754 2973 ίὶπραυνα,
779 2911 831 2952 που
855 2891 970 2970 offlrrr,
991 2913 1044 2954 neo
1066 2892 1159 2954 aliiue
1183 2891 1286 2954 virilia
1306 2889 1448 2963 ππυπανῖκ,

400 2990 510 3062 nedum
530 2991 725 3054 sacerdotal-is
745 2992 835 3073 κῃίῐοίί
855 3002 960 3055 κοτίνου
982 2993 1041 3056 sibi
1063 2995 1234 3057 uenditare.
1288 2992 1340 3054 Sia
1362 2998 1450 3053 certe

401 3092 543 3176 loquitur
572 3103 663 3155 vetus
700 3102 812 3156 auctor
841 3094 881 3156 de
910 3095 1068 3159 haeretiois
1103 3117 1165 3158 non
1203 3093 1449 3178 rebaptizandis.

403 3195 491 3275 Quod
512 3216 579 3258 uum
599 3194 716 3257 nulium
737 3216 821 3257 santa
842 3197 949 3259 inuitis
959 3196 1107 3281 fidelium
1126 3206 1231 3272 tenera,
1252 3196 1299 3259 eei
1319 3195 1451 3257 amoime

401 3298 518 3362 nulium
547 3296 666 3360 ornuiuo
693 3298 728 3360 iu
756 3319 936 3382 priorumque
966 3300 1041 3362 clero
1070 3301 1269 3375 emutilatum,
1293 3320 1331 3361 aa
1358 3297 1451 3358 multa

401 3400 499 3485 mapis
518 3400 720 3484 episcoporum
739 3399 850 3464 audere
865 3400 976 3464 iucem.
1023 3405 1148 3465 Rursus
1168 3402 1200 3464 in
1225 3402 1335 3464 eodem
1359 3398 1451 3464 libro.

404 3505 502 3567 Immo
524 3502 622 3586 inopia
642 3501 695 3564 ίιοο
716 3503 834 3566 nornine
856 3503 949 3564 ariam
973 3514 1123 3579 οπικταίυν,
1148 3504 1216 3567 lieet
1232 3502 1336 3586 suerii
1360 3509 1453 3563 απίαα

391 3605 604 3699 fidelissimus,
621 3613 677 3667 αυί
697 3605 731 3667 in
753 3604 830 3668 οίονο
851 3604 954 3688 aliquo
975 3607 1155 3669 contitutus.
1202 3606 1293 3668 Idem
1315 3602 1453 3686 scriptor

404 3708 523 3770 elerum
545 3705 713 3790 distinguit
735 3705 767 3768 in
787 3708 940 3790 majorem
964 3719 998 3772 et
1020 3709 1184 3772 minorem.
1230 3707 1275 3771 Et
1298 3706 1453 3768 minorem

404 3811 532 3894 quidem
560 3807 678 3872 clerum
708 3808 849 3892 appellat
878 3810 1029 3874 diaeonus
1058 3821 1091 3875 et
1120 3810 1258 3894 reliquos
1287 3807 1452 3872 inferiores

405 3912 543 3988 ordines,
570 3917 607 3974 ut
635 3932 707 3973 oum
736 3911 814 3974 dioit
843 3933 914 3996 pag.
936 3932 1005 3994 129.
1038 3915 1103 3976 Aut
1130 3912 1158 3976 ai
1181 3913 1260 3976 diris
1284 3909 1454 3994 hujusmodi

405 4017 551 4079 irminam
572 4013 689 4076 ναίοντα
714 4035 772 4076 παπ
789 4035 876 4099 possa
890 4014 984 4101 fleri,
1004 4015 1138 4078 omn-itus
1159 4015 1304 4099 episeopis
1327 4011 1455 4075 salutem

405 4118 580 4193 adimimus,
602 4138 673 4201 quor
693 4116 739 4179 itu
754 4115 904 4200 perieulis
924 4137 1016 4199 quum
1038 4115 1210 4179 marisairnie
1229 4112 1406 4196 αιίοίνίπαίς,
1421 4122 1455 4174 ur

405 4220 572 4284 hominihus
592 4218 726 4283 munibus
747 4218 800 4301 qui
821 4215 874 4279 aab
895 4237 971 4280 eura
993 4238 1094 4280 sonim
1115 4226 1217 4300 αρυπί,
1236 4224 1264 4278 et
1287 4214 1344 4276 ίιαο
1367 4224 1456 4296 utque

405 4325 479 4387 ν’ίίαο
493 4323 636 4407 dispersis
650 4319 816 4405 ropionibus
830 4321 1040 4405 infirmantur,
1049 4341 1109 4403 per
1121 4319 1288 4405 semetipsos
1301 4313 1457 4379 nibaenire

407 4424 561 4497 deberent·
586 4425 660 4508 quin
675 4425 763 4487 carui·
777 4422 907 4485 hominia
924 4422 1050 4485 mineris
1064 4422 1137 4485 cleri
1150 4422 1191 4484 iis
1204 4420 1259 4504 qai
1272 4417 1455 4502 periclitan-

408 4534 467 4601 tur,
483 4525 535 4587 ίιοο
548 4524 629 4586 idem
641 4533 791 4609 ρναςίατο
805 4545 864 4586 που
874 4533 1005 4608 poentio.
1053 4522 1098 4586 Et
1120 4521 1221 4584 multo
1242 4519 1357 4583 elarius
1380 4539 1452 4603 pag.

412 4645 481 4716 134.
506 4625 550 4688 Et
570 4624 638 4687 ideo
659 4646 726 4687 eum
744 4624 827 4689 ταίυν
848 4635 950 4689 nostru
971 4625 1005 4687 in
1027 4622 1203 4709 ίαρίίανιαίυ
1224 4621 1361 4705 spiritus,
1376 4618 1457 4704 quod
