3700 5667
419 677 524 743 SYN.
540 678 771 743 ANTIOCH.
791 678 896 741 ADV.
914 678 1121 743 PAULUM
1145 678 1311 743 SAMOS.
1354 680 1420 744 803

624 1029 870 1101 EPISTOLA
900 1029 1168 1102 SYNODICA

527 1246 593 1307 ΑΙ)
617 1245 895 1310 DIONYSIUM
919 1248 984 1309 ΕΤ
1009 1245 1272 1321 MAXIMUM,

392 1446 569 1501 ROMANAE
588 1445 720 1505 ATQUE
738 1446 1031 1502 ALEXANDRINAE
1051 1444 1161 1501 SEDIS
1181 1442 1400 1500 EPISCOPOS.

764 1650 1034 1692 ...4-

430 1837 646 1938 Ἐπιστολή.
683 1838 865 1945 Διονυσίῳ
884 1841 943 1916 καὶ
967 1836 1128 1945 Μαξίμῳ
1154 1841 1212 1918 καὶ
1235 1845 1309 1922 τοῖς
1331 1836 1423 1918 κατὰ

348 1972 440 2073 §viv
467 1974 672 2071 οἰκουμένην
699 1979 793 2052 πᾶσι
819 1979 1115 2074 συλλειτουργοῖς
1142 1974 1243 2071 ἡμιῦν
1270 1971 1418 2052 ε’πισκό·

375 2142 455 2190 ποις
479 2109 538 2186 καὶ
563 2105 821 2208 πρεσβυτέροις
846 2105 904 2183 καὶ
933 2103 1121 2189 διακόνοις·
1160 2112 1219 2184 καὶ
1246 2106 1423 2211 πάσης-ᾖ

376 2239 444 2319 ῦπό
477 2240 541 2319 τὸν
575 2239 726 2343 οὐρανόν
757 2243 931 2343 καθολικῇ
963 2241 1149 2346 ἐκκλησίᾳ,
1175 2238 1328 2324 Ἕλενος
1364 2243 1422 2319 καὶ

375 2374 560 2472 Ὑμέναιος
584 2379 642 2453 καὶ
663 2374 847 2479 Θεόφιλος
865 2377 922 2452 καὶ
942 2370 1138 2459 θεότεκνος
1157 2381 1215 2454 καὶ
1234 2373 1419 2482 Μάξιμος·

377 2510 557 2612 Πρόκλος·
598 2508 759 2608 Νικόμας
789 2512 848 2587 καὶ
879 2509 1062 2593 Αίλιανός·
1095 2513 1152 2589 καὶ
1184 2517 1334 2594 Παῦλος
1363 2513 1422 2590 καὶ

331 2643 548 2727 ιοΒώλιινος
577 2645 636 2722 καὶ
665 2643 901 2746 Πρωτογένης
931 2646 990 2722 καὶ
1013 2645 1134 2752 Ἱέραξ
1159 2646 1218 2725 καὶ
1249 2644 1423 2749 Εῦτῦχιος

374 2780 432 2857 καὶ
470 2776 657 2880 Θεόδωρος
690 2783 748 2856 καὶ
783 2779 965 2882 Μολχίων
997 2782 1056 2858 καὶ
1089 2779 1252 2865 Λούκιος·
1298 2785 1357 2859 καὶ
1389 2786 1423 2860 οἱ

374 2914 495 2990 λοιποὶ
520 2908 651 2995 πάντες
678 2917 711 2990 οἱ
737 2910 809 2991 σῦν
836 2914 919 3011 ἡμῖν
946 2923 1195 3016 παροικοῦντες
1222 2912 1287 2998 τὰς
1314 2910 1423 3016 ἐγγῦς

374 3044 497 3131 πόλεις
521 3049 579 3126 καὶ
602 3046 685 3144 ἔθνη
709 3047 900 3126 ε’πίσκοποι
925 3050 983 3126 καὶ
1004 3047 1244 3150 πρεσβύτεροι
1262 3052 1319 3127 καὶ
1339 3054 1419 3128 δια·

373 3207 478 3260 κονοι·
508 3184 566 3259 καὶ
593 3185 630 3258 αἱ
656 3181 843 3277 ἐκκλησίαι
867 3189 931 3260 τοῦ
957 3186 1062 3278 Θεοῦ,
1086 3184 1284 3283 ἀγαπητοῖς
1308 3184 1417 3261 ἀδελ-

330 3320 455 3420 15φοἷ9
474 3317 512 3393 ἐν
533 3315 656 3420 Κυρίῳ
674 3315 822 3418 χαίρειν.

429 3447 554 3512 Τούτοις
572 3449 647 3524 μετὰ
666 3445 786 3528 βραχέα
802 3447 903 3518 (verba
923 3447 1044 3505 Eusebii
1064 3448 1183 3507 suntin
1204 3447 1256 3506 lib.
1272 3448 1321 3506 vii.
1338 3449 1420 3509 Hist.

372 3557 453 3614 Eccl.
464 3576 527 3634 cap.
537 3558 586 3613 30.
600 3555 679 3614 unde
689 3555 827 3635 pleraque
842 3553 972 3632 epistoloe
982 3555 1146 3633 fragmenta
1155 3567 1272 3635 sumpta
1281 3556 1418 3626 fuerunt)

373 3657 547 3739 ἐκλέγουσι
560 3662 660 3721 ταῦτα·

742 3788 904 3867 Interprete
922 3786 1044 3845 Volci-io.

327 3931 363 3970 20
414 3907 556 3985 Epistola,
568 3908 711 3987 Dionysio
725 3919 755 3966 et
771 3909 870 3966 Maxi.
921 3907 1043 3972 Πίστει,
1060 3906 1236 3985 Eutychius‚
1249 3906 1419 3967 Theodorus

371 4008 430 4053 mo,
445 4000 475 4045 et
489 3988 623 4045 omnibus
637 4008 689 4065 per
702 3989 869 4046 universum
919 3997 950 4046 et
965 3986 1112 4045 Malchion
1131 3996 1162 4045 et
1176 3986 1306 4057 Lucius,·
1328 3998 1358 4046 et
1372 4008 1418 4046 re·

371 4068 469 4125 orbem
479 4068 684 4124 comministris
695 4068 815 4136 nostris;
837 4088 868 4125 e·
919 4065 991 4144 liqui
1006 4067 1170 4142 omnesqui
1185 4066 1335 4124 nobiscum
1349 4078 1419 4125 sunt

371 4147 506 4224 piscopis,
524 4147 699 4224 presbyteris
720 4160 750 4204 et
772 4147 869 4206 diaco·
920 4146 1078 4204 vicinarum
1087 4146 1204 4203 urbium
1216 4156 1246 4203 et
1255 4146 1418 4223 provincia·

371 4226 436 4294 υἱςς
459 4236 489 4284 et
510 4227 651 4284 universae
672 4226 800 4284 ecclcsiae
821 4248 867 4286 ca·
919 4246 984 4283 rum
999 4226 1137 4304 episcopi,
1170 4224 1310 4302 resbyteri
1326 4245 1359 4283 nc
1373 4225 1418 4284 di·

325 4318 360 4375 25
371 4305 485 4364 tholicae
500 4326 565 4382 quae
582 4306 637 4363 sub
650 4305 721 4364 caelo
735 4316 788 4373 est,
806 4306 868 4364 He·
919 4305 1021 4371 aconi3
1047 4317 1078 4363 et
1098 4245 1226 4362 ecciesiae
1247 4304 1314 4369 Dei,
1329 4304 1418 4362 caris·

371 4384 454 4443 lenus
489 4396 519 4442 et
553 4386 742 4463 Hymenaeus,
772 4386 867 4445 Theo·
918 4385 999 4443 simis
1018 4384 1156 4443 fratribus
1177 4383 1206 4440 in
1227 4384 1354 4443 Domino
1372 4404 1418 4442 sa-

371 4464 690 4541 philus,'1'hcotecnus,
709 4466 867 4531 Maximus,
919 4464 1020 4523 lutem.

373 4543 524 4611 Proculus,
550 4544 698 4610 Nicoma&
725 4545 866 4612 anianus,
956 4558 1050 4611 Paucis
1074 4555 1170 4612 deinde
1193 4556 1336 4628 inteijectis
1360 4556 1417 4611 haec

372 4622 492 4687 Paulus,
517 4623 655 4693 Bolanus,
678 4625 867 4702 Protogenes,
919 4627 1104 4698 subjunguut5
