3700 5667
400 628 444 701 ’84
750 629 1104 696 ANNOTATIONES

402 807 576 892 episcopus,
593 805 635 868 ad
658 824 750 888 quem
764 802 929 867 Cornelius
950 806 1061 865 nostes
1082 799 1204 876 scribit,
1227 797 1391 863 Fabianus
1410 796 1455 864 ab

401 907 585 973 auctoribus
600 927 684 990 saepe
699 904 890 968 nominatur.
978 958 981 963 .

447 1012 484 1074 P.
504 1012 552 1073 16.
568 1007 587 1071 l.
604 1029 635 1090 9.
661 1012 841 1092 prostratus
864 1005 1036 1070 virtutibus
1051 1003 1133 1089 Dei]
1152 1002 1225 1066 Hoc
1248 1008 1309 1080 est,
1324 1001 1372 1066 ait
1388 1001 1455 1065 Na·

401 1110 522 1176 tbauiel
553 1108 709 1174 Marshall
736 1107 890 1192 Anglicus
915 1106 1065 1192 Cypriani
1093 1107 1262 1190 interpres,
1284 1105 1454 1169 sententiis

401 1214 552 1278 adversus
574 1233 646 1275 eum
668 1209 743 1274 latis
765 1208 996 1284 ecclesiasticis,
1013 1231 1084 1293 quae
1111 1209 1143 1271 in
1170 1206 1250 1271 coelo
1275 1213 1357 1271 ratae
1382 1227 1453 1270 esse

399 1314 676 1378 existimabantur.

448 1415 530 1478 lbid.
552 1413 640 1477 l.10.
663 1412 735 1476 inde
765 1412 899 1476 luissent
926 1411 1064 1495 expulsi]
1095 1410 1291 1495 Carthagine
1320 1408 1450 1472 scilicet.

401 1519 472 1598 Qua
487 1517 526 1580 de
542 1538 575 1578 re
592 1515 771 1599 Cyprianus
786 1515 817 1577 in
836 1514 997 1598 superiore
1013 1513 1158 1597 Epistola
1177 1532 1203 1575 1.
1219 1511 1263 1574 sic
1284 1509 1450 1594 praeloqui-

400 1623 465 1692 tur,
489 1615 636 1677 Venerunt
658 1613 703 1676 ud
725 1635 786 1688 uos,
799 1613 906 1696 frater
931 1613 1094 1685 sumamma,
1117 1611 1202 1674 muci
1226 1634 1248 1674 a
1273 1611 1451 1674 Nocutiano

400 1716 561 1779 illusimus
579 1712 747 1799 presbyter,
762 1723 790 1778 ct
808 1715 971 1799 ducendus
990 1714 1146 1788 diaconus,
1162 1722 1190 1776 ct
1204 1712 1365 1776 dlacloeus
1383 1713 1450 1796 qui·

399 1818 472 1881 dam
486 1827 514 1881 et
530 1817 684 1902 Loapiaus
700 1819 755 1879 &c
803 1816 853 1879 Ibi
868 1829 976 1879 autem
990 1838 1045 1879 eos
1060 1838 1123 1879 non
1138 1837 1156 1878 e
1172 1814 1302 1878 civitate
1317 1814 1449 1896 ejectos,

399 1920 455 1982 sed
485 1941 507 1982 a
531 1917 796 1981 conrmunicatioac
821 1915 970 1993 soliditas,
996 1917 1173 2000 Cyprianus
1198 1916 1302 1979 docet.
1347 1915 1450 1980 Porro

401 2019 564 2083 Maximus
579 2019 745 2103 presbyter
760 2017 902 2101 proxime
918 2025 1122 2093 memoratus,
1134 2016 1267 2079 subinde
1281 2038 1302 2080 a
1317 2015 1449 2080 Novato

399 2120 659 2205 Carthaginiensis
674 2120 959 2204 pseudoepiscopus
973 2124 1100 2181 creatus
1111 2117 1189 2182 luit:
1212 2118 1354 2201 adeoque
1368 2116 1449 2180 alius

398 2232 449 2287 est
470 2246 491 2286 a
512 2222 656 2285 Maximo
678 2222 865 2306 presbytero
887 2221 1077 2296 consessore,
1101 2219 1154 2304 qui
1177 2220 1313 2304 primum
1334 2241 1355 2282 a
1379 2219 1448 2283 No-

398 2321 527 2384 retiano
542 2321 702 2395 seductus,
718 2320 882 2404 aliquanto
895 2320 1019 2406 posted
1033 2319 1208 2383 Ecclesiam
1224 2320 1328 2383 rediit.
1353 2319 1447 2400 (Vid.

400 2422 461 2505 Ep.
489 2421 630 2507 proxime
656 2426 867 2506 sequentem.)
920 2423 1031 2507 Neque
1057 2421 1155 2485 etiam
1181 2422 1352 2505 praedictus
1379 2425 1448 2485 Au-

397 2523 519 2609 gendus
542 2545 613 2587 cunr
636 2546 674 2586 eo
695 2532 745 2588 est
769 2525 1019 2599 confundendus,
1040 2524 1093 2608 qui
1117 2524 1252 2588 Cornelii
1274 2524 1317 2588 ad
1337 2521 1447 2610 (lypri-

396 2634 493 2690 anum
519 2626 644 2691 litteras
666 2627 791 2692 detulit.
816 2629 988 2693 Oousrxnr.
1034 2627 1186 2691 Similiter
1208 2634 1301 2691 notat
1323 2627 1363 2690 de
1379 2628 1447 2691 Au-

396 2728 501 2813 gendo
521 2728 678 2806 Baluzius,
694 2730 778 2794 hunc
800 2752 866 2794 esse
889 2729 1048 2793 diversum
1072 2730 1113 2792 ab
1132 2728 1289 2813 Augeudo
1312 2727 1447 2791 diacono

397 2829 499 2915 partis
514 2831 699 2907 Novatiani,
714 2833 803 2915 cujus
819 2832 938 2896 mentio
953 2832 985 2895 in
1002 2831 1149 2916 Epistola
1163 2851 1194 2908 4.

442 2931 525 2995 Ibid.
543 2931 562 2994 l.
583 2953 630 2996 11.
647 2933 804 3016 prioribus
818 2932 948 3017 litteris]
968 2934 1038 2996 Non
1055 2941 1177 2997 extant.
1202 2932 1377 2997 consum.

442 3032 525 3095 Ibid.
542 3031 561 3094 l.
584 3053 630 3117 ¹3·
646 3032 850 3118 Dionysium]
876 3037 916 3097 In
939 3055 1002 3097 uno
1024 3035 1105 3099 libro
1128 3056 1198 3098 meo
1220 3042 1327 3098 vetere
1349 3034 1446 3120 scrip-

397 3140 466 3196 tum
482 3140 531 3197 est
545 3134 694 3197 Zoticum.
740 3133 814 3202 Quo
834 3136 917 3198 enim
938 3137 1032 3199 modo
1051 3136 1114 3222 legi
1136 3135 1168 3197 iu
1191 3157 1255 3198 uno
1270 3135 1446 3200 Bodleiano

397 3243 537 3300 testatur
551 3236 649 3300 editio
666 3237 854 3322 Anglicana.
900 3238 952 3302 Sic
968 3239 1065 3302 etiam
1081 3237 1180 3301 editio
1198 3236 1346 3302 Morellii.
1381 3238 1445 3301 ΒΑ·

396 3346 512 3403 tumus.
557 3340 652 3404 Adde
668 3340 807 3404 codicem
822 3348 993 3426 utrumque
1008 3362 1124 3403 meum.

440 3442 523 3506 Ibid.
539 3443 558 3506 l.
581 3463 625 3528 13.
642 3443 695 3507 illo
716 3443 786 3528 jam
813 3442 1007 3529 pervenisse]
1036 3443 1108 3506 Hoc
1134 3450 1183 3506 est
1206 3441 1445 3526 Carthaginem.

396 3544 463 3608 Nec
478 3545 558 3608 falsa
573 3545 634 3608 luit
650 3545 785 3611 Cornelii
801 3546 919 3630 opinio,
934 3546 960 3609 si
975 3567 1045 3609 eam
1067 3545 1107 3607 de
1128 3553 1283 3628 tempore,
1298 3566 1360 3607 uon
1381 3567 1444 3628 quo

395 3646 566 3722 scribebat,
582 3646 638 3709 sed
659 3669 722 3729 quo
744 3646 869 3710 litteras
892 3670 966 3711 suas
982 3647 1140 3732 Cypriano
1162 3647 1341 3709 reddendas
1359 3647 1445 3730 judi·

395 3746 500 3821 cubet,
517 3745 772 3828 interpretemur.
818 3747 925 3812 Pridie
940 3748 1022 3812 enim
1043 3771 1138 3833 quam
1160 3748 1209 3812 hae
1225 3749 1443 3827 redderentur,

394 3845 467 3908 illuc
482 3853 669 3929 pervenerat
684 3848 823 3912 secunda
837 3849 868 3912 N
869 3850 1009 3914 ovatiani
1024 3850 1150 3935 legatio.
1175 3851 1349 3914 (locemus.

441 3947 524 4010 Ibid.
540 3948 559 4011 l.
580 3953 627 4010 16.
645 3958 788 4034 patrouae
812 3952 892 4038 sure]
920 3953 1007 4017 Hinc
1029 3975 1153 4016 servum
1176 3976 1248 4017 eum
1270 3961 1304 4017 et
1326 3952 1443 4018 manci-

394 4050 481 4136 pium
497 4050 656 4115 exstitisse
672 4051 720 4115 vir
734 4054 877 4118 eruditus
888 4055 1084 4139 suspicatur:
1101 4058 1186 4141 quod
1199 4057 1444 4141 persuaderetur

394 4154 525 4229 facilius,
550 4155 576 4219 si
598 4155 763 4220 Cornelius
788 4157 920 4219 domim
943 4179 1005 4220 non
1025 4168 1169 4242 patronae
1190 4158 1342 4222 vocabulo
1367 4181 1443 4222 usus

394 4264 487 4321 esset.
536 4257 644 4341 Hujus
672 4279 746 4322 vero
772 4258 895 4322 diaconi
925 4259 1058 4324 crimina
1086 4268 1124 4326 ut
1152 4272 1232 4326 nota
1261 4261 1384 4336 fierent,
1404 4282 1442 4324 eo

393 4356 493 4441 pluris
512 4359 677 4435 intererat,
695 4382 757 4444 quo
777 4360 829 4422 ille
850 4361 986 4446 amplius
1006 4364 1193 4428 confessoris
1212 4362 1307 4427 titulo
1327 4362 1443 4448 gloria·

393 4457 499 4534 batur,
521 4468 555 4524 et
580 4459 654 4524 inde
676 4460 769 4546 vulgo
791 4461 984 4547 imponebat.
1013 4465 1187 4529 Oousrxur.
1236 4463 1441 4528 Permittitur
