<?xml version="1.0" encoding="UTF-8"?>
<!DOCTYPE html PUBLIC "-//W3C//DTD XHTML 1.0 Transitional//EN"
    "http://www.w3.org/TR/xhtml1/DTD/xhtml1-transitional.dtd">
<html xmlns="http://www.w3.org/1999/xhtml" xml:lang="en" lang="en">
 <head>
  <title>
</title>
<meta http-equiv="Content-Type" content="text/html;charset=utf-8" />
  <meta name='ocr-system' content='tesseract 3.04.00' />
  <meta name='ocr-capabilities' content='ocr_page ocr_carea ocr_par ocr_line ocrx_word'/>
</head>
<body>
  <div class='ocr_page' id='page_1' title='image "./reliquiaesacrae08routgoog_0369.png"; bbox 0 0 3700 5667; ppageno 0'>
   <div class='ocr_carea' id='block_1_1' title="bbox 480 658 1359 722">
    <p class='ocr_par' dir='ltr' id='par_1_1' title="bbox 480 658 1359 722">
     <span class='ocr_line' id='line_1_1' title="bbox 480 658 1359 722; baseline 0.001 -1"><span class='ocrx_word' id='word_1_1' title='bbox 480 659 532 722; x_wconf 90' lang='lat' dir='ltr'>IN</span> <span class='ocrx_word' id='word_1_2' title='bbox 556 658 791 722; x_wconf 86' lang='lat' dir='ltr'><strong>SYNODUM</strong></span> <span class='ocrx_word' id='word_1_3' title='bbox 816 658 1191 721; x_wconf 86' lang='lat' dir='ltr'><strong>ANTIOCHENAM.</strong></span> <span class='ocrx_word' id='word_1_4' title='bbox 1297 658 1359 722; x_wconf 81' lang='lat'>361</span> 
     </span>
    </p>
   </div>
   <div class='ocr_carea' id='block_1_2' title="bbox 303 824 1366 4774">
    <p class='ocr_par' dir='ltr' id='par_1_2' title="bbox 303 824 1366 4774">
     <span class='ocr_line' id='line_1_2' title="bbox 314 824 1363 914; baseline 0 -24"><span class='ocrx_word' id='word_1_5' title='bbox 314 824 502 909; x_wconf 86' lang='lat' dir='ltr'>affirmant.)</span> <span class='ocrx_word' id='word_1_6' title='bbox 552 827 705 914; x_wconf 70' lang='grc' dir='ltr'>Ιαίοάῐὶαο,</span> <span class='ocrx_word' id='word_1_7' title='bbox 727 827 831 912; x_wconf 86' lang='lat' dir='ltr'>pergit</span> <span class='ocrx_word' id='word_1_8' title='bbox 855 827 994 891; x_wconf 86' lang='lat' dir='ltr'>seribere</span> <span class='ocrx_word' id='word_1_9' title='bbox 1018 827 1173 904; x_wconf 75' lang='lat' dir='ltr'>Hilarius,</span> <span class='ocrx_word' id='word_1_10' title='bbox 1196 828 1306 891; x_wconf 69' lang='grc' dir='ltr'>οἰνὶιινα</span> <span class='ocrx_word' id='word_1_11' title='bbox 1328 827 1363 891; x_wconf 78' lang='lat' dir='ltr'>ia</span> 
     </span>
     <span class='ocr_line' id='line_1_3' title="bbox 313 928 1363 1014; baseline -0.001 -22"><span class='ocrx_word' id='word_1_12' title='bbox 313 928 520 1014; x_wconf 75' lang='lat' dir='ltr'>iutellipeatio.</span> <span class='ocrx_word' id='word_1_13' title='bbox 565 930 613 991; x_wconf 79' lang='lat' dir='ltr'>Et</span> <span class='ocrx_word' id='word_1_14' title='bbox 622 930 777 1013; x_wconf 76' lang='lat' dir='ltr'>profusus</span> <span class='ocrx_word' id='word_1_15' title='bbox 793 928 843 991; x_wconf 80' lang='lat' dir='ltr'>lie</span> <span class='ocrx_word' id='word_1_16' title='bbox 856 949 957 992; x_wconf 73' lang='lat' dir='ltr'>senata</span> <span class='ocrx_word' id='word_1_17' title='bbox 970 938 1021 1006; x_wconf 79' lang='lat' dir='ltr'>est,</span> <span class='ocrx_word' id='word_1_18' title='bbox 1037 937 1065 992; x_wconf 79' lang='lat' dir='ltr'>st</span> <span class='ocrx_word' id='word_1_19' title='bbox 1082 929 1232 992; x_wconf 77' lang='lat' dir='ltr'>oommsmi</span> <span class='ocrx_word' id='word_1_20' title='bbox 1241 929 1363 1012; x_wconf 72' lang='lat' dir='ltr'>jodseie</span> 
     </span>
     <span class='ocr_line' id='line_1_4' title="bbox 312 1021 1366 1115; baseline 0.001 -22"><span class='ocrx_word' id='word_1_21' title='bbox 312 1027 350 1093; x_wconf 80' lang='lat' dir='ltr'>od</span> <span class='ocrx_word' id='word_1_22' title='bbox 372 1029 495 1093; x_wconf 68' lang='lat' dir='ltr'>emissio</span> <span class='ocrx_word' id='word_1_23' title='bbox 516 1029 709 1114; x_wconf 64' lang='lat' dir='ltr'>remeandas.</span> <span class='ocrx_word' id='word_1_24' title='bbox 753 1029 890 1094; x_wconf 73' lang='lat' dir='ltr'>Seamdo</span> <span class='ocrx_word' id='word_1_25' title='bbox 910 1051 1023 1115; x_wconf 82' lang='lat' dir='ltr'>quoque</span> <span class='ocrx_word' id='word_1_26' title='bbox 1039 1029 1077 1092; x_wconf 83' lang='lat' dir='ltr'>id</span> <span class='ocrx_word' id='word_1_27' title='bbox 1091 1029 1268 1105; x_wconf 64' lang='lat' dir='ltr'>addidistis,</span> <span class='ocrx_word' id='word_1_28' title='bbox 1283 1021 1366 1114; x_wconf 77' lang='lat' dir='ltr'>quid</span> 
     </span>
     <span class='ocr_line' id='line_1_5' title="bbox 305 1130 1364 1216; baseline 0.002 -23"><span class='ocrx_word' id='word_1_29' title='bbox 305 1141 412 1216; x_wconf 80' lang='lat' dir='ltr'>potres</span> <span class='ocrx_word' id='word_1_30' title='bbox 425 1131 530 1209; x_wconf 70' lang='lat' dir='ltr'>hodsi,</span> <span class='ocrx_word' id='word_1_31' title='bbox 540 1152 608 1195; x_wconf 72' lang='lat' dir='ltr'>essm</span> <span class='ocrx_word' id='word_1_32' title='bbox 620 1131 743 1195; x_wconf 77' lang='grc' dir='ltr'>Ρανάαα</span> <span class='ocrx_word' id='word_1_33' title='bbox 754 1132 966 1194; x_wconf 60' lang='lat' dir='ltr'>summatenus</span> <span class='ocrx_word' id='word_1_34' title='bbox 976 1130 1133 1195; x_wconf 63' lang='lat' dir='ltr'>horstius</span> <span class='ocrx_word' id='word_1_35' title='bbox 1141 1132 1364 1216; x_wconf 76' lang='lat' dir='ltr'>pronmstiotus</span> 
     </span>
     <span class='ocr_line' id='line_1_6' title="bbox 312 1232 1363 1318; baseline 0 -21"><span class='ocrx_word' id='word_1_36' title='bbox 312 1242 361 1310; x_wconf 80' lang='lat' dir='ltr'>est,</span> <span class='ocrx_word' id='word_1_37' title='bbox 383 1235 476 1297; x_wconf 79' lang='lat' dir='ltr'>etiam</span> <span class='ocrx_word' id='word_1_38' title='bbox 497 1233 706 1298; x_wconf 74' lang='lat' dir='ltr'>homoousion</span> <span class='ocrx_word' id='word_1_39' title='bbox 728 1232 976 1318; x_wconf 65' lang='lat' dir='ltr'>repudiaverint:</span> <span class='ocrx_word' id='word_1_40' title='bbox 1002 1233 1078 1318; x_wconf 82' lang='lat' dir='ltr'>quio</span> <span class='ocrx_word' id='word_1_41' title='bbox 1092 1255 1152 1318; x_wconf 80' lang='lat' dir='ltr'>per</span> <span class='ocrx_word' id='word_1_42' title='bbox 1172 1232 1250 1296; x_wconf 80' lang='grc' dir='ltr'>άααα</span> <span class='ocrx_word' id='word_1_43' title='bbox 1270 1233 1363 1297; x_wconf 76' lang='lat' dir='ltr'>sosias</span> 
     </span>
     <span class='ocr_line' id='line_1_7' title="bbox 311 1332 1363 1418; baseline 0 -20"><span class='ocrx_word' id='word_1_44' title='bbox 311 1335 445 1398; x_wconf 66' lang='lat' dir='ltr'>meatim</span> <span class='ocrx_word' id='word_1_45' title='bbox 470 1334 724 1418; x_wconf 78' lang='lat' dir='ltr'>aoneapatimsem</span> <span class='ocrx_word' id='word_1_46' title='bbox 752 1333 923 1397; x_wconf 68' lang='lat' dir='ltr'>sohtorimn</span> <span class='ocrx_word' id='word_1_47' title='bbox 948 1343 1038 1418; x_wconf 72' lang='lat' dir='ltr'>atque</span> <span class='ocrx_word' id='word_1_48' title='bbox 1066 1335 1191 1398; x_wconf 70' lang='lat' dir='ltr'>misam</span> <span class='ocrx_word' id='word_1_49' title='bbox 1219 1332 1279 1398; x_wconf 79' lang='lat' dir='ltr'>sibi</span> <span class='ocrx_word' id='word_1_50' title='bbox 1303 1354 1363 1399; x_wconf 80' lang='lat' dir='ltr'>sess</span> 
     </span>
     <span class='ocr_line' id='line_1_8' title="bbox 312 1434 1362 1521; baseline 0 -21"><span class='ocrx_word' id='word_1_51' title='bbox 312 1439 439 1501; x_wconf 73' lang='lat' dir='ltr'>Patrem</span> <span class='ocrx_word' id='word_1_52' title='bbox 461 1445 489 1501; x_wconf 76' lang='lat' dir='ltr'>st</span> <span class='ocrx_word' id='word_1_53' title='bbox 511 1437 633 1501; x_wconf 77' lang='lat' dir='ltr'>Filiam</span> <span class='ocrx_word' id='word_1_54' title='bbox 653 1434 858 1521; x_wconf 69' lang='lat' dir='ltr'>predicabat.</span> <span class='ocrx_word' id='word_1_55' title='bbox 901 1436 947 1499; x_wconf 73' lang='lat' dir='ltr'>m</span> <span class='ocrx_word' id='word_1_56' title='bbox 970 1434 1023 1499; x_wconf 78' lang='lat' dir='ltr'>loo</span> <span class='ocrx_word' id='word_1_57' title='bbox 1047 1457 1121 1500; x_wconf 77' lang='lat' dir='ltr'>sans</span> <span class='ocrx_word' id='word_1_58' title='bbox 1144 1457 1225 1500; x_wconf 82' lang='grc' dir='ltr'>ανασ</span> <span class='ocrx_word' id='word_1_59' title='bbox 1250 1457 1362 1521; x_wconf 81' lang='lat' dir='ltr'>quoquo</span> 
     </span>
     <span class='ocr_line' id='line_1_9' title="bbox 305 1538 1363 1624; baseline 0 -22"><span class='ocrx_word' id='word_1_60' title='bbox 305 1539 559 1624; x_wconf 57' lang='lat' dir='ltr'>promtissimam</span> <span class='ocrx_word' id='word_1_61' title='bbox 580 1538 702 1603; x_wconf 74' lang='lat' dir='ltr'>ecclesio</span> <span class='ocrx_word' id='word_1_62' title='bbox 721 1538 905 1622; x_wconf 63' lang='lat' dir='ltr'>resep-sossii,</span> <span class='ocrx_word' id='word_1_63' title='bbox 925 1539 1055 1602; x_wconf 79' lang='lat' dir='ltr'>Patrem</span> <span class='ocrx_word' id='word_1_64' title='bbox 1074 1547 1101 1602; x_wconf 75' lang='lat' dir='ltr'>et</span> <span class='ocrx_word' id='word_1_65' title='bbox 1119 1538 1244 1602; x_wconf 77' lang='lat' dir='ltr'>Filiam</span> <span class='ocrx_word' id='word_1_66' title='bbox 1262 1539 1297 1601; x_wconf 80' lang='lat' dir='ltr'>in</span> <span class='ocrx_word' id='word_1_67' title='bbox 1314 1538 1363 1603; x_wconf 78' lang='lat' dir='ltr'>lis</span> 
     </span>
     <span class='ocr_line' id='line_1_10' title="bbox 311 1638 1360 1725; baseline 0.001 -22"><span class='ocrx_word' id='word_1_68' title='bbox 311 1641 466 1704; x_wconf 71' lang='lat' dir='ltr'>nomisma</span> <span class='ocrx_word' id='word_1_69' title='bbox 479 1638 719 1724; x_wconf 63' lang='lat' dir='ltr'>profusissimis</span> <span class='ocrx_word' id='word_1_70' title='bbox 733 1639 778 1704; x_wconf 86' lang='lat' dir='ltr'>od</span> <span class='ocrx_word' id='word_1_71' title='bbox 790 1640 912 1703; x_wconf 75' lang='lat' dir='ltr'>sotionis</span> <span class='ocrx_word' id='word_1_72' title='bbox 925 1661 963 1702; x_wconf 85' lang='grc' dir='ltr'>αα</span> <span class='ocrx_word' id='word_1_73' title='bbox 976 1639 1143 1725; x_wconf 70' lang='lat' dir='ltr'>sispalosis</span> <span class='ocrx_word' id='word_1_74' title='bbox 1156 1639 1360 1716; x_wconf 72' lang='lat' dir='ltr'>solitudinem,¹</span> 
     </span>
     <span class='ocr_line' id='line_1_11' title="bbox 311 1741 1361 1828; baseline -0.001 -22"><span class='ocrx_word' id='word_1_75' title='bbox 311 1750 420 1827; x_wconf 75' lang='lat' dir='ltr'>aepoto</span> <span class='ocrx_word' id='word_1_76' title='bbox 436 1764 635 1828; x_wconf 78' lang='lat' dir='ltr'>persmsorum</span> <span class='ocrx_word' id='word_1_77' title='bbox 647 1743 848 1827; x_wconf 72' lang='lat' dir='ltr'>proprietate,</span> <span class='ocrx_word' id='word_1_78' title='bbox 864 1762 1013 1806; x_wconf 75' lang='lat' dir='ltr'>revocare.</span> <span class='ocrx_word' id='word_1_79' title='bbox 1034 1764 1065 1825; x_wconf 91' lang='lat' dir='ltr'>p.</span> <span class='ocrx_word' id='word_1_80' title='bbox 1085 1742 1176 1824; x_wconf 89' lang='lat'>1196.</span> <span class='ocrx_word' id='word_1_81' title='bbox 1195 1741 1245 1806; x_wconf 93' lang='lat' dir='ltr'>ed.</span> <span class='ocrx_word' id='word_1_82' title='bbox 1261 1741 1361 1806; x_wconf 87' lang='lat' dir='ltr'>Bene-</span> 
     </span>
     <span class='ocr_line' id='line_1_12' title="bbox 311 1841 1361 1929; baseline 0.003 -24"><span class='ocrx_word' id='word_1_83' title='bbox 311 1842 420 1907; x_wconf 82' lang='lat' dir='ltr'>diotin.</span> <span class='ocrx_word' id='word_1_84' title='bbox 452 1842 497 1908; x_wconf 84' lang='lat' dir='ltr'>Et</span> <span class='ocrx_word' id='word_1_85' title='bbox 512 1853 625 1929; x_wconf 84' lang='lat' dir='ltr'>postea</span> <span class='ocrx_word' id='word_1_86' title='bbox 638 1849 662 1925; x_wconf 64' lang='grc' dir='ltr'>ᾖ.</span> <span class='ocrx_word' id='word_1_87' title='bbox 674 1843 725 1907; x_wconf 91' lang='grc'>86.</span> <span class='ocrx_word' id='word_1_88' title='bbox 743 1842 833 1907; x_wconf 75' lang='lat' dir='ltr'>Molo</span> <span class='ocrx_word' id='word_1_89' title='bbox 847 1841 1055 1907; x_wconf 79' lang='lat' dir='ltr'>homoousion</span> <span class='ocrx_word' id='word_1_90' title='bbox 1069 1843 1281 1906; x_wconf 76' lang='lat' dir='ltr'>Somosotonas</span> <span class='ocrx_word' id='word_1_91' title='bbox 1294 1865 1361 1908; x_wconf 69' lang='grc' dir='ltr'>σοιν</span> 
     </span>
     <span class='ocr_line' id='line_1_13' title="bbox 303 1942 1362 2027; baseline 0.001 -20"><span class='ocrx_word' id='word_1_92' title='bbox 303 1943 405 2025; x_wconf 80' lang='lat' dir='ltr'>sessos</span> <span class='ocrx_word' id='word_1_93' title='bbox 426 1955 487 2009; x_wconf 81' lang='lat' dir='ltr'>est:</span> <span class='ocrx_word' id='word_1_94' title='bbox 511 1945 585 2027; x_wconf 87' lang='lat' dir='ltr'>(hoo</span> <span class='ocrx_word' id='word_1_95' title='bbox 607 1951 668 2021; x_wconf 89' lang='lat' dir='ltr'>est,</span> <span class='ocrx_word' id='word_1_96' title='bbox 684 1943 716 2007; x_wconf 91' lang='lat' dir='ltr'>ni</span> <span class='ocrx_word' id='word_1_97' title='bbox 739 1943 841 2022; x_wconf 77' lang='lat' dir='ltr'>fallor,</span> <span class='ocrx_word' id='word_1_98' title='bbox 862 1949 913 2006; x_wconf 85' lang='grc' dir='ltr'>τοῦ</span> <span class='ocrx_word' id='word_1_99' title='bbox 936 1945 1038 2025; x_wconf 86' lang='grc' dir='ltr'>Λόγου</span> <span class='ocrx_word' id='word_1_100' title='bbox 1059 1942 1266 2006; x_wconf 77' lang='lat' dir='ltr'>homoousion</span> <span class='ocrx_word' id='word_1_101' title='bbox 1288 1965 1362 2008; x_wconf 92' lang='lat' dir='ltr'>oon·</span> 
     </span>
     <span class='ocr_line' id='line_1_14' title="bbox 311 2043 1361 2131; baseline 0.004 -25"><span class='ocrx_word' id='word_1_102' title='bbox 311 2044 412 2110; x_wconf 82' lang='lat' dir='ltr'>fessus</span> <span class='ocrx_word' id='word_1_103' title='bbox 426 2053 486 2124; x_wconf 88' lang='lat' dir='ltr'>est,</span> <span class='ocrx_word' id='word_1_104' title='bbox 499 2053 616 2131; x_wconf 81' lang='lat' dir='ltr'>negata</span> <span class='ocrx_word' id='word_1_105' title='bbox 630 2045 797 2109; x_wconf 77' lang='grc' dir='ltr'>ὑποστάσει</span> <span class='ocrx_word' id='word_1_106' title='bbox 810 2045 859 2109; x_wconf 90' lang='lat' dir='ltr'>vel</span> <span class='ocrx_word' id='word_1_107' title='bbox 870 2043 1099 2130; x_wconf 70' lang='lat' dir='ltr'>personalitate</span> <span class='ocrx_word' id='word_1_108' title='bbox 1113 2044 1196 2129; x_wconf 88' lang='lat' dir='ltr'>ejus)</span> <span class='ocrx_word' id='word_1_109' title='bbox 1210 2045 1263 2109; x_wconf 84' lang='lat' dir='ltr'>ssd</span> <span class='ocrx_word' id='word_1_110' title='bbox 1274 2067 1361 2110; x_wconf 80' lang='lat' dir='ltr'>aum·</span> 
     </span>
     <span class='ocr_line' id='line_1_15' title="bbox 311 2148 1361 2235; baseline -0.001 -22"><span class='ocrx_word' id='word_1_111' title='bbox 311 2149 389 2233; x_wconf 57' lang='lat' dir='ltr'>pazt</span> <span class='ocrx_word' id='word_1_112' title='bbox 400 2149 506 2213; x_wconf 76' lang='lat' dir='ltr'>mlius</span> <span class='ocrx_word' id='word_1_113' title='bbox 516 2150 591 2213; x_wconf 78' lang='lat' dir='ltr'>Arii</span> <span class='ocrx_word' id='word_1_114' title='bbox 605 2151 813 2235; x_wconf 68' lang='lat' dir='ltr'>aequomst?</span> <span class='ocrx_word' id='word_1_115' title='bbox 840 2149 999 2233; x_wconf 75' lang='lat' dir='ltr'>Ootopiato</span> <span class='ocrx_word' id='word_1_116' title='bbox 1012 2148 1144 2233; x_wconf 80' lang='lat' dir='ltr'>episcopi</span> <span class='ocrx_word' id='word_1_117' title='bbox 1158 2149 1231 2214; x_wconf 81' lang='lat' dir='ltr'>olim</span> <span class='ocrx_word' id='word_1_118' title='bbox 1243 2171 1361 2235; x_wconf 80' lang='lat' dir='ltr'>respos-</span> 
     </span>
     <span class='ocr_line' id='line_1_16' title="bbox 312 2252 1360 2337; baseline 0.002 -22"><span class='ocrx_word' id='word_1_119' title='bbox 312 2261 392 2329; x_wconf 61' lang='lat' dir='ltr'>aaut,</span> <span class='ocrx_word' id='word_1_120' title='bbox 407 2252 462 2316; x_wconf 83' lang='lat' dir='ltr'>esd</span> <span class='ocrx_word' id='word_1_121' title='bbox 476 2253 598 2317; x_wconf 73' lang='lat' dir='ltr'>tresenti</span> <span class='ocrx_word' id='word_1_122' title='bbox 611 2262 640 2317; x_wconf 80' lang='lat' dir='ltr'>st</span> <span class='ocrx_word' id='word_1_123' title='bbox 659 2253 757 2316; x_wconf 70' lang='lat' dir='ltr'>decem</span> <span class='ocrx_word' id='word_1_124' title='bbox 776 2261 837 2316; x_wconf 78' lang='lat' dir='ltr'>osto</span> <span class='ocrx_word' id='word_1_125' title='bbox 855 2273 954 2337; x_wconf 70' lang='grc' dir='ltr'>παφα·</span> <span class='ocrx_word' id='word_1_126' title='bbox 973 2260 1151 2336; x_wconf 65' lang='lat' dir='ltr'>reponat.</span> <span class='ocrx_word' id='word_1_127' title='bbox 1198 2252 1360 2331; x_wconf 79' lang='lat' dir='ltr'>Similiter,</span> 
     </span>
     <span class='ocr_line' id='line_1_17' title="bbox 312 2353 1360 2442; baseline 0.002 -24"><span class='ocrx_word' id='word_1_128' title='bbox 312 2364 482 2442; x_wconf 79' lang='lat' dir='ltr'>propterea</span> <span class='ocrx_word' id='word_1_129' title='bbox 502 2357 588 2442; x_wconf 88' lang='lat' dir='ltr'>qued</span> <span class='ocrx_word' id='word_1_130' title='bbox 602 2355 755 2420; x_wconf 79' lang='lat' dir='ltr'>vocabulo</span> <span class='ocrx_word' id='word_1_131' title='bbox 777 2354 860 2419; x_wconf 87' lang='lat' dir='ltr'>male</span> <span class='ocrx_word' id='word_1_132' title='bbox 881 2376 957 2418; x_wconf 90' lang='lat' dir='ltr'>usus</span> <span class='ocrx_word' id='word_1_133' title='bbox 979 2362 1063 2420; x_wconf 87' lang='lat' dir='ltr'>esset</span> <span class='ocrx_word' id='word_1_134' title='bbox 1086 2353 1251 2429; x_wconf 89' lang='lat' dir='ltr'>Sabellius,</span> <span class='ocrx_word' id='word_1_135' title='bbox 1274 2356 1360 2420; x_wconf 91' lang='lat' dir='ltr'>idem</span> 
     </span>
     <span class='ocr_line' id='line_1_18' title="bbox 312 2456 1360 2543; baseline 0.001 -22"><span class='ocrx_word' id='word_1_136' title='bbox 312 2457 475 2523; x_wconf 81' lang='lat' dir='ltr'>sustulisse</span> <span class='ocrx_word' id='word_1_137' title='bbox 504 2458 692 2543; x_wconf 86' lang='lat' dir='ltr'>Dionysium</span> <span class='ocrx_word' id='word_1_138' title='bbox 718 2457 983 2533; x_wconf 86' lang='lat' dir='ltr'>Alexandrinum,</span> <span class='ocrx_word' id='word_1_139' title='bbox 1010 2456 1063 2542; x_wconf 91' lang='lat' dir='ltr'>qui</span> <span class='ocrx_word' id='word_1_140' title='bbox 1090 2465 1198 2521; x_wconf 83' lang='lat' dir='ltr'>tamen</span> <span class='ocrx_word' id='word_1_141' title='bbox 1228 2457 1296 2542; x_wconf 90' lang='lat' dir='ltr'>ipse</span> <span class='ocrx_word' id='word_1_142' title='bbox 1326 2456 1360 2522; x_wconf 80' lang='grc' dir='ltr'>τά</span> 
     </span>
     <span class='ocr_line' id='line_1_19' title="bbox 312 2558 1361 2644; baseline 0 -22"><span class='ocrx_word' id='word_1_143' title='bbox 312 2562 472 2638; x_wconf 82' lang='grc' dir='ltr'>ὁμοοάσιον</span> <span class='ocrx_word' id='word_1_144' title='bbox 494 2560 697 2644; x_wconf 75' lang='lat' dir='ltr'>agnoscebat,</span> <span class='ocrx_word' id='word_1_145' title='bbox 714 2559 815 2623; x_wconf 87' lang='lat' dir='ltr'>tradit</span> <span class='ocrx_word' id='word_1_146' title='bbox 838 2559 975 2623; x_wconf 76' lang='lat' dir='ltr'>Basilius</span> <span class='ocrx_word' id='word_1_147' title='bbox 999 2559 1045 2622; x_wconf 90' lang='lat' dir='ltr'>M.</span> <span class='ocrx_word' id='word_1_148' title='bbox 1069 2559 1102 2623; x_wconf 93' lang='lat' dir='ltr'>in</span> <span class='ocrx_word' id='word_1_149' title='bbox 1124 2559 1226 2644; x_wconf 62' lang='lat' dir='ltr'>Epist.</span> <span class='ocrx_word' id='word_1_150' title='bbox 1240 2558 1282 2622; x_wconf 83' lang='lat' dir='ltr'>ix.</span> <span class='ocrx_word' id='word_1_151' title='bbox 1306 2563 1361 2622; x_wconf 80' lang='grc' dir='ltr'>νῦν</span> 
     </span>
     <span class='ocr_line' id='line_1_20' title="bbox 310 2661 1360 2746; baseline -0.002 -21"><span class='ocrx_word' id='word_1_152' title='bbox 310 2664 366 2741; x_wconf 72' lang='grc' dir='ltr'>μὲν</span> <span class='ocrx_word' id='word_1_153' title='bbox 388 2663 518 2742; x_wconf 74' lang='grc' dir='ltr'>ἀναιρῶν</span> <span class='ocrx_word' id='word_1_154' title='bbox 538 2661 740 2746; x_wconf 72' lang='lat' dir='ltr'>(Dionysius)</span> <span class='ocrx_word' id='word_1_155' title='bbox 756 2662 791 2723; x_wconf 85' lang='grc' dir='ltr'>τὸ</span> <span class='ocrx_word' id='word_1_156' title='bbox 813 2663 974 2742; x_wconf 76' lang='grc' dir='ltr'>ὁμαούσιον</span> <span class='ocrx_word' id='word_1_157' title='bbox 995 2664 1044 2725; x_wconf 73' lang='grc' dir='ltr'>διὰ</span> <span class='ocrx_word' id='word_1_158' title='bbox 1065 2661 1118 2725; x_wconf 86' lang='grc' dir='ltr'>τὸν</span> <span class='ocrx_word' id='word_1_159' title='bbox 1140 2661 1280 2740; x_wconf 82' lang='grc' dir='ltr'>ἇθεπήσει</span> <span class='ocrx_word' id='word_1_160' title='bbox 1300 2666 1360 2724; x_wconf 85' lang='grc' dir='ltr'>τῶν</span> 
     </span>
     <span class='ocr_line' id='line_1_21' title="bbox 309 2761 1356 2849; baseline -0.001 -23"><span class='ocrx_word' id='word_1_161' title='bbox 309 2762 506 2827; x_wconf 80' lang='grc' dir='ltr'>ὖποσπάσεων</span> <span class='ocrx_word' id='word_1_162' title='bbox 521 2770 615 2832; x_wconf 77' lang='grc' dir='ltr'>κακῶς</span> <span class='ocrx_word' id='word_1_163' title='bbox 630 2765 706 2849; x_wconf 73' lang='grc' dir='ltr'>αὐτῷ</span> <span class='ocrx_word' id='word_1_164' title='bbox 722 2764 904 2846; x_wconf 73' lang='grc' dir='ltr'>κεχρημένον</span> <span class='ocrx_word' id='word_1_165' title='bbox 921 2761 1133 2847; x_wconf 75' lang='lat' dir='ltr'>(sabellium),</span> <span class='ocrx_word' id='word_1_166' title='bbox 1150 2766 1204 2826; x_wconf 81' lang='grc' dir='ltr'>νῦν</span> <span class='ocrx_word' id='word_1_167' title='bbox 1218 2765 1251 2826; x_wconf 70' lang='grc' dir='ltr'>δὲ</span> <span class='ocrx_word' id='word_1_168' title='bbox 1265 2782 1356 2844; x_wconf 81' lang='grc' dir='ltr'>προσ·</span> 
     </span>
     <span class='ocr_line' id='line_1_22' title="bbox 314 2864 1358 2948; baseline 0 -20"><span class='ocrx_word' id='word_1_169' title='bbox 314 2865 432 2945; x_wconf 78' lang='grc' dir='ltr'>ιέμενον</span> <span class='ocrx_word' id='word_1_170' title='bbox 461 2867 496 2929; x_wconf 75' lang='grc' dir='ltr'>ἓν</span> <span class='ocrx_word' id='word_1_171' title='bbox 526 2867 569 2933; x_wconf 75' lang='lat' dir='ltr'>oia</span> <span class='ocrx_word' id='word_1_172' title='bbox 599 2867 794 2946; x_wconf 79' lang='grc' dir='ltr'>ἀπολογεῖται</span> <span class='ocrx_word' id='word_1_173' title='bbox 826 2864 901 2946; x_wconf 75' lang='grc' dir='ltr'>πρὸς</span> <span class='ocrx_word' id='word_1_174' title='bbox 934 2865 988 2929; x_wconf 85' lang='grc' dir='ltr'>τὸν</span> <span class='ocrx_word' id='word_1_175' title='bbox 1021 2866 1177 2944; x_wconf 68' lang='grc' dir='ltr'>ὁμώνυμον</span> <span class='ocrx_word' id='word_1_176' title='bbox 1209 2885 1283 2948; x_wconf 82' lang='lat' dir='ltr'>pag.</span> <span class='ocrx_word' id='word_1_177' title='bbox 1306 2882 1358 2946; x_wconf 88' lang='lat'>90.</span> 
     </span>
     <span class='ocr_line' id='line_1_23' title="bbox 313 2965 1360 3047; baseline -0.001 -18"><span class='ocrx_word' id='word_1_178' title='bbox 313 2968 438 3044; x_wconf 82' lang='lat' dir='ltr'>Postea,</span> <span class='ocrx_word' id='word_1_179' title='bbox 461 2973 545 3031; x_wconf 83' lang='lat' dir='ltr'>teste</span> <span class='ocrx_word' id='word_1_180' title='bbox 569 2967 754 3041; x_wconf 88' lang='lat' dir='ltr'>Sozomen0,</span> <span class='ocrx_word' id='word_1_181' title='bbox 777 2965 870 3029; x_wconf 81' lang='grc' dir='ltr'>πάλιν</span> <span class='ocrx_word' id='word_1_182' title='bbox 891 2965 966 3047; x_wconf 78' lang='grc' dir='ltr'>πρὸς</span> <span class='ocrx_word' id='word_1_183' title='bbox 989 2967 1109 3032; x_wconf 72' lang='grc' dir='ltr'>ἑαυτοὺς</span> <span class='ocrx_word' id='word_1_184' title='bbox 1132 2966 1309 3040; x_wconf 69' lang='grc' dir='ltr'>ἐστασίαζον</span> <span class='ocrx_word' id='word_1_185' title='bbox 1330 2967 1360 3028; x_wconf 88' lang='lat' dir='ltr'>ol</span> 
     </span>
     <span class='ocr_line' id='line_1_24' title="bbox 312 3069 1359 3151; baseline 0.001 -20"><span class='ocrx_word' id='word_1_186' title='bbox 312 3071 478 3143; x_wconf 78' lang='grc' dir='ltr'>ἐπίσκοποι,</span> <span class='ocrx_word' id='word_1_187' title='bbox 500 3070 786 3151; x_wconf 80' lang='grc' dir='ltr'>ὀκριβολογούμενοι</span> <span class='ocrx_word' id='word_1_188' title='bbox 805 3071 873 3149; x_wconf 82' lang='grc' dir='ltr'>περὶ</span> <span class='ocrx_word' id='word_1_189' title='bbox 892 3069 926 3132; x_wconf 82' lang='grc' dir='ltr'>τά</span> <span class='ocrx_word' id='word_1_190' title='bbox 946 3071 1107 3150; x_wconf 81' lang='grc' dir='ltr'>ὁμοούσιον</span> <span class='ocrx_word' id='word_1_191' title='bbox 1127 3071 1232 3148; x_wconf 83' lang='grc' dir='ltr'>ὄνομα.</span> <span class='ocrx_word' id='word_1_192' title='bbox 1255 3071 1284 3131; x_wconf 87' lang='lat' dir='ltr'>ol</span> <span class='ocrx_word' id='word_1_193' title='bbox 1302 3071 1359 3148; x_wconf 72' lang='grc' dir='ltr'>μὲν</span> 
     </span>
     <span class='ocr_line' id='line_1_25' title="bbox 312 3170 1357 3255; baseline -0.002 -21"><span class='ocrx_word' id='word_1_194' title='bbox 312 3174 368 3253; x_wconf 82' lang='grc' dir='ltr'>γὰρ</span> <span class='ocrx_word' id='word_1_195' title='bbox 390 3171 458 3238; x_wconf 74' lang='grc' dir='ltr'>τοὺς</span> <span class='ocrx_word' id='word_1_196' title='bbox 479 3176 565 3234; x_wconf 78' lang='grc' dir='ltr'>τοῦτο</span> <span class='ocrx_word' id='word_1_197' title='bbox 587 3170 846 3253; x_wconf 78' lang='grc' dir='ltr'>προσδεχομένους</span> <span class='ocrx_word' id='word_1_198' title='bbox 868 3177 1066 3252; x_wconf 82' lang='grc' dir='ltr'>βλασφημεῖν</span> <span class='ocrx_word' id='word_1_199' title='bbox 1088 3170 1192 3255; x_wconf 75' lang='grc' dir='ltr'>ᾤοντο,</span> <span class='ocrx_word' id='word_1_200' title='bbox 1209 3172 1248 3238; x_wconf 79' lang='grc' dir='ltr'>ὣς</span> <span class='ocrx_word' id='word_1_201' title='bbox 1266 3170 1357 3251; x_wconf 83' lang='grc' dir='ltr'>ὑπάρ-</span> 
     </span>
     <span class='ocr_line' id='line_1_26' title="bbox 311 3271 1360 3351; baseline -0.001 -15"><span class='ocrx_word' id='word_1_202' title='bbox 311 3279 383 3351; x_wconf 74' lang='grc' dir='ltr'>ξεως</span> <span class='ocrx_word' id='word_1_203' title='bbox 397 3273 480 3340; x_wconf 69' lang='grc' dir='ltr'>ἐκτὸς</span> <span class='ocrx_word' id='word_1_204' title='bbox 494 3273 547 3336; x_wconf 81' lang='grc' dir='ltr'>τὸν</span> <span class='ocrx_word' id='word_1_205' title='bbox 561 3271 626 3336; x_wconf 78' lang='grc' dir='ltr'>υἱὸν</span> <span class='ocrx_word' id='word_1_206' title='bbox 636 3271 821 3350; x_wconf 75' lang='grc' dir='ltr'>δοξάζοντας,</span> <span class='ocrx_word' id='word_1_207' title='bbox 833 3274 880 3335; x_wconf 76' lang='grc' dir='ltr'>καὶ</span> <span class='ocrx_word' id='word_1_208' title='bbox 895 3277 932 3335; x_wconf 80' lang='grc' dir='ltr'>τά</span> <span class='ocrx_word' id='word_1_209' title='bbox 948 3271 1108 3335; x_wconf 83' lang='grc' dir='ltr'>Μονπάνον</span> <span class='ocrx_word' id='word_1_210' title='bbox 1123 3272 1171 3334; x_wconf 82' lang='grc' dir='ltr'>καὶ</span> <span class='ocrx_word' id='word_1_211' title='bbox 1186 3274 1360 3348; x_wconf 84' lang='grc' dir='ltr'>Σαβελλίον</span> 
     </span>
     <span class='ocr_line' id='line_1_27' title="bbox 311 3370 1359 3454; baseline -0.002 -18"><span class='ocrx_word' id='word_1_212' title='bbox 311 3379 505 3454; x_wconf 76' lang='grc' dir='ltr'>φρονοῦντας·</span> <span class='ocrx_word' id='word_1_213' title='bbox 529 3375 558 3436; x_wconf 85' lang='lat' dir='ltr'>ol</span> <span class='ocrx_word' id='word_1_214' title='bbox 578 3371 603 3435; x_wconf 78' lang='grc' dir='ltr'>δ’</span> <span class='ocrx_word' id='word_1_215' title='bbox 619 3373 657 3436; x_wconf 76' lang='grc' dir='ltr'>αὖ</span> <span class='ocrx_word' id='word_1_216' title='bbox 676 3371 778 3447; x_wconf 79' lang='grc' dir='ltr'>πάλιν,</span> <span class='ocrx_word' id='word_1_217' title='bbox 797 3373 836 3438; x_wconf 78' lang='grc' dir='ltr'>ὥς</span> <span class='ocrx_word' id='word_1_218' title='bbox 852 3370 1055 3449; x_wconf 75' lang='grc' dir='ltr'>Ἑλληνιστάς</span> <span class='ocrx_word' id='word_1_219' title='bbox 1075 3373 1141 3437; x_wconf 82' lang='grc' dir='ltr'>τοὺς</span> <span class='ocrx_word' id='word_1_220' title='bbox 1160 3371 1278 3452; x_wconf 72' lang='grc' dir='ltr'>ἑτέρους</span> <span class='ocrx_word' id='word_1_221' title='bbox 1298 3374 1359 3449; x_wconf 74' lang='grc' dir='ltr'>ἑξε-</span> 
     </span>
     <span class='ocr_line' id='line_1_28' title="bbox 311 3472 1358 3555; baseline -0.003 -18"><span class='ocrx_word' id='word_1_222' title='bbox 311 3477 466 3555; x_wconf 75' lang='grc' dir='ltr'>τρέπονπο,</span> <span class='ocrx_word' id='word_1_223' title='bbox 482 3475 530 3538; x_wconf 74' lang='grc' dir='ltr'>καὶ</span> <span class='ocrx_word' id='word_1_224' title='bbox 551 3473 713 3539; x_wconf 76' lang='grc' dir='ltr'>πολυθεΐας</span> <span class='ocrx_word' id='word_1_225' title='bbox 735 3472 868 3553; x_wconf 78' lang='grc' dir='ltr'>εἰσάγειν</span> <span class='ocrx_word' id='word_1_226' title='bbox 891 3472 1067 3550; x_wconf 79' lang='grc' dir='ltr'>διέβαλλον,</span> <span class='ocrx_word' id='word_1_227' title='bbox 1089 3473 1145 3534; x_wconf 78' lang='lat' dir='ltr'>&amp;a</span> <span class='ocrx_word' id='word_1_228' title='bbox 1169 3472 1251 3535; x_wconf 72' lang='lat' dir='ltr'>His.</span> <span class='ocrx_word' id='word_1_229' title='bbox 1275 3473 1358 3535; x_wconf 76' lang='grc' dir='ltr'>Εααά.</span> 
     </span>
     <span class='ocr_line' id='line_1_29' title="bbox 310 3570 1358 3661; baseline 0 -24"><span class='ocrx_word' id='word_1_230' title='bbox 310 3576 363 3639; x_wconf 92' lang='lat' dir='ltr'>lib.</span> <span class='ocrx_word' id='word_1_231' title='bbox 380 3575 413 3638; x_wconf 91' lang='lat' dir='ltr'>ii.</span> <span class='ocrx_word' id='word_1_232' title='bbox 429 3596 498 3661; x_wconf 86' lang='lat' dir='ltr'>oap.</span> <span class='ocrx_word' id='word_1_233' title='bbox 517 3576 566 3638; x_wconf 88' lang='lat'>18.</span> <span class='ocrx_word' id='word_1_234' title='bbox 613 3575 738 3638; x_wconf 86' lang='lat' dir='ltr'>Eadem</span> <span class='ocrx_word' id='word_1_235' title='bbox 759 3574 908 3637; x_wconf 74' lang='lat' dir='ltr'>Socrates</span> <span class='ocrx_word' id='word_1_236' title='bbox 929 3593 1054 3656; x_wconf 89' lang='lat' dir='ltr'>quoque</span> <span class='ocrx_word' id='word_1_237' title='bbox 1073 3570 1126 3634; x_wconf 92' lang='lat' dir='ltr'>lib.</span> <span class='ocrx_word' id='word_1_238' title='bbox 1145 3573 1173 3635; x_wconf 94' lang='lat' dir='ltr'>I.</span> <span class='ocrx_word' id='word_1_239' title='bbox 1190 3571 1272 3635; x_wconf 64' lang='lat' dir='ltr'>Hire.</span> <span class='ocrx_word' id='word_1_240' title='bbox 1288 3594 1358 3658; x_wconf 88' lang='lat' dir='ltr'>oap.</span> 
     </span>
     <span class='ocr_line' id='line_1_30' title="bbox 314 3674 1360 3760; baseline 0 -22"><span class='ocrx_word' id='word_1_241' title='bbox 314 3696 364 3760; x_wconf 81' lang='lat'>23.</span> <span class='ocrx_word' id='word_1_242' title='bbox 391 3675 454 3741; x_wconf 86' lang='lat' dir='ltr'>Sed</span> <span class='ocrx_word' id='word_1_243' title='bbox 476 3677 544 3740; x_wconf 81' lang='lat' dir='ltr'>haeo</span> <span class='ocrx_word' id='word_1_244' title='bbox 566 3675 679 3740; x_wconf 88' lang='lat' dir='ltr'>obiter.</span> <span class='ocrx_word' id='word_1_245' title='bbox 727 3675 863 3740; x_wconf 86' lang='lat' dir='ltr'>Paulum</span> <span class='ocrx_word' id='word_1_246' title='bbox 885 3697 959 3739; x_wconf 90' lang='lat' dir='ltr'>vero</span> <span class='ocrx_word' id='word_1_247' title='bbox 984 3696 1124 3759; x_wconf 88' lang='lat' dir='ltr'>unquam</span> <span class='ocrx_word' id='word_1_248' title='bbox 1147 3674 1207 3737; x_wconf 89' lang='lat' dir='ltr'>heo</span> <span class='ocrx_word' id='word_1_249' title='bbox 1229 3674 1360 3738; x_wconf 88' lang='lat' dir='ltr'>verbum</span> 
     </span>
     <span class='ocr_line' id='line_1_31' title="bbox 312 3775 1358 3862; baseline -0.003 -20"><span class='ocrx_word' id='word_1_250' title='bbox 312 3779 360 3842; x_wconf 88' lang='lat' dir='ltr'>vel</span> <span class='ocrx_word' id='word_1_251' title='bbox 381 3800 478 3862; x_wconf 89' lang='lat' dir='ltr'>prave</span> <span class='ocrx_word' id='word_1_252' title='bbox 495 3799 553 3851; x_wconf 79' lang='lat' dir='ltr'>suo</span> <span class='ocrx_word' id='word_1_253' title='bbox 577 3799 670 3842; x_wconf 88' lang='lat' dir='ltr'>sensu</span> <span class='ocrx_word' id='word_1_254' title='bbox 692 3776 873 3862; x_wconf 86' lang='lat' dir='ltr'>amplexum</span> <span class='ocrx_word' id='word_1_255' title='bbox 893 3777 1000 3853; x_wconf 83' lang='lat' dir='ltr'>fuisse,</span> <span class='ocrx_word' id='word_1_256' title='bbox 1020 3776 1053 3838; x_wconf 95' lang='lat' dir='ltr'>id</span> <span class='ocrx_word' id='word_1_257' title='bbox 1074 3775 1128 3839; x_wconf 89' lang='lat' dir='ltr'>alii</span> <span class='ocrx_word' id='word_1_258' title='bbox 1146 3775 1358 3840; x_wconf 81' lang='lat' dir='ltr'>Athanasium</span> 
     </span>
     <span class='ocr_line' id='line_1_32' title="bbox 311 3876 1359 3964; baseline -0.002 -22"><span class='ocrx_word' id='word_1_259' title='bbox 311 3887 409 3963; x_wconf 88' lang='lat' dir='ltr'>atque</span> <span class='ocrx_word' id='word_1_260' title='bbox 431 3878 585 3943; x_wconf 88' lang='lat' dir='ltr'>Basilium</span> <span class='ocrx_word' id='word_1_261' title='bbox 607 3900 703 3963; x_wconf 90' lang='lat' dir='ltr'>supra</span> <span class='ocrx_word' id='word_1_262' title='bbox 725 3879 839 3943; x_wconf 89' lang='lat' dir='ltr'>allatos</span> <span class='ocrx_word' id='word_1_263' title='bbox 860 3900 931 3964; x_wconf 88' lang='lat' dir='ltr'>pag.</span> <span class='ocrx_word' id='word_1_264' title='bbox 947 3879 1133 3962; x_wconf 79' lang='lat'>314-316.</span> <span class='ocrx_word' id='word_1_265' title='bbox 1155 3876 1359 3960; x_wconf 87' lang='lat' dir='ltr'>interpretati</span> 
     </span>
     <span class='ocr_line' id='line_1_33' title="bbox 313 3976 1360 4062; baseline -0.001 -22"><span class='ocrx_word' id='word_1_266' title='bbox 313 3985 490 4062; x_wconf 85' lang='lat' dir='ltr'>negarunt;</span> <span class='ocrx_word' id='word_1_267' title='bbox 524 3978 608 4042; x_wconf 84' lang='lat' dir='ltr'>inter</span> <span class='ocrx_word' id='word_1_268' title='bbox 637 4000 717 4062; x_wconf 86' lang='lat' dir='ltr'>quos</span> <span class='ocrx_word' id='word_1_269' title='bbox 745 3979 886 4042; x_wconf 87' lang='lat' dir='ltr'>eminent</span> <span class='ocrx_word' id='word_1_270' title='bbox 911 3976 1034 4053; x_wconf 90' lang='lat' dir='ltr'>Bullus,</span> <span class='ocrx_word' id='word_1_271' title='bbox 1062 3977 1240 4060; x_wconf 62' lang='lat' dir='ltr'>Deformem</span> <span class='ocrx_word' id='word_1_272' title='bbox 1265 3976 1360 4039; x_wconf 73' lang='lat' dir='ltr'>Fidei</span> 
     </span>
     <span class='ocr_line' id='line_1_34' title="bbox 312 4079 1360 4164; baseline -0.004 -20"><span class='ocrx_word' id='word_1_273' title='bbox 312 4081 461 4153; x_wconf 63' lang='lat' dir='ltr'>Nisam,</span> <span class='ocrx_word' id='word_1_274' title='bbox 484 4086 560 4144; x_wconf 86' lang='lat' dir='ltr'>seet.</span> <span class='ocrx_word' id='word_1_275' title='bbox 579 4079 610 4142; x_wconf 91' lang='lat' dir='ltr'>ii.</span> <span class='ocrx_word' id='word_1_276' title='bbox 633 4101 701 4164; x_wconf 89' lang='lat' dir='ltr'>oap.</span> <span class='ocrx_word' id='word_1_277' title='bbox 722 4100 747 4142; x_wconf 92' lang='lat'>1.</span> <span class='ocrx_word' id='word_1_278' title='bbox 771 4084 810 4162; x_wconf 72' lang='lat'>§§.</span> <span class='ocrx_word' id='word_1_279' title='bbox 827 4099 946 4160; x_wconf 88' lang='lat'><strong>9-14.</strong></span> <span class='ocrx_word' id='word_1_280' title='bbox 969 4101 1001 4163; x_wconf 90' lang='lat' dir='ltr'>p.</span> <span class='ocrx_word' id='word_1_281' title='bbox 1022 4096 1159 4163; x_wconf 82' lang='lat'><strong>29-34.</strong></span> <span class='ocrx_word' id='word_1_282' title='bbox 1208 4080 1360 4161; x_wconf 88' lang='lat' dir='ltr'>Styanus·</span> 
     </span>
     <span class='ocr_line' id='line_1_35' title="bbox 315 4178 1361 4265; baseline -0.005 -20"><span class='ocrx_word' id='word_1_283' title='bbox 315 4203 375 4265; x_wconf 92' lang='lat' dir='ltr'>que</span> <span class='ocrx_word' id='word_1_284' title='bbox 393 4181 564 4258; x_wconf 87' lang='lat' dir='ltr'>Thirlbius‚</span> <span class='ocrx_word' id='word_1_285' title='bbox 580 4182 720 4265; x_wconf 68' lang='lat' dir='ltr'>Bosporos.</span> <span class='ocrx_word' id='word_1_286' title='bbox 742 4180 787 4243; x_wconf 86' lang='lat' dir='ltr'>od</span> <span class='ocrx_word' id='word_1_287' title='bbox 807 4181 953 4244; x_wconf 80' lang='lat' dir='ltr'>Wlistoa.</span> <span class='ocrx_word' id='word_1_288' title='bbox 973 4185 997 4260; x_wconf 59' lang='grc' dir='ltr'>ᾗ.</span> <span class='ocrx_word' id='word_1_289' title='bbox 1013 4200 1063 4241; x_wconf 85' lang='lat' dir='ltr'>xv.</span> <span class='ocrx_word' id='word_1_290' title='bbox 1080 4199 1151 4262; x_wconf 82' lang='lat' dir='ltr'>pag.</span> <span class='ocrx_word' id='word_1_291' title='bbox 1169 4178 1310 4241; x_wconf 85' lang='lat' dir='ltr'>ei-ovii.</span> <span class='ocrx_word' id='word_1_292' title='bbox 1326 4188 1361 4241; x_wconf 92' lang='lat' dir='ltr'>et</span> 
     </span>
     <span class='ocr_line' id='line_1_36' title="bbox 313 4277 1359 4361; baseline -0.007 -15"><span class='ocrx_word' id='word_1_293' title='bbox 313 4282 388 4346; x_wconf 89' lang='lat' dir='ltr'>Gul.</span> <span class='ocrx_word' id='word_1_294' title='bbox 414 4283 589 4347; x_wconf 87' lang='lat' dir='ltr'>Berriman.</span> <span class='ocrx_word' id='word_1_295' title='bbox 613 4282 647 4345; x_wconf 93' lang='lat' dir='ltr'>in</span> <span class='ocrx_word' id='word_1_296' title='bbox 672 4280 868 4347; x_wconf 79' lang='lat' dir='ltr'>Ooaoioaidus</span> <span class='ocrx_word' id='word_1_297' title='bbox 893 4281 958 4345; x_wconf 89' lang='lat' dir='ltr'>suis</span> <span class='ocrx_word' id='word_1_298' title='bbox 981 4277 1173 4361; x_wconf 68' lang='lat' dir='ltr'>Moymaaa</span> <span class='ocrx_word' id='word_1_299' title='bbox 1195 4280 1293 4341; x_wconf 89' lang='lat' dir='ltr'>Cone.</span> <span class='ocrx_word' id='word_1_300' title='bbox 1316 4278 1359 4340; x_wconf 92' lang='lat' dir='ltr'>iii.</span> 
     </span>
     <span class='ocr_line' id='line_1_37' title="bbox 311 4379 1360 4469; baseline -0.006 -21"><span class='ocrx_word' id='word_1_301' title='bbox 311 4406 342 4468; x_wconf 88' lang='lat' dir='ltr'>p.</span> <span class='ocrx_word' id='word_1_302' title='bbox 363 4387 541 4469; x_wconf 85' lang='lat'>146-149.</span> <span class='ocrx_word' id='word_1_303' title='bbox 556 4392 590 4448; x_wconf 88' lang='lat' dir='ltr'>et</span> <span class='ocrx_word' id='word_1_304' title='bbox 605 4385 699 4448; x_wconf 76' lang='lat' dir='ltr'>(lone.</span> <span class='ocrx_word' id='word_1_305' title='bbox 717 4384 755 4448; x_wconf 88' lang='lat' dir='ltr'>iv.</span> <span class='ocrx_word' id='word_1_306' title='bbox 773 4406 803 4468; x_wconf 87' lang='lat' dir='ltr'>p.</span> <span class='ocrx_word' id='word_1_307' title='bbox 825 4383 894 4467; x_wconf 80' lang='lat'><strong>183.</strong></span> <span class='ocrx_word' id='word_1_308' title='bbox 941 4380 1062 4463; x_wconf 82' lang='lat' dir='ltr'>Quibus</span> <span class='ocrx_word' id='word_1_309' title='bbox 1083 4379 1290 4463; x_wconf 76' lang='lat' dir='ltr'>scriptoribus</span> <span class='ocrx_word' id='word_1_310' title='bbox 1314 4379 1360 4442; x_wconf 90' lang='lat' dir='ltr'>in-</span> 
     </span>
     <span class='ocr_line' id='line_1_38' title="bbox 312 4481 1360 4567; baseline -0.005 -19"><span class='ocrx_word' id='word_1_311' title='bbox 312 4485 438 4564; x_wconf 89' lang='lat' dir='ltr'>dioatis,</span> <span class='ocrx_word' id='word_1_312' title='bbox 461 4485 522 4550; x_wconf 91' lang='lat' dir='ltr'>hoo</span> <span class='ocrx_word' id='word_1_313' title='bbox 547 4485 674 4564; x_wconf 85' lang='lat' dir='ltr'>addam,</span> <span class='ocrx_word' id='word_1_314' title='bbox 698 4486 777 4550; x_wconf 90' lang='lat' dir='ltr'>satis</span> <span class='ocrx_word' id='word_1_315' title='bbox 803 4485 967 4549; x_wconf 86' lang='lat' dir='ltr'>evidenter</span> <span class='ocrx_word' id='word_1_316' title='bbox 989 4481 1116 4567; x_wconf 86' lang='lat' dir='ltr'>probari</span> <span class='ocrx_word' id='word_1_317' title='bbox 1139 4481 1233 4564; x_wconf 86' lang='lat' dir='ltr'>hujus</span> <span class='ocrx_word' id='word_1_318' title='bbox 1256 4487 1360 4543; x_wconf 77' lang='lat' dir='ltr'>vetus-</span> 
     </span>
     <span class='ocr_line' id='line_1_39' title="bbox 315 4583 1361 4668; baseline -0.008 -17"><span class='ocrx_word' id='word_1_319' title='bbox 315 4587 428 4651; x_wconf 90' lang='lat' dir='ltr'>tissimi</span> <span class='ocrx_word' id='word_1_320' title='bbox 452 4588 576 4653; x_wconf 88' lang='lat' dir='ltr'>oonoilii</span> <span class='ocrx_word' id='word_1_321' title='bbox 600 4588 835 4666; x_wconf 78' lang='lat' dir='ltr'>orthodoxiam,</span> <span class='ocrx_word' id='word_1_322' title='bbox 858 4608 930 4651; x_wconf 88' lang='lat' dir='ltr'>eum</span> <span class='ocrx_word' id='word_1_323' title='bbox 953 4609 993 4649; x_wconf 83' lang='lat' dir='ltr'>ex</span> <span class='ocrx_word' id='word_1_324' title='bbox 1015 4586 1077 4649; x_wconf 86' lang='lat' dir='ltr'>fine</span> <span class='ocrx_word' id='word_1_325' title='bbox 1100 4583 1242 4668; x_wconf 83' lang='lat' dir='ltr'>epistolae</span> <span class='ocrx_word' id='word_1_326' title='bbox 1268 4603 1361 4666; x_wconf 86' lang='lat' dir='ltr'>syno-</span> 
     </span>
     <span class='ocr_line' id='line_1_40' title="bbox 362 4710 860 4774; baseline 0.004 -25"><span class='ocrx_word' id='word_1_327' title='bbox 362 4712 432 4753; x_wconf 81' lang='lat' dir='ltr'>von.</span> <span class='ocrx_word' id='word_1_328' title='bbox 448 4712 492 4753; x_wconf 91' lang='lat' dir='ltr'>m.</span> <span class='ocrx_word' id='word_1_329' title='bbox 805 4710 860 4774; x_wconf 74' lang='lat' dir='ltr'>3s</span> 
     </span>
    </p>
   </div>
   <div class='ocr_carea' id='block_1_3' title="bbox 0 0 1854 5667">
    <p class='ocr_par' dir='ltr' id='par_1_3' title="bbox 0 0 1854 5667">
     <span class='ocr_line' id='line_1_41' title="bbox 0 0 1854 5667; baseline 0 1"><span class='ocrx_word' id='word_1_330' title='bbox 0 0 1854 5667; x_wconf 95' lang='lat' dir='ltr'> </span> 
     </span>
    </p>
   </div>
  </div>
 </body>
</html>
