3700 5667
395 700 438 759 20
699 702 944 779 RELIQUIAE
971 705 1147 770 SACRAE.

897 1012 935 1052 EX

639 1121 877 1181 EPISTOLA
907 1124 972 1181 ΑΙ)
1000 1124 1204 1183 FABIUM.

717 1248 937 1288 narracnnnrn
954 1249 1127 1290 aerecoeuu.

398 1403 557 1467 ὶιοιοιαα
575 1407 670 1469 Petro
686 1408 860 1472 Cornetontio
879 1410 913 1472 ιἰι
934 1411 1062 1473 editione
1079 1432 1136 1473 eno
1153 1411 1241 1472 Rern.
1258 1410 1352 1473 Ponti
1376 1430 1439 1473 αιπι

739 1519 906 1601 Epistulae.
915 1524 1092 1606 profixam.
1447 1532 1462 1590 5

396 1682 421 1740 l.
437 1684 593 1754 Quomodo
612 1686 798 1746 Confeeaores
818 1690 1017 1748 aNovatiano
1035 1691 1149 1769 decepti
1168 1690 1286 1748 fraudes
1305 1691 1370 1767 ejus
1389 1691 1436 1748 de·

436 1791 572 1858 texerint,
587 1804 617 1849 et
631 1793 725 1871 palam
738 1793 876 1851 Ecclesia
891 1808 974 1852 notas
988 1796 1120 1853 fecerint.
1157 1795 1200 1851 11.
1216 1795 1327 1852 Contra
1342 1814 1441 1852 omnes

435 1894 515 1972 leges
529 1897 679 1956 ordinatus
694 1899 890 1976 episcopatum
907 1899 960 1957 sibi
976 1910 1101 1976 arrogat.
1146 1899 1205 1956 Ill.
1220 1898 1299 1956 Cleri
1316 1899 1442 1957 Romani

438 2003 596 2082 populique
610 2002 799 2061 multitudine
819 2023 835 2059 a
849 2003 1002 2060 schismate
1018 2024 1074 2060 non
1090 2004 1263 2062 deterretur.
1307 2002 1365 2060 IV.
1382 2004 1440 2061 Ur·

434 2119 520 2184 gente
546 2107 714 2164 infirmitate
739 2107 768 2161 in
793 2106 869 2163 lecto
894 2107 1030 2182 perfusus
1050 2128 1102 2164 seu
1124 2108 1297 2185 baptizatus,
1321 2107 1440 2166 minime
1452 2123 1481 2165 ιο

435 2213 620 2287 consignatus
640 2222 693 2268 est.
737 2211 776 2267 V.
794 2211 1009 2268 Persecutionis
1030 2224 1161 2290 tempore
1183 2213 1384 2289 presbyterum
1410 2233 1440 2270 se

435 2333 540 2390 negnre
555 2314 674 2379 mavult,
691 2334 775 2389 qnam
792 2314 932 2373 fratribus
946 2315 1110 2373 subvenire.
1153 2316 1205 2373 VI.
1222 2316 1334 2373 Praeter
1352 2315 1440 2393 leges,

435 2417 512 2474 clero
526 2438 559 2474 ac
574 2418 706 2494 plurimis
720 2419 756 2476 de
771 2419 880 2496 populo
897 2420 1154 2487 interredentibus,
1170 2441 1221 2495 per
1239 2421 1362 2496 gratiam
1379 2421 1439 2498 epi·

435 2523 512 2599 scopi
534 2521 570 2578 nd
592 2523 801 2600 presbyterium
825 2536 979 2600 provectus
1000 2524 1068 2581 fuit.
1113 2524 1186 2581 Vll.
1202 2524 1264 2594 Qui
1285 2543 1391 2601 corpus
1411 2535 1440 2581 et

434 2625 601 2701 sanguinem
632 2626 740 2682 Christi
777 2627 938 2703 porrigens,
967 2628 1096 2704 singulos
1129 2628 1183 2685 sibi
1213 2628 1312 2703 jurare
1347 2638 1439 2704 cogat.
1453 2634 1482 2697 15

436 2730 526 2788 V111.
544 2730 620 2786 Eum
636 2730 672 2787 ab
686 2731 820 2787 omnibus
834 2730 937 2788 deseri.

449 2906 496 2986 α’.
522 2907 602 2986 Ἵνα
632 2906 669 2986 δὲ
700 2914 794 3015 γνῷς
823 2909 879 2987 ὅτι
910 2908 1097 3012 πρόπαλαι
1129 2906 1338 3011 ὀρεγόμενος
1376 2914 1440 3007 τῆς

396 3045 593 3138 ἐπισκοπῆς
611 3043 631 3117 ὁ
651 3040 849 3138 θαυμάσιος
868 3041 981 3138 οὗτος,
1000 3046 1058 3120 καὶ
1076 3042 1242 3145 κρύπτων
1266 3045 1304 3121 ἐν
1327 3045 1441 3149 ἑαυτῷ

392 3175 458 3275 τὴν
476 3170 635 3277 προπετῆ
654 3173 785 3270 ταύτην
804 3178 911 3254 αὐτοῦ
929 3179 1115 3274 ἐπιθυμίαν
1142 3176 1347 3274 ἐλάνθανεν,
1366 3180 1441 3258 ε’πι-

395 3308 599 3408 καλθμματι
631 3313 694 3407 τῆς
727 3311 835 3388 αὑτοῦ
872 3308 1039 3392 ἀπονοῖας
1071 3316 1123 3415 τῷ
1156 3308 1337 3412 καταρχὰς
1368 3308 1441 3388 σὺν
1450 3352 1486 3391 ιο

394 3448 489 3552 αὐτῷ
522 3442 603 3527 τοὺς
636 3442 861 3545 ὁμολογητὰς
894 3445 1082 3547 ἐσχηκέναι
1114 3445 1303 3547 χρώμενος,
1332 3449 1442 3522 εἰπεῖν

393 3578 583 3675 βούλομαι·
617 3577 788 3681 Μάξιμος
805 3578 1050 3680 πρεσβύτερος
1072 3584 1144 3656 τῶν
1168 3584 1254 3678 παρ’
1273 3578 1357 3675 ἡμῖν
1382 3581 1441 3656 καὶ

394 3709 596 3808 Οὐρβανὸς,
617 3712 669 3790 δὶς
688 3707 753 3804 τὴν
770 3710 812 3814 ἐξ
830 3713 1026 3812 ὁμολογίας
1045 3710 1156 3816 δόξαν
1173 3712 1325 3811 ἀρίστην
1349 3745 1436 3814 καρ-

393 3842 610 3939 πωσάμενοι·
641 3840 798 3925 Σιδόνιός
822 3878 859 3921 τε
889 3848 947 3923 καὶ
974 3851 1175 3943 Κελερῖνος,
1194 3844 1283 3946 ἀνὴρ
1306 3843 1345 3928 ὃς
1368 3843 1439 3924 ποί-

774 4054 928 4129 interprete
945 4054 1063 4110 Valerio.
1452 4064 1487 4125 ος

437 4176 463 4215 1.
485 4158 586 4235 Atque
610 4170 645 4216 nt
669 4160 741 4217 scias
764 4159 889 4235 qunliter
939 4156 1441 4223 sociaverat,velamentumvesanire

393 4238 578 4295 admirandus
592 4238 640 4296 ille
655 4240 699 4295 vir
718 4239 889 4317 episcopalia
940 4237 1082 4302 obtendit,
1099 4238 1234 4314 deinceps
1256 4236 1310 4292 tibi
1335 4234 1440 4293 edisse·

393 4314 448 4372 loci
472 4317 632 4393 cupiditate
649 4317 821 4395 jampridem
844 4319 890 4374 in.
940 4337 1010 4374 ram.
1031 4317 1179 4374 Maximus
1193 4314 1320 4374 eeclesiae
1335 4324 1441 4371 nostrae

392 4414 505 4458 census,
534 4406 563 4452 et
597 4398 774 4474 praecipitem
809 4396 889 4453 illam
943 4397 1101 4473 presbyter,
1121 4407 1150 4453 et
1175 4395 1328 4451 Urbanus:
1355 4394 1440 4450 ambo

392 4474 578 4531 ambitionem
604 4495 684 4533 suam
710 4487 819 4552 tegens,
840 4475 891 4532 diu
942 4495 979 4533 ex
1003 4476 1068 4532 fidei
1094 4475 1273 4533 confessione
1296 4472 1489 4550 egregiamgt)

392 4572 492 4610 omnen
514 4552 650 4621 latuerit;
684 4555 753 4611 dum
779 4555 890 4613 confes·
939 4555 998 4630 jam
1024 4555 1151 4612 necundo
1179 4552 1293 4610 laudem
1322 4551 1440 4629 adepti3

392 4650 470 4690 soree
485 4652 556 4709 quoa
571 4633 668 4689 atatim
684 4634 720 4691 ab
739 4633 823 4691 initio
836 4634 891 4692 eibi
943 4634 1082 4691 Sidonius
1109 4634 1195 4691 etiam
1223 4642 1253 4689 et
1277 4631 1439 4698 Celerinus,
