3700 5667
504 679 536 741 S.
555 678 776 741 DIONYSII
798 679 943 740 ALnx.
962 678 1114 739 EPIST.
1161 676 1389 739 ANONICA.
1421 676 1484 738 225

436 852 445 874 ,
510 850 519 872 τ
690 848 700 873 ι
848 852 858 878 c
913 849 930 877 u
1144 848 1154 873 ι
1231 851 1239 872 .
1295 849 1303 871 ι
1433 852 1449 869 .

449 856 604 948 Ιωαννης
628 856 771 955 γραφει·
802 885 860 928 και
883 855 1037 951 οορθρου
1058 853 1197 941 βαθεος,
1219 882 1264 928 ως
1289 882 1308 925 ο
1328 852 1481 929 Λουκας·

437 988 494 1063 καὶ
513 985 620 1062 ἁλίαν
632 982 727 1084 πρωῒ
741 986 989 1065 ἀνατείλαντος
1008 991 1071 1061 τοῦ
1086 984 1199 1080 ἡλίου,
1215 986 1262 1064 ὡς
1282 983 1301 1058 ὁ
1323 979 1482 1082 Μάρκος.

437 1122 494 1197 καὶ
516 1116 604 1197 πότε
627 1117 692 1217 μὲν
719 1119 863 1213 ἀνέστη,
884 1125 1016 1222 σαφῶς
1041 1120 1151 1200 οὐδεὶς
1176 1115 1396 1220 ἀπεφήνατο·
1428 1115 1482 1194 ὅτι

437 1253 475 1333 δὲ
494 1252 565 1358 ἀψὲ
582 1252 783 1348 σαββάτων
802 1259 846 1356 τῇ
869 1252 1130 1358 ἐπιφωσκούσῃ
1156 1259 1203 1334 εἰς
1226 1252 1311 1347 μίαν
1333 1248 1482 1343 σαββά-

411 1423 520 1479 5των,
542 1388 665 1492 μέχρις
690 1392 868 1487 ἀνατολῆς
892 1390 996 1487 ἡλίου
1021 1393 1084 1486 τῆς
1108 1395 1189 1485 μιᾶς
1215 1388 1427 1482 σαββάτων,
1453 1392 1486 1465 οἱ

438 1527 493 1603 ἐπὶ
512 1523 553 1601 τό
571 1531 741 1622 μνημεῖον
758 1523 1047 1626 παραγενόμενοι,
1069 1524 1182 1601 ούκέτι
1202 1524 1358 1618 κείμενον
1377 1518 1485 1599 αὐτόν

438 1659 475 1736 ἐν
501 1659 597 1763 αύτῷ
622 1658 833 1754 κατέλαβον,
859 1666 965 1736 τοῦτο
992 1654 1275 1756 ἀνωμολόγηται.
1309 1659 1366 1734 καὶ
1395 1655 1486 1752 μηδὲ

438 1795 639 1898 διαφωνεῖν,
655 1791 743 1892 μηδὲ
758 1797 1005 1871 ἐναντιοῦσθαι
1016 1790 1098 1875 τοὺς
1116 1790 1375 1892 εύαγγελιστάς
1393 1788 1485 1892 πρὸς

439 1925 627 2025 ἀλλήλους,
648 1926 899 2024 ὑπολάβωμεν·
931 1931 1018 2005 ἀλλ’
1047 1933 1076 2005 εἰ
1105 1932 1162 2005 καὶ
1189 1928 1405 2027 μικρολογία
1432 1930 1486 2009 τὶς

396 2058 525 2140 ιοεῖναι
557 2061 652 2166 δόξει
688 2065 768 2164 περὶ
800 2059 840 2140 τό
874 2060 1097 2162 ζητούμενον·
1145 2067 1173 2139 εἱ
1205 2067 1484 2164 συμφωνοῦντες

439 2196 568 2278 πάντες
591 2198 628 2273 ἐν
654 2197 765 2300 ἐκείνῃ
792 2202 835 2299 τῇ
865 2199 963 2274 νυκτὶ
989 2196 1030 2275 τό
1059 2204 1123 2274 τοῦ
1151 2194 1290 2291 κόσμου
1317 2200 1396 2299 φῶς
1420 2192 1484 2272 τὸν

441 2330 574 2433 Κύριον
604 2332 704 2429 ἡμῶν
731 2332 1004 2410 ἀνατεταλκέναι
1034 2335 1114 2434 περὶ
1143 2330 1208 2429 τὴν
1236 2327 1331 2431 ὥραν
1361 2329 1484 2434 διαφέ-

438 2496 572 2568 ρονται·
614 2469 697 2544 ἀλλ’
734 2468 830 2565 ἡμεῖς
867 2467 1096 2567 εὐγνωμόνως
1133 2465 1179 2544 τὰ
1217 2465 1391 2568 λεχθέντα
1427 2467 1485 2543 καὶ

439 2603 577 2683 πίστως
599 2600 757 2702 ἁρμόσαι
779 2600 1074 2704 προθυμήθωμεν.

397 2767 429 2824 ¹5
494 2737 549 2815 Τό
567 2735 631 2833 μὲν
650 2737 711 2815 οὖν
730 2735 797 2816 ὑπὸ
816 2747 879 2816 τοῦ
901 2738 1091 2816 Ματθαίου
1110 2736 1248 2841 λεχθὲν,
1268 2738 1378 2817 οὕτως
1397 2735 1479 2839 ἕχει.

440 2870 562 2976 θ’0φέ
581 2870 791 2966 σαββάτων,
811 2878 855 2976 τῇ
873 2872 1134 2978 ἐπιφωσκούσῃ
1153 2878 1200 2955 εἱς
1223 2874 1307 2968 μίαν
1329 2868 1481 2965 σαββά-

439 3039 520 3098 των,
539 3003 629 3103 ἧλθε
654 3007 780 3108 Μαρία
802 3042 824 3104 η
854 3007 1083 3108 Μαγδαληνὴ
1109 3011 1168 3087 καὶ
1192 3008 1214 3105 ἡ
1238 3007 1336 3104 ἄλλη
1356 3006 1484 3108 Μαρία

436 3143 614 3240 θεωρῆσαι
631 3139 695 3218 τόν
711 3141 838 3245 τάφον.
873 3144 930 3220 καὶ
944 3140 1019 3220 ἰδού
1033 3141 1184 3237 σεισμός
1198 3141 1335 3241 ε’γένετο
1353 3141 1478 3241 με’γας·

439 3367 586 3425 Joannes:
614 3366 656 3425 Et
675 3390 780 3427 summo
799 3369 932 3436 diluculo,
984 3366 1482 3445 quodquaeriturcontroversinesse

396 3463 431 3502 20
441 3458 474 3505 ut
489 3448 598 3506 Lucas:
622 3449 663 3506 Et
679 3451 761 3506 valde
777 3472 859 3507 ιιιαιιο
876 3459 935 3508 orto
984 3449 1127 3513 videntur,
1139 3448 1161 3504 si
1173 3467 1272 3504 omnes
1286 3447 1315 3502 in
1332 3445 1381 3501 illa
1396 3455 1481 3502 nocte

432 3528 573 3606 jamule,
586 3539 619 3586 ut
635 3531 759 3587 Murcus.
775 3541 805 3587 et
819 3530 936 3606 quando
986 3529 1086 3586 mundi
1112 3528 1206 3585 lucem
1229 3527 1387 3582 Dominum
1413 3545 1481 3581 nos·

440 3609 566 3666 surrexit
585 3610 711 3685 quidem,
733 3631 817 3667 nemo
836 3621 935 3687 aperte
986 3620 1064 3666 trum
1089 3619 1223 3667 exortum
1249 3626 1311 3664 esse
1335 3605 1482 3662 consenti-

441 3688 578 3745 ostendit.
608 3689 695 3760 Quod
707 3702 804 3747 autem
816 3710 935 3767 vespere
986 3701 1076 3755 entem
1093 3689 1123 3744 in
1143 3689 1213 3745 horn
1235 3686 1416 3753 dissentiant,
1432 3704 1485 3741 nos

441 3768 551 3825 sabbati
562 3769 725 3827 lucescente
736 3790 793 3826 unu
804 3771 936 3828 sabbato·
989 3780 1095 3837 tamen,
1111 3788 1175 3845 quae
1193 3769 1229 3825 nb
1248 3767 1290 3825 eis
1308 3766 1385 3823 dicta
1406 3777 1483 3829 sunt,

396 3866 431 3924 25
441 3868 505 3904 rum
515 3869 607 3925 usque
618 3850 653 3906 ud
663 3862 759 3907 ortum
771 3850 839 3908 solis
850 3851 937 3907 unius
989 3850 1036 3926 pie
1057 3860 1087 3906 et
1105 3848 1229 3905 fideliter
1251 3846 1404 3904 conciliare
1424 3856 1486 3902 stu-

441 3928 624 3987 sebbntorum
637 3928 712 4003 (sive
723 3930 779 3987 diei
793 3942 858 4006 post
873 3931 937 3987 sab·
989 3929 1115 3986 denmus.

440 4008 554 4081 batum)
580 4010 631 4086 qui
656 4010 691 4066 nd
716 4022 936 4067 monumentum
1037 4008 1125 4080 Quod
1154 4029 1170 4064 a
1198 4008 1340 4064 Matthaeo
1368 4004 1484 4080 quidem

441 4101 593 4154 venerunt,
605 4110 672 4147 eum
687 4111 744 4147 non
760 4090 884 4168 amplius
894 4091 937 4166 ja·
989 4089 1098 4146 dictum
1115 4099 1167 4151 cst,
1180 4087 1221 4145 sic
1235 4087 1339 4143 habet:
1366 4086 1487 4161 lf'espere

441 4178 553 4225 nentem
567 4169 750 4238 invenerunt,
763 4170 857 4227 hocin
870 4191 936 4228 con·
989 4179 1080 4226 aulem
1116 4169 1295 4226 sabbatorum
1331 4167 1486 4222 lucescente

393 4246 582 4324 gofessoest.
612 4250 658 4308 Ac
670 4271 763 4326 neque
775 4249 937 4315 dissentire,
989 4270 1046 4306 ιιιιο
1067 4249 1258 4313 sabbatorum,
1279 4247 1358 4302 Venit
1381 4241 1483 4300 Maria

441 4346 495 4384 nec
514 4329 657 4387 adversari
675 4331 751 4388 iuter
768 4351 797 4388 se
815 4351 938 4407 evange·
992 4329 1175 4406 Magdnlene‚
1192 4336 1217 4384 e!
1239 4326 1299 4383 alia
1322 4324 1424 4382 Μοτίο
1446 4321 1486 4378 nd

441 4404 522 4465 listas
536 4410 752 4468 existimemus:
774 4410 823 4468 sed
839 4430 937 4487 quum·
990 4409 1173 4486 speclnndnm
1184 4406 1374 4485 sepulchrum,
1387 4412 1412 4460 el
1424 4422 1487 4460 ecce

442 4504 528 4560 quam
550 4509 638 4568 parva
661 4490 790 4567 quendam
814 4491 889 4548 circa
909 4490 940 4546 id
981 4490 1368 4564 fnitnengnnsterraeruoms.
1394 4483 1487 4557 Αιιρτ.

520 4652 604 4701 cunc.
619 4655 685 4701 xxiv.
700 4670 719 4701 τ.
831 4656 844 4692 <1
858 4654 937 4702 Marc.
949 4654 997 4701 xvi.
1013 4667 1033 4700 2.
1144 4651 1243 4698 enan.
1256 4649 1337 4696 xxviii.
1356 4645 1423 4695 1-6.

489 4753 555 4794 voL.
573 4755 616 4794 111.
951 4759 969 4794 G
984 4755 1005 4818 g
