3700 5667
505 659 570 720 are
854 629 1208 719 Annonarienns

509 825 605 889 Unde
619 824 767 911 oonjieiat
782 824 852 908 quis
873 846 994 888 morem
1009 825 1116 897 fuisse,
1132 824 1188 888 sed
1207 823 1306 887 serius
1325 818 1558 900 introductum,

506 926 664 991 nonnullis
679 925 793 989 saltem
806 924 839 988 in
853 925 931 989 loeis
945 933 981 989 ut
997 925 1202 1011 insigniorum
1218 924 1475 989 concionatorum
1491 947 1556 988 ser-

505 1048 615 1090 mones
634 1025 796 1111 plausibus
816 1026 1047 1111 exciperentur.
1071 1027 1226 1090 Rmnme.
1272 1024 1422 1089 Nonnihil
1438 1026 1479 1088 de
1494 1024 1556 1088 hoo

505 1148 605 1202 more,
620 1127 661 1191 ab
676 1128 876 1192 ethnieorum
891 1129 1007 1218 seholis
1021 1137 1120 1213 atque
1137 1128 1273 1199 theatris
1288 1135 1431 1211 aoeepte,
1446 1127 1556 1191 notavi

505 1227 549 1291 ad
564 1226 709 1291 Platonis
723 1227 948 1312 Euthydemnm
961 1232 986 1307 ξ.
1003 1250 1034 1291 v.
1051 1251 1123 1313 pag.
1143 1248 1191 1308 14.
1238 1227 1319 1291 Mox
1340 1227 1474 1308 γυναιξὶν
1495 1248 1556 1311 pro

507 1328 642 1409 γυναίοις
656 1330 732 1393 MS.
748 1336 782 1393 et
796 1335 871 1410 γοῦν
885 1351 945 1414 pro
960 1328 983 1393 δ’
1000 1331 1053 1394 οὖν
1067 1332 1107 1394 N
1104 1329 1208 1413 erfelo.
1646 1414 1650 1420 γ

551 1423 589 1495 P.
602 1448 676 1516 307.
691 1432 712 1494 l.
725 1434 755 1495 6.
768 1432 992 1517 σεμνοπρεπῶο]
1005 1433 1264 1514 σεμνοπροσῶπως
1274 1429 1405 1514 Nicepd.
1421 1429 1556 1495 Sanora.

551 1532 634 1596 lbid.
650 1532 671 1595 l.
689 1535 719 1596 8.
741 1535 774 1597 ἐκ
793 1537 845 1596 τοῦ
864 1535 935 1613 βίον
953 1535 1072 1618 τούτου]
1092 1533 1191 1596 Haud
1210 1533 1293 1595 male
1310 1533 1402 1597 abest
1416 1533 1519 1595 τούτου
1534 1553 1556 1596 a

508 1635 605 1698 MSS.
622 1634 712 1698 Bodl.
727 1644 761 1699 et
775 1635 916 1718 Norsele.
933 1636 988 1700 sed
1003 1642 1089 1698 τοῦτο
1104 1636 1202 1699 habet
1217 1635 1347 1719 Syrreell.

552 1740 635 1803 lbid.
657 1740 819 1824 παροινῶν]
842 1745 995 1822 παραινῶν
1017 1738 1185 1803 Camellani
1201 1738 1265 1802 cod.
1281 1735 1394 1803 Lectio
1418 1738 1556 1819 ἐξηγηταὶ

506 1842 675 1928 Bonparet'i
699 1849 733 1907 et
758 1841 939 1926 οοονιγνῖαιιζι
960 1842 1059 1905 Jonas.
1085 1842 1177 1906 Laeti.
1210 1842 1357 1921 ἐξηγεῖται
1387 1837 1554 1922 θαήιτορο.

507 1946 600 2009 Loca.
623 1944 758 2007 Srnorn.
789 1941 929 2024 ἐξηγῆται
950 1942 1098 2007 editionis
1127 1941 1237 2026 Steph.
1256 1940 1435 2025 exemplum
1457 1940 1556 2004 Seeli·

506 2045 680 2131 gerianum.
715 2043 873 2108 Scribitur
896 2047 1044 2125 ἐξηγεῖται
1064 2043 1098 2106 in
1120 2045 1197 2107 MS.
1212 2042 1304 2106 Bodl.
1350 2041 1453 2105 Addit
1475 2039 1556 2104 Bur*

506 2155 603 2211 tenus
624 2145 710 2211 cedd.
734 2145 821 2209 Med.
836 2147 925 2209 Μαν.
945 2146 1053 2210 Fara.
1076 2145 1338 2229 Fleradinmque.
1383 2144 1445 2208 Sed
1468 2149 1556 2206 reete

507 2249 641 2314 Rufinus
655 2255 717 2313 vet.
733 2248 848 2332 interp.
883 2248 947 2312 Sed
959 2257 987 2312 et
1001 2248 1137 2332 antiquie
1153 2256 1182 2311 et
1198 2245 1348 2330 defmretia
1356 2246 1428 2329 jam
1442 2255 1556 2310 traete·

507 2348 620 2414 naha
633 2347 810 2426 insultabat,
824 2358 852 2414 et
865 2349 930 2413 illie
944 2349 1098 2434 derepana
1117 2350 1172 2412 &a

552 2451 633 2515 lbid.
645 2451 666 2514 l.
679 2470 729 2512 11.
744 2452 886 2533 ψαλμοὺς
901 2452 934 2516 δὲ
948 2452 1016 2517 τοὺς
1029 2450 1097 2535 μὲν]
1112 2476 1144 2515 τε
1155 2472 1214 2535 pro
1225 2451 1258 2513 δὲ
1269 2448 1400 2533 Nicepl.
1420 2448 1555 2511 Sunoru.

509 2559 546 2633 ψ.
561 2553 710 2631 μὲντοὺς,
727 2552 803 2615 dum
817 2553 910 2616 abest
925 2555 958 2616 δὲ
979 2574 1001 2616 a
1022 2551 1139 2635 aptat
1155 2558 1188 2615 et
1207 2552 1273 2630 μὲν,
1289 2572 1310 2614 a
1325 2552 1399 2613 MS.
1414 2548 1555 2631 Norsek.

509 2653 617 2717 Penas
631 2653 665 2717 in
675 2654 773 2718 dubio
787 2654 820 2717 id
835 2655 932 2719 situm
947 2676 1028 2731 esse,
1036 2660 1144 2718 utrum
1155 2661 1282 2718 vetusta
1292 2651 1409 2715 fuerint
1424 2651 1556 2735 s‘eripta,

508 2778 579 2840 quae
599 2755 640 2820 ab
660 2777 720 2819 usu
743 2756 882 2822 eeclesia
904 2778 970 2821 suae
992 2756 1219 2819 amandaverat
1234 2754 1373 2829 Paulus3
1395 2753 1556 2817 hominem

508 2864 617 2921 temen
632 2858 791 2941 perfrictae
806 2858 922 2922 frontis
937 2880 1008 2921 eum
1023 2857 1119 2920 tuisse
1133 2879 1260 2921 neeesse
1275 2864 1335 2930 est,
1351 2857 1378 2919 si
1393 2857 1556 2920 universes

508 2958 647 3042 psalmos
676 2959 709 3021 in
734 2959 896 3023 Christum
927 2959 1049 3022 nov'ioio
1078 2958 1208 3023 invente
1237 2959 1430 3043 compositos
1458 2959 1555 3022 fuisse

507 3058 722 3124 affirmaverit.
759 3060 862 3124 Extat
877 3061 962 3124 enim
976 3061 1111 3146 hymnus
1126 3061 1159 3124 in
1173 3061 1326 3124 honorem
1340 3063 1362 3123 J
1365 3082 1419 3124 esu
1436 3059 1556 3124 Ohristi

507 3183 529 3227 a
550 3161 713 3227 Clemente
736 3163 957 3228 Alexandrino
978 3163 1093 3227 saeoule
1116 3162 1312 3246 conscriptus
1334 3161 1483 3237 seeundo,
1506 3161 1555 3225 vel

507 3263 636 3329 ineunte
650 3264 758 3339 tertio,
774 3265 828 3350 qui
843 3267 886 3330 ad
901 3261 996 3330 finem
1010 3264 1166 3350 Pedepopi
1181 3265 1248 3349 ejus
1264 3264 1386 3347 positus
1405 3270 1463 3326 est.
1509 3261 1555 3328 Et

508 3377 630 3453 quanta
646 3370 840 3455 antiquitate
853 3372 1031 3455 gauderent
1043 3369 1156 3455 psalmi
1171 3367 1341 3452 hymnique
1356 3368 1555 3431 inhonorem

507 3471 636 3547 Christi,
660 3480 812 3549 testatur,
836 3480 873 3537 ut
897 3473 1086 3537 Plinianam
1111 3472 1267 3556 epistolam
1293 3479 1428 3543 taceam,
1451 3472 1555 3534 Parvi

508 3572 693 3655 Labyrinthi
711 3581 825 3637 auotor
841 3573 928 3657 apud
944 3572 1116 3636 Eusebium
1130 3572 1184 3634 lib.
1200 3593 1227 3634 v.
1244 3571 1329 3633 Hire.
1347 3592 1417 3654 eap.
1434 3572 1484 3636 28.
1501 3571 1554 3654 qui

508 3674 561 3736 diu
578 3696 703 3758 queque
717 3684 793 3738 ante
807 3674 891 3737 hune
906 3674 1052 3748 Paulum,
1068 3674 1123 3736 sed
1141 3680 1215 3756 post
1235 3672 1326 3736 initia
1346 3672 1451 3737 saeeuli
1467 3673 1559 3750 tertii

508 3792 588 3857 opus
603 3792 694 3836 suum
709 3775 895 3857 compesuit.
922 3775 1042 3854 ψαλμοὶ
1057 3775 1089 3835 δὲ
1104 3775 1183 3847 ὅσοι,
1194 3772 1306 3855 inquit,
1318 3775 1366 3836 καὶ
1380 3774 1452 3861 ᾠδαὶ
1466 3776 1554 3839 ἀδελ-

509 3879 576 3953 φῶν
589 3872 666 3936 ἈΠ’
682 3872 829 3937 ἈΡΧΗΣ
844 3874 901 3937 ὑπὸ
916 3880 1030 3937 πιστῶν
1044 3878 1208 3953 γραφεῖσαι
1222 3873 1275 3935 τὸν
1291 3876 1391 3955 Λόγον
1406 3882 1458 3939 τοῦ
1473 3880 1557 3941 Θεοῦ

508 3972 561 4036 τὸν
575 3973 707 4054 Χριστὸν
720 3975 845 4052 ὑμνοῦσι
861 3977 1083 4055 θεολογοῦντες.
1110 3972 1174 4036 Res
1189 3973 1268 4037 satis
1281 3975 1368 4039 alara
1383 3983 1442 4040 est.
1470 3976 1556 4040 Non-

507 4073 585 4137 nihil
600 4073 723 4138 interea
741 4075 783 4138 ad
798 4075 963 4140 levandam
979 4074 1139 4147 invidiam,
1156 4098 1227 4159 quae
1243 4076 1344 4140 Paule
1359 4078 1500 4161 alioquin
1515 4101 1555 4142 ex

507 4176 708 4241 institutione
731 4178 865 4241 odarum
888 4184 922 4241 et
944 4178 1157 4242 eneomiorum
1181 4178 1213 4241 in
1238 4179 1286 4242 sui
1309 4179 1406 4263 ipsius
1429 4180 1556 4244 laudem

503 4276 577 4361 jure
591 4277 706 4342 merite
721 4277 860 4342 eonflata
875 4286 937 4355 est,
952 4280 1013 4344 hoe
1028 4279 1135 4355 faciet,
1151 4278 1236 4362 quod
1249 4279 1397 4342 Ιιοοαιιιιαι
1412 4279 1473 4343 diei
1488 4281 1554 4364 epi·

508 4378 612 4461 soopis
633 4378 756 4462 antiqui
778 4380 876 4443 moris
896 4380 1002 4454 suerit,
1026 4390 1064 4445 ut
1085 4381 1234 4444 discimus
1255 4403 1295 4444 ex
1318 4380 1351 4444 S.
1368 4380 1555 4465 Hieronymi

510 4479 620 4542 Corum.
635 4481 671 4543 ιἰι
685 4481 781 4545 Matr.
797 4503 822 4544 ο.
840 4482 903 4545 xxi.
921 4505 992 4567 pag.
1005 4484 1059 4566 38.
1075 4482 1125 4546 ed.
1144 4483 1281 4546 Froben.
1299 4483 1352 4566 qui
1363 4492 1472 4547 tamen
1487 4482 1554 4566 ipse

507 4577 594 4641 illam
620 4582 880 4646 consuetudinem
905 4584 1074 4669 improbat.
1120 4586 1259 4663 Addam,
1281 4586 1360 4649 bene
1383 4586 1554 4669 praeeipere
