3700 5667
532 677 583 739 IN
607 677 840 742 CONCILIA
864 680 1112 746 CARTHAG.
1281 685 1346 747 205

344 849 382 912 P.
397 849 467 911 126.
482 846 502 910 l.
517 865 566 930 29.
584 846 787 933 Saturninus]
803 848 1008 915 Praemissum
1022 859 1072 916 est
1087 851 1223 916 inlibris
1238 853 1344 929 editis,

299 970 378 1033 quos
391 955 468 1011 ante
483 948 560 1027 dixi,
575 948 669 1011 Alica
686 950 848 1032 Confcsaor.

345 1050 428 1114 Ibid.
448 1050 470 1114 l.
486 1070 540 1135 30.
564 1049 674 1115 illicita
699 1051 863 1137 iacientes]
887 1052 972 1116 Mihi
992 1052 1120 1137 quidem
1139 1055 1275 1139 probata
1295 1064 1346 1122 esc

299 1153 339 1217 cl.
353 1152 522 1217 Marshalli
537 1154 728 1238 conjectura,
745 1155 927 1239 reponentis
943 1155 1030 1220 licita
1044 1157 1205 1222 facientes.

344 1255 429 1318 Ibid.
451 1255 472 1319 l.
492 1276 546 1341 33.
570 1256 913 1322 Gentiles-summum
936 1258 1041 1322 Deum
1062 1258 1136 1345 dra]
1161 1259 1234 1324 Hoc
1259 1266 1346 1325 certe

300 1356 415 1442 probat
437 1356 536 1442 ipsius
558 1357 673 1423 animae
697 1359 840 1443 quamvis
862 1382 928 1422 non
950 1360 1140 1426 Ohristiauae
1163 1360 1346 1425 testimonio

300 1457 514 1523 Tertullianus
536 1460 589 1524 lib.
612 1462 653 1524 de
676 1461 849 1526 Testimou.
872 1463 993 1527 Animi.
1022 1463 1201 1527 Rramrrus.
1255 1465 1346 1526 Sura·

299 1580 381 1623 rama
394 1562 504 1626 Dema.
534 1560 558 1624 J
560 1583 649 1626 ovem
669 1562 829 1641 nimirum,
845 1563 899 1649 qui
919 1571 1013 1649 pater
1029 1565 1193 1629 hominnm
1211 1572 1245 1629 et
1259 1564 1346 1629 Deo·

300 1682 370 1726 rum
385 1663 485 1727 audit.
509 1663 642 1728 Faunus.

344 1765 381 1828 Ρ.
402 1784 472 1848 127.
487 1766 508 1828 l.
525 1784 554 1849 7.
570 1766 687 1853 Zama]
704 1766 793 1831 Urbs
813 1767 981 1832 Numidiae.
1011 1771 1130 1833 Aramo
1147 1768 1283 1833 Ptolem.
1312 1769 1345 1832 A

301 1865 467 1945 Strabone,
484 1869 598 1946 Plinio,
614 1870 746 1954 aliisque
761 1878 948 1934 memorata.
989 1869 1055 1934 Hic
1069 1870 1130 1934 loci
1146 1870 1311 1935 Hannibal
1325 1893 1346 1935 a

300 1969 446 2055 Scipione
460 1994 576 2056 magna
590 1981 697 2058 strage
712 1972 822 2037 victus.
833 1972 979 2040 .·annus.

345 2075 428 2140 Ibid.
448 2097 511 2140 non
532 2075 592 2140 nisi
613 2077 645 2139 in
668 2076 806 2141 ecclesian
827 2076 989 2162 baptismo
1005 2076 1224 2160 remittantur]
1240 2074 1345 2139 Parti·

300 2177 403 2240 cnlam
417 2179 452 2242 ia
465 2201 486 2243 a
500 2178 630 2243 Balnzio
646 2179 796 2243 omissam
811 2179 965 2253 revocavi,
982 2201 1078 2264 quam
1098 2200 1207 2243 omnes
1221 2177 1276 2242 alii
1290 2200 1345 2264 ag·

299 2288 442 2344 noscunt.

344 2383 426 2468 Ibid.
442 2383 462 2448 l.
481 2404 530 2446 10.
554 2383 708 2468 Irenaeus]
733 2385 768 2447 Is
793 2383 939 2447 inlibris
963 2405 1042 2468 quos
1065 2382 1246 2462 memoravi,
1271 2384 1346 2448 Con-

291 2485 392 2571 seaaor
405 2486 507 2551 audit.

341 2586 422 2650 ibid.
438 2586 459 2649 l.
479 2605 526 2650 12.
547 2585 677 2650 haeresis
692 2585 794 2669 major
814 2587 874 2669 est]
896 2587 969 2649 Hoc
988 2593 1048 2662 ast,
1064 2585 1166 2669 major
1181 2608 1276 2669 quam
1294 2609 1344 2650 oc·

298 2688 400 2752 clesia.
425 2690 643 2773 Augustinus:
667 2689 886 2773 Resporrdetur.
917 2691 989 2753 Hoc
1011 2689 1095 2753 modo
1117 2690 1181 2752 dici
1196 2689 1346 2774 potatui

297 2792 364 2855 idco
385 2813 515 2856 accrum
536 2792 658 2856 corbeia
679 2814 738 2854 noa
760 2791 904 2876 baptizat,
920 2793 1000 2877 quod
1019 2793 1143 2856 dicotur
1155 2794 1226 2875 jam
1247 2791 1346 2876 bapti·

298 2903 384 2956 aotcs
402 2915 470 2969 mse,
491 2895 630 2957 abaritia
654 2894 752 2976 irrajor
773 2905 822 2957 oet.
868 2895 935 2958 Hoc
955 2904 1055 2958 autem
1070 2894 1191 2978 salem
1210 2903 1273 2958 cst:
1298 2895 1346 2958 ita

297 3015 364 3077 orco
378 3005 405 3058 et
419 2994 510 3057 illud.
541 2995 616 3058 Lib.
632 2995 682 3059 vii.
702 2998 812 3059 Contra
828 2997 981 3060 Decutiat.
997 2996 1050 3060 ubi
1071 3018 1175 3081 supra.
1200 2998 1255 3058 An
1270 3017 1345 3060 vero

299 3096 396 3160 allato
416 3119 437 3160 a
454 3097 615 3161 contraria
632 3104 724 3182 parte
739 3107 929 3183 argumento
949 3098 1126 3162 satisfaciat
1141 3098 1200 3161 boo
1215 3120 1345 3182 respon-

299 3221 380 3277 sum,
392 3199 507 3265 viderit
522 3200 570 3263 vir
584 3207 732 3274 sanctus;
758 3200 907 3283 qnoniam
922 3200 1093 3264 adducitur
1107 3200 1298 3284 hujusmodi,
1311 3200 1343 3263 ni

297 3301 401 3378 fallor,
411 3308 651 3386 argumentum:
676 3301 805 3365 lraeresis
821 3304 923 3385 major
938 3302 1010 3365 ideo
1025 3302 1124 3365 videri
1137 3301 1247 3384 possit,
1259 3302 1344 3384 quod

297 3402 438 3467 haeretici
453 3401 550 3487 aliqui
565 3403 808 3487 rebaptizabant
822 3402 995 3466 catholicos
1010 3424 1074 3465 non
1089 3402 1334 3487 rebaptizantes.

342 3505 426 3569 Ibid.
441 3505 461 3569 l.
480 3523 531 3588 23.
553 3505 706 3588 Faustus]
729 3505 762 3567 Is
785 3527 909 3590 quoque
934 3505 1089 3587 Ooasasaor
1109 3503 1289 3589 appellatur
1310 3504 1343 3566 in

297 3607 380 3674 editt.
398 3615 473 3672 ante
488 3608 727 3682 Baacdicliaam,
744 3608 859 3671 secutis
876 3610 1054 3682 Eraemcm,
1072 3608 1124 3692 qui
1140 3607 1260 3692 primus
1274 3606 1344 3670 hoec

300 3711 387 3774 Acta
404 3709 539 3774 addidit.
569 3710 758 3794 Baptismoti
779 3710 947 3784 inimcdit,
967 3710 999 3773 id
1022 3717 1072 3775 est
1093 3709 1227 3795 opponit
1246 3730 1291 3784 se,
1307 3717 1344 3772 ut

298 3813 377 3876 satis
392 3812 510 3876 Latine
527 3811 667 3875 Faustus
682 3811 833 3895 loquitur.

341 3916 424 3980 Ibid.
442 3916 461 3978 l.
478 3936 531 4001 31·
547 3915 757 4000 Rogatianus]
782 3916 836 3977 Ad
859 3915 943 3980 hunc
966 3916 1127 4001 scripsisse
1150 3915 1344 3998 Cyprianum

299 4019 477 4105 Epistolam
502 4019 612 4082 ordine
635 4021 687 4101 65.
713 4018 837 4081 notavit
862 4018 1036 4083 Marcellus
1060 4019 1094 4082 in
1116 4019 1229 4102 Africa
1251 4016 1343 4082 Chri-

296 4123 398 4187 sticaa
412 4121 503 4186 voli.
519 4144 551 4206 p.
570 4123 641 4200 246.

340 4228 379 4289 P.
400 4225 471 4288 128.
492 4224 512 4287 1.
536 4245 561 4286 1.
590 4224 777 4308 Therapius]
805 4223 869 4286 Hio
894 4230 929 4288 et
953 4231 1047 4309 pater
1069 4222 1151 4286 alter
1172 4227 1247 4306 post
1270 4241 1343 4284 eum

298 4327 481 4412 Cmcseaaorcs
495 4326 527 4389 in
542 4327 651 4390 iisdem
665 4326 731 4388 edd.
747 4333 910 4390 vocantur.

341 4431 426 4494 Ibid.
450 4428 470 4492 l.
493 4447 523 4510 7.
547 4427 743 4512 Buslacenis]
768 4428 998 4509 Repouendum
1020 4425 1218 4501 crediderim,
1240 4425 1343 4508 Byza-

296 4554 370 4597 ccac.
400 4531 570 4615 Byzacium
588 4531 672 4595 enim
686 4531 847 4609 βυζακίνην
861 4530 1002 4614 appellat
1017 4530 1228 4599 Ptolemaeus;
1252 4527 1342 4610 cnjus

296 4635 432 4725 regionis
447 4633 645 4698 fertilitatem
668 4631 755 4695 miris
777 4631 879 4695 modis
899 4631 990 4695 effert
1007 4631 1128 4694 l'liuins
1147 4651 1210 4692 non
1231 4650 1294 4691 uno
1309 4626 1341 4687 in
