3700 5667
396 669 460 733 sm
742 668 1096 736 nuuornrmuss
1216 756 1218 761 Ι

397 855 470 920 pag.
486 853 540 920 50.
585 836 648 900 Sed
670 837 723 900 alii
745 836 840 902 aliter
859 837 1065 925 interpretati
1087 845 1163 903 eunt
1186 838 1322 904 til-ulum
1347 841 1459 909 istum.

398 938 514 1002 Confer
534 938 656 1003 interea
674 945 823 1004 auctores
846 961 920 1004 mox
939 938 1162 1005 memorandos
1181 940 1222 1003 de
1242 940 1317 1026 ipso
1341 949 1459 1009 octavo

399 1040 460 1118 die,
485 1041 549 1104 sive
571 1040 679 1104 futuro
704 1041 839 1116 saeeulo;
868 1042 1103 1127 quodquidam
1127 1042 1247 1129 dogma
1271 1043 1314 1109 de
1339 1054 1458 1113 oetam

398 1142 513 1208 saeeulo
538 1142 580 1207 ab
604 1141 681 1226 ipsis
707 1165 806 1228 usque
831 1143 931 1210 initiis
954 1143 1188 1210 Olrristianismi
1211 1146 1303 1230 apud
1328 1154 1456 1212 veteres

397 1244 584 1311 invaluerat.

441 1352 480 1415 P.
497 1352 572 1434 458.
587 1350 609 1414 l.
627 1368 656 1414 2.
677 1352 731 1437 qui
751 1357 846 1416 extra
864 1350 1007 1414 ordinem
1028 1349 1214 1434 septimana
1227 1349 1453 1436 dispositionis

395 1452 465 1537 δια]
484 1452 628 1519 Clemens
648 1453 739 1518 Alex.
760 1455 871 1519 Stmm.
889 1452 941 1517 vii.
962 1475 996 1537 p.
1013 1452 1085 1517 866.
1107 1453 1159 1517 ed.
1178 1451 1330 1517 Potteri:
1362 1459 1451 1518 Μετὰ

395 1552 422 1635 γ’
438 1555 492 1618 οὖν
506 1556 560 1634 τὴν
575 1557 609 1619 ἐν
624 1558 713 1637 σαρκὶ
727 1557 902 1621 τελευταίαν
915 1554 1067 1637 ὑπεροχὴν
1081 1554 1129 1618 ἀεὶ
1146 1557 1222 1617 κατὰ
1241 1554 1279 1617 τὸ
1293 1560 1451 1636 προσῆκον

397 1656 445 1719 ἐπὶ
465 1656 499 1719 τὸ
520 1663 652 1738 κρεῖττον
671 1656 874 1738 μεταβάλλων
892 1658 934 1723 εἰς
955 1656 1010 1736 τὴν
1028 1654 1169 1742 πατρῴαν
1188 1656 1297 1736 αὐλὴν,
1319 1658 1374 1722 ἐπὶ
1397 1658 1450 1738 τὴν

397 1758 535 1839 repleris
555 1759 648 1827 ὄντας
667 1763 716 1823 διὸ
733 1763 785 1838 τῆς
802 1759 888 1840 ἁγίας
903 1758 1068 1839 ἑβδομάδος
1083 1759 1233 1840 ἐπείγεται
1246 1759 1357 1839 μονήν.
1406 1760 1450 1824 Et

395 1861 481 1945 apud
505 1861 740 1926 Tertullianum
762 1862 812 1924 De
833 1861 954 1924 Animo
975 1881 1044 1944 cap.
1067 1878 1120 1945 37.
1144 1859 1450 1948 Theodoretumque

397 1964 514 2048 Ialep.
530 1962 651 2028 Peclm.
667 1986 698 2048 p.
714 1966 786 2043 640.
803 1964 852 2026 ed.
873 1961 1016 2026 Sobulne.
1034 1969 1069 2026 et
1088 1962 1251 2026 Aubeam
1268 1963 1448 2029 Gaesadeu·

395 2085 462 2128 sem
475 2066 633 2129 Commeat.
645 2064 871 2148 iaApeeelyps.
888 2085 914 2127 o.
928 2084 982 2148 31.
998 2062 1157 2149 significat
1167 2063 1278 2149 ecdem
1291 2065 1447 2130 ooelornm

397 2189 538 2252 regnum,
555 2167 640 2252 quod
652 2165 771 2250 judicio
786 2188 934 2252 supremo
948 2188 1166 2232 successurum
1179 2175 1240 2232 est.

440 2268 523 2332 Ibid.
538 2269 559 2331 l.
574 2289 606 2352 3.
624 2268 648 2331 J
649 2290 720 2332 esus
741 2291 865 2354 quoque
881 2269 973 2334 Naue
988 2272 1058 2352 δια]
1078 2270 1157 2351 Quae
1171 2269 1223 2334 hic
1240 2271 1449 2336 adducuntur

396 2371 540 2455 exempla
558 2377 656 2456 atque
674 2378 863 2457 argumenta
882 2394 903 2436 a
918 2371 1087 2436 Victorino
1108 2394 1167 2456 pro
1186 2372 1299 2437 lutura
1318 2374 1447 2439 sabbati

395 2473 577 2547 abolitione,
601 2480 730 2540 exstant
753 2496 792 2538 ea
812 2474 929 2548 omnia,
953 2474 979 2537 si
1002 2475 1082 2538 bene
1104 2474 1243 2551 memini,
1264 2481 1336 2539 tum
1360 2476 1447 2560 apud

396 2575 417 2638 J
419 2577 558 2640 ustinum
574 2575 624 2638 M.
641 2584 711 2641 tum
726 2576 759 2640 in
773 2575 961 2641 Tertulliani
982 2574 1149 2660 opusculis.
1196 2575 1260 2640 Hic
1281 2583 1395 2641 taumn
1414 2578 1447 2641 in

396 2678 448 2742 lib.
469 2678 508 2743 iv.
527 2701 595 2763 cap.
616 2697 663 2743 12.
686 2689 790 2743 centro
812 2679 1002 2742 Marcionem
1023 2677 1110 2741 iacta
1132 2676 1338 2742 distinetione
1362 2679 1448 2745 inter

395 2803 474 2866 opus
489 2784 662 2845 humanum
682 2782 746 2845 sive
760 2790 847 2845 teum
866 2780 899 2843 in
913 2786 1030 2866 quarto
1044 2782 1187 2868 decalogi
1202 2790 1368 2868 praeoepto
1383 2804 1447 2847 ms-

396 2888 555 2944 moratum
570 2887 667 2965 atque
685 2903 764 2964 opus
786 2881 937 2958 divinum,
952 2903 990 2945 ee
1006 2891 1071 2945 tum
1088 2882 1208 2967 quidem
1227 2883 1263 2944 ia
1279 2903 1366 2946 arem
1386 2883 1447 2946 eir-

395 2982 585 3057 eumlctiome,
601 2983 685 3065 quod
701 2982 761 3046 Dei
781 3005 860 3066 opus
877 2983 948 3056 fuit,
964 2985 1051 3070 opud
1062 2984 1270 3049 Jerielantem
1287 2983 1447 3049 ααόὂαὶκαι

396 3084 577 3147 destructum
582 3082 696 3167 fcisse,
710 3084 835 3148 statuit.

440 3189 523 3253 Ibid.
538 3188 560 3252 l.
579 3190 609 3254 8.
625 3188 790 3274 Antiochi]
806 3189 886 3255 (lum
901 3190 1076 3255 monuisset
1089 3191 1257 3274 legendum
1271 3211 1343 3255 esse
1357 3191 1448 3256 istud

395 3315 453 3379 pro
468 3293 589 3379 ammei
602 3291 778 3379 apographi
793 3291 923 3357 (lariani
939 3313 1060 3378 margo,
1076 3292 1161 3357 idem
1176 3293 1290 3377 recepi.

441 3397 524 3461 Ibid.
539 3396 561 3459 l.
581 3417 629 3460 10.
650 3395 763 3460 Esaias
785 3402 963 3480 quoquest
984 3395 1093 3460 oaeteri
1108 3396 1235 3481 collegae
1256 3395 1339 3480 ejus]
1359 3395 1446 3460 Ubi·

395 3521 469 3564 nam
496 3498 583 3583 apud
610 3497 805 3562 Mettbaeum
831 3497 1014 3562 referuntur
1039 3497 1154 3562 Esaias
1182 3505 1217 3562 et
1241 3496 1340 3561 ceteri
1370 3520 1445 3582 pro-

396 3602 501 3687 phetes
527 3600 697 3664 sabbatum
722 3596 869 3661 solvisset
905 3597 950 3660 Et
978 3598 1033 3681 qui
1058 3597 1190 3672 factum,
1216 3605 1253 3660 ut
1278 3595 1446 3681 irrepserit

395 3702 509 3765 Esaias
522 3721 581 3783 pro
595 3696 716 3772 David,
730 3697 814 3760 ratio
829 3718 880 3761 me
894 3696 986 3781 iugit.
1026 3697 1122 3782 Apud
1139 3699 1173 3760 S.
1190 3699 1284 3761 Masi.
1299 3719 1371 3780 cap.
1388 3697 1445 3762 xii.

395 3822 507 3865 oonun.
524 3819 555 3882 3.
572 3797 686 3882 quaerit
701 3820 721 3861 a
737 3797 908 3861 Pharisaeis
922 3798 946 3861 J
948 3821 1031 3876 esus,
1048 3801 1119 3863 Non
1137 3800 1258 3884 lecistis
1274 3821 1345 3884 qaae
1355 3799 1445 3883 feee-

394 3902 438 3965 rit
452 3899 574 3973 David,
587 3898 708 3983 quoodo
728 3899 836 3962 esuriit
854 3901 1035 3985 equiem
1053 3922 1085 3965 ee
1103 3903 1215 3964 eram?
1239 3900 1314 3963 Vid.
1330 3909 1365 3965 et
1383 3902 1444 3966 SS.

395 4004 497 4066 Maro.
513 4007 547 4064 et
561 4002 637 4064 Leo.
683 3999 794 4063 Habet
808 4006 915 4065 autem
933 4001 1004 4065 MS.
1021 4002 1132 4088 collegi,
1148 4003 1232 4066 unde
1251 4003 1356 4086 legere
1375 4004 1447 4068 vult

394 4104 433 4170 ol.
450 4104 623 4170 Walkerus
643 4102 771 4189 cellapii,
786 4104 843 4168 sed
861 4105 1083 4190 apographum
1098 4104 1273 4170 Oavianum
1293 4104 1355 4169 hac
1375 4107 1447 4191 qui·

396 4208 469 4272 dem
497 4206 530 4270 in
555 4227 590 4270 re
620 4211 747 4270 secutus
775 4225 856 4268 sum.
902 4205 1090 4283 Sabbatum,
1115 4206 1201 4290 quod
1230 4227 1341 4269 omnes
1370 4229 1446 4290 pro-

394 4308 478 4372 iecto
502 4307 693 4392 abrogatum
715 4328 783 4371 esse
803 4306 1057 4384 consentiebant,
1075 4307 1191 4372 futurae
1212 4315 1285 4391 post
1306 4315 1449 4372 mortem

395 4408 555 4474 felicitatis
585 4425 694 4494 typum
724 4430 804 4483 esse,
835 4407 1028 4487 Victorinus,
1059 4410 1141 4474 sicut
1170 4409 1223 4473 alii
1257 4409 1444 4492 scriptores,

393 4508 462 4573 haee
485 4510 569 4574 inter
591 4511 716 4574 statuit.
766 4509 942 4574 Facessant
964 4533 1040 4596 ergo
1062 4513 1106 4597 pii
1128 4510 1246 4596 alioqui
1269 4519 1444 4576 novatores

394 4630 466 4671 curn
496 4632 552 4673 suo
583 4611 728 4687 sabbato,
757 4611 860 4674 neutri
887 4618 1081 4677 testamento
1111 4613 1257 4698 cognito:
1292 4613 1445 4695 quamvis
