3700 5667
365 620 1034 785 rotsinlimomn
1061 686 1240 749 sncnn.

489 857 562 921 ritae
589 855 835 920 consistentibus
860 855 1015 921 fratribus
1039 855 1071 918 in
1096 854 1236 918 Domino
1262 855 1407 919 salutem.
1461 856 1542 920 Cum

489 965 522 1030 in
546 987 644 1029 unum
673 964 938 1041 convenissemus,
961 963 1094 1050 legimus
1119 963 1245 1028 litteras
1265 971 1397 1042 vestras,
1424 966 1542 1030 iratres

489 1076 694 1154 dilectissimi,
711 1098 791 1162 quos
804 1077 846 1140 od
862 1097 920 1139 nos
936 1097 993 1160 per
1009 1075 1147 1140 Felicem
1162 1083 1197 1141 et
1213 1075 1368 1140 Sabinum
1383 1077 1541 1162 coepisco

489 1208 547 1271 pos
568 1192 694 1250 nostros
716 1207 775 1270 pro
789 1184 863 1248 fidei
878 1191 993 1249 vestrae
1015 1184 1201 1270 integritate
1218 1191 1252 1249 et
1270 1207 1329 1269 pro
1343 1185 1405 1248 Dei
1425 1185 1541 1250 timore

489 1295 616 1372 fecistis,
642 1294 857 1381 significantes
882 1294 1055 1358 Basilidem
1078 1303 1111 1358 et
1136 1294 1323 1359 Martialem
1343 1296 1456 1360 libellis
1474 1296 1567 1370 ido-5

488 1407 623 1471 lolatriae
649 1405 896 1470 commaculatos
925 1413 960 1470 et
987 1406 1195 1469 nefandorum
1221 1405 1396 1469 facinorum
1421 1407 1540 1470 consci-

488 1518 576 1582 entia
590 1517 714 1581 vinctos
729 1517 947 1602 episcopatum
961 1538 1072 1601 gerere
1087 1523 1120 1580 et
1135 1516 1350 1580 secerdotium
1366 1515 1426 1580 Dei
1441 1517 1539 1580 admi-

489 1627 626 1692 nistrare
649 1649 712 1691 uon
736 1634 910 1712 oporter03
950 1635 984 1692 et
1010 1626 1215 1690 desiderastis
1240 1627 1370 1690 rescribi
1399 1628 1441 1691 ed
1471 1627 1539 1691 haeo

488 1739 586 1817 robis,
602 1746 636 1803 et
646 1739 768 1824 justam
788 1738 961 1824 pariterue
975 1737 1187 1802 necessariam
1206 1737 1450 1803 sollicitudinem
1467 1759 1537 1802 vee-

487 1858 572 1916 tram
597 1852 645 1916 vel
671 1851 784 1916 solatio
809 1850 857 1914 vel
879 1849 998 1914 auxilio
1025 1857 1144 1914 nostrae
1169 1849 1336 1915 sententiae
1365 1849 1536 1915 sublevari.
1554 1865 1587 1904 ¹0

489 1960 657 2025 Sedenim
681 1959 837 2025 desiderio
859 1959 932 2023 huic
956 1967 1062 2023 vestro
1091 1981 1155 2022 non
1179 1967 1248 2022 tem
1271 1966 1383 2023 nostra
1408 1960 1539 2024 consilia

488 2092 584 2156 quam
621 2070 727 2134 divina
762 2077 923 2155 precepta
959 2070 1161 2154 respondent,
1199 2070 1313 2153 quibus
1346 2070 1538 2154 jampridem

488 2183 660 2247 mandatur
680 2204 756 2246 voce
777 2181 906 2258 caelesti,
930 2188 963 2245 et
987 2180 1048 2244 Dei
1071 2181 1140 2266 lego
1163 2181 1382 2266 praescribitur
1401 2203 1480 2265 quos
1504 2189 1538 2246 et

489 2292 598 2376 quales
620 2299 769 2376 oporteat
789 2292 947 2356 deservire
969 2292 1064 2357 altari
1090 2299 1124 2357 et
1149 2292 1305 2356 sacrificia
1330 2292 1437 2356 divina
1459 2293 1537 2356 cele-

488 2402 593 2466 brere.
641 2403 680 2464 ln
704 2401 819 2464 Exodo
840 2423 977 2487 nomque
996 2403 1038 2467 ad
1061 2404 1207 2486 Moysem
1229 2402 1317 2467 Deus
1341 2403 1483 2487 loquitur
1504 2410 1539 2466 et
1552 2422 1584 2478 15

488 2521 597 2576 monet
611 2512 737 2576 dicenst
760 2511 954 2575 mSacerdotes
970 2512 1024 2597 qui
1041 2512 1187 2576 accedunt
1200 2512 1244 2576 od
1256 2511 1423 2576 Dominum
1435 2513 1539 2576 Deum

487 2624 720 2708 emollirentur,
741 2644 778 2686 ae
790 2624 876 2706 forte
897 2622 1088 2708 derelinquor
1109 2623 1177 2687 illos
1198 2624 1362 2687 Dominus.
1412 2623 1457 2689 Et
1480 2624 1537 2688 ite·

488 2756 578 2798 rum:
611 2736 672 2799 ”Et
691 2756 758 2799 oum
780 2734 925 2798 accedent
953 2735 1129 2799 ministrare
1154 2735 1199 2799 od
1223 2735 1323 2799 altore
1346 2735 1455 2812 mooli,
1478 2755 1538 2797 ooo

487 2844 637 2909 addocent
653 2844 687 2907 io
710 2865 739 2907 se
761 2843 912 2920 delictum,
936 2865 972 2906 ne
992 2844 1175 2908 moriautur.
1231 2846 1316 2908 Item
1339 2844 1372 2908 in
1396 2844 1538 2908 Levitico

488 2953 633 3039 praecipit
648 2952 804 3017 Dominus
819 2958 852 3017 et
867 2952 964 3016 dicit:
988 2953 1103 3017 ⁰Homo
1120 2955 1155 3018 ia
1174 2977 1231 3040 quo
1243 2955 1348 3038 fucat
1369 2954 1492 3018 mondo
1511 2964 1585 3017 et20

487 3063 597 3127 citium
620 3083 679 3126 noo
703 3062 821 3126 accedet
842 3063 947 3144 offerro
966 3062 1047 3126 dorso
1067 3065 1141 3127 Deo.
1186 3063 1264 3144 Quae
1288 3085 1360 3127 cum
1384 3064 1538 3148 praedicta

487 3178 521 3236 et
536 3170 741 3236 manifestate
754 3172 818 3236 sint
840 3172 942 3250 nobis,
957 3173 1126 3258 praeceptis
1146 3173 1259 3237 divinis
1279 3196 1405 3237 necesse
1419 3185 1468 3237 est
1483 3174 1538 3237 ob-

487 3281 598 3367 sequie
611 3289 722 3347 nostra
736 3270 936 3355 deservient;
960 3304 1018 3347 neo
1038 3304 1206 3367 personam
1222 3282 1255 3346 in
1274 3282 1427 3368 ejusmodi
1442 3284 1537 3348 rebus

488 3389 631 3474 accipere
646 3397 704 3455 eut
718 3390 837 3474 aliquid
852 3389 1000 3476 cuiquam
1019 3389 1128 3475 largiri
1150 3397 1259 3474 potest
1280 3390 1421 3454 humane
1435 3390 1537 3455 indul-

485 3501 596 3587 gentia
618 3501 673 3566 ubi
695 3501 865 3567 intercedit
886 3508 920 3566 et
942 3502 1044 3587 legem
1063 3501 1178 3565 tribuit
1197 3500 1306 3565 divino
1329 3502 1535 3587 praescriptio.
1548 3523 1562 3561 c
1566 3525 1583 3580 5

488 3611 599 3696 Neque
628 3611 712 3675 enim
739 3611 939 3676 immemores
966 3634 1035 3675 esse
1058 3610 1210 3674 debemus
1233 3610 1310 3695 quid
1335 3612 1377 3674 od
1401 3611 1424 3673 J
1427 3611 1536 3676 udaeos

429 3720 432 3724 ’
486 3743 544 3806 per
565 3721 697 3786 Esaiam
719 3722 909 3806 prophetam
931 3722 1056 3786 locutus
1078 3721 1120 3786 sit
1139 3722 1295 3785 Dominus
1317 3722 1484 3807 increpans
1503 3734 1536 3787 et

486 3832 657 3917 indignans
685 3833 782 3917 quod,
811 3834 1003 3918 contemptis
1032 3833 1145 3898 divinis
1174 3834 1355 3919 praeceptis,
1381 3834 1536 3899 humanas

487 3943 650 4007 doctrines
676 3950 893 4027 sequerentur.
939 3944 1102 4029 ePopolue
1126 3946 1190 4023 icto,
1221 3945 1335 4029 inquit,
1363 3943 1453 4008 latiis
1473 3946 1537 4009 rure

486 4053 662 4136 townficot
686 4074 744 4128 mc,
771 4075 822 4116 cor
846 4076 913 4118 oero
938 4076 1041 4119 corum
1071 4056 1153 4140 locos
1175 4066 1350 4141 morotum
1373 4066 1413 4119 cst
1436 4079 1458 4121 a
1480 4072 1583 4129 mmo

488 4165 563 4229 Sine
577 4186 671 4229 causo
689 4174 788 4228 autern
803 4165 901 4229 colunt
915 4187 972 4242 osc,
987 4167 1137 4231 moodoto
1157 4177 1185 4229 et
1206 4167 1360 4230 morinos
1380 4167 1535 4230 lominum

484 4276 626 4339 docontes.
672 4275 764 4353 Quod
780 4274 856 4339 item
868 4275 1026 4341 Dominus
1040 4276 1073 4339 in
1086 4277 1248 4362 evangelio
1264 4277 1380 4361 repetit
1392 4283 1427 4341 et
1437 4277 1532 4341 dicit:

485 4385 650 4467 ellfficitie
673 4385 854 4448 modulum
875 4386 940 4449 Dei
960 4396 994 4450 ot
1012 4386 1206 4450 traditionem
1231 4396 1361 4451 ecetram
1383 4386 1533 4450 mactra

486 4622 491 4627 Ι
551 4563 574 4593 m
587 4553 663 4600 Exod.
677 4553 726 4601 xix.
742 4566 780 4600 22·
887 4566 902 4593 ¹¹
915 4554 994 4604 Exod.
1006 4555 1090 4602 xxviii.
1103 4568 1143 4613 43.
1251 4565 1265 4592 ⁰
1278 4555 1355 4603 luerit.
1366 4555 1417 4601 xxi.
1432 4567 1465 4615 ιγ.

714 4644 728 4680 r
741 4633 805 4682 Eud.
818 4635 885 4682 xxix.
899 4650 935 4697 ¹3·
1093 4646 1107 4683 n
1121 4634 1198 4682 Marc.
1210 4634 1251 4682 vii.
1268 4648 1305 4694 ¹3·
