3700 5667
567 683 616 744 IN
643 684 877 748 SYNODUM
901 685 1275 750 ANTIOCHENAM.
1381 690 1448 756 367

400 847 511 925 δέξατο.
538 849 619 911 ἀλλὰ
642 853 700 929 γὰρ
720 853 859 930 μηδαμῶς
881 851 1021 929 ἐκστῆναι
1040 857 1092 915 τοῦ
1113 856 1238 917 Παύλου
1261 860 1311 917 τού
1331 860 1382 934 τῆς
1401 859 1447 920 ἑκ-

402 952 527 1030 κλησίας
559 954 641 1016 οίκου
673 954 824 1019 θέλοντος·
865 954 1013 1031 βασιλεὺς
1050 956 1218 1038 ἐντευχθεὶς
1251 956 1445 1038 Αύρηλιανὸς,

368 1051 380 1065 ”
400 1053 561 1117 αίσιύτοτα
575 1054 643 1132 περὶ
657 1059 709 1117 τοῦ
724 1053 870 1135 πρακτέου
884 1056 1031 1135 διείληφε·
1056 1059 1170 1124 τούτοις
1184 1063 1282 1137 νεῖμαι
1296 1061 1443 1139 προστάς.

400 1181 459 1217 των
477 1156 530 1219 τδν
552 1156 644 1230 οἶκον,
664 1158 708 1223 οἷς
728 1156 766 1220 δν
785 1158 814 1220 ot
833 1159 907 1220 κατὰ
929 1158 984 1236 τὴν
1002 1156 1136 1223 Ἰταλίαν
1156 1162 1204 1224 καλ
1223 1161 1276 1239 την
1293 1159 1447 1242 Ῥωμαίων

400 1260 490 1321 πόλιν
506 1260 663 1322 ἐπίσκοποι
682 1264 734 1322 τοῦ
754 1260 900 1341 δύγματος
920 1260 1141 1325 ἐπιστέλλοιεν.
1165 1264 1240 1326 οὕτω
1255 1267 1327 1341 δῆτα
1342 1267 1358 1327 δ
1373 1290 1446 1346 προ-

401 1360 543 1438 δηλωθεὶς
565 1358 638 1439 ἀνὴρ
659 1363 736 1439 μετὰ
758 1364 808 1438 τῆς
831 1360 960 1443 ἐσχάτης
983 1363 1138 1444 αίσχύνης,
1154 1363 1211 1426 ini
1234 1367 1284 1442 rip
1304 1365 1447 1444 κοσμικῆς

400 1460 492 1541 ἀρχῆς
508 1461 699 1538 ἐξελαύνεται
713 1465 764 1539 τῆς
782 1463 950 1540 ἐκκλησίας.
994 1463 1041 1525 Et
1054 1462 1119 1526 tes
1132 1464 1252 1548 quidem
1265 1487 1287 1528 α
1301 1464 1383 1530 mobis
1396 1466 1447 1530 iio

399 1561 496 1623 relata
509 1561 578 1624 sint.
625 1562 729 1646 Ipitnr
747 1584 813 1625 cnm
829 1563 946 1626 Penios
965 1585 986 1626 α
1004 1573 1085 1628 secta
1094 1565 1167 1650 fide
1185 1566 1279 1630 simod
1290 1577 1318 1632 et
1337 1589 1445 1652 epmo-

396 1673 474 1747 patu
492 1664 658 1737 excidisset,
673 1666 810 1728 Demens
828 1674 861 1729 nt
881 1665 996 1730 dictum
1009 1676 1051 1730 est
1068 1666 1362 1734 administrationem
1377 1673 1444 1734 An·

398 1765 553 1830 tiociensis
565 1766 695 1830 scoiesiae
708 1767 845 1851 nssoepit.
890 1768 955 1831 Sed
967 1790 1034 1832 mem
1048 1769 1172 1834 Paulus
1184 1792 1200 1833 e
1213 1771 1300 1835 donno
1313 1772 1446 1836 ecelesia

355 1946 363 1962 .
398 1867 567 1932 nulmtenns
580 1869 716 1933 secedere
729 1868 835 1942 odlet;
859 1869 1068 1953 interpellatos
1081 1871 1248 1956 imperator
1256 1875 1446 1940 Aurelianos

398 1972 561 2035 rectissime
579 1970 632 2035 λου
649 1972 796 2056 υυροιύιννι
814 1971 1009 2055 dijudicavit,
1025 1973 1068 2036 iis
1086 1973 1207 2037 domm
1225 1975 1312 2038 tradi
1325 1978 1442 2061 praeei·

390 2072 491 2156 ρὶουι,
516 2070 622 2157 quibem
643 2072 752 2136 Itoiioi
777 2072 961 2136 christiano
984 2072 1140 2159 reiiqionis
1161 2073 1308 2140 antistites
1332 2085 1359 2139 et
1382 2077 1443 2139 Ro

397 2194 505 2236 monus
523 2174 675 2259 opiscopus
693 2171 860 2238 scriberent.
905 2174 972 2238 Hos
992 2175 1077 2239 modo
1090 2175 1140 2238 eir
1152 2197 1248 2260 κύρια
1266 2186 1445 2240 montoranto

398 2297 465 2338 cnm
489 2297 600 2338 nomme
624 2275 762 2340 dedecore
782 2297 841 2361 per
862 2276 1042 2339 nemitorem
1060 2285 1237 2360 ροτοςίαίοτα
1260 2275 1299 2340 αδ
1321 2277 1444 2342 eeclesia

396 2377 569 2442 exturbatus
597 2388 649 2442 est.
696 2377 757 2441 Vir
786 2379 912 2462 quidem
944 2379 1173 2468 eruditissimus
1200 2379 1269 2444 Nio.
1294 2379 1445 2444 Fullerus

399 2479 530 2544 Misoeil.
553 2481 639 2544 Scor.
664 2479 718 2544 lib.
736 2480 757 2542 ii
793 2501 860 2565 esp.
882 2502 911 2561 9.
938 2482 991 2545 τὸν
1012 2485 1063 2560 τῆς
1085 2484 1243 2560 ἐκκλησίας
1264 2481 1355 2558 οἶκον,
1379 2504 1444 2566 quo

396 2580 551 2646 obsistere
567 2581 685 2645 Paulus
701 2581 801 2645 noluit
817 2582 988 2667 depositus,
1002 2604 1095 2666 quem
1109 2581 1163 2647 alii
1177 2582 1297 2646 ύυιουυι
1311 2583 1444 2668 episcopi

397 2684 660 2767 interpretantur,
674 2706 714 2746 ex
728 2682 826 2768 ipsius
841 2683 973 2746 Eusebii
988 2684 1092 2748 verbis
1107 2686 1270 2762 ἐκκλησίαν
1284 2706 1361 2761 esse,
1378 2684 1443 2748 sive

399 2784 479 2864 lepis
493 2784 585 2858 οἶκον,
602 2785 752 2849 ostendit.
795 2787 844 2849 At
859 2806 934 2849 vero
949 2785 988 2848 iis
1003 2808 1127 2870 quoque
1141 2787 1339 2871 temporibus
1353 2786 1443 2850 habi-

398 2892 484 2949 tasse
502 2886 631 2950 clericos
648 2886 680 2949 iu
699 2887 845 2950 domibus
865 2887 1005 2951 ecolesiae
1022 2889 1154 2953 annexis
1173 2888 1364 2952 credendum
1382 2897 1442 2953 est.

398 2989 493 3053 Certe
514 2989 705 3052 domicilium
728 2989 865 3073 episcopi
882 2991 1100 3054 Arvernorum
1122 2990 1156 3053 iu
1176 2989 1289 3068 Gellio,
1305 2990 1359 3074 qui
1381 2990 1443 3055 fuit

397 3091 455 3153 sub
471 3090 576 3154 saeouli
592 3089 698 3173 quarti
714 3089 821 3169 finem,
836 3091 964 3155 molesia
978 3091 1098 3155 αουιυυι
1112 3091 1253 3177 appellnt
1268 3092 1442 3176 Gregorius

398 3191 591 3254 Turonensis
604 3191 687 3254 Hist.
700 3192 894 3255 Francorum
909 3191 929 3254 Ι.
941 3214 993 3273 44.
1017 3192 1134 3256 Confer
1148 3200 1181 3256 et
1192 3193 1246 3256 lib.
1260 3193 1290 3256 ii.
1306 3214 1375 3276 esp.
1390 3211 1441 3257 τι.

397 3292 446 3356 Βο
461 3292 564 3357 turbis
578 3299 697 3370 uestem,
710 3315 781 3376 quae
796 3293 954 3377 Synodele
969 3295 1119 3358 adversus
1131 3292 1267 3356 Paulum
1279 3293 1441 3358 decretum

396 3401 512 3458 seeutae
528 3405 614 3471 sunt,
630 3393 676 3458 its
696 3393 832 3457 Basilius
853 3394 1014 3458 Dineouus
1036 3410 1070 3458 et
1092 3393 1244 3458 Monoohi
1262 3394 1294 3456 iu
1312 3394 1442 3478 Suppli·

396 3498 510 3561 catione
525 3498 628 3581 Impp.
650 3496 808 3560 Theodosio
822 3506 848 3560 et
869 3495 1078 3559 Valentiniano
1092 3495 1251 3559 adeersum
1265 3496 1442 3559 Nestorium

396 3599 504 3663 αὐλαία.
549 3602 664 3664 Τούτου
682 3600 839 3663 inesarci
859 3602 989 3678 ἀληθοῦς
1009 3601 1163 3680 δόγματος,
1179 3602 1230 3661 τού
1250 3599 1284 3661 ἐν
1300 3599 1336 3684 τῇ
1354 3600 1441 3679 ἅγια-

395 3704 468 3782 τύτη
484 3704 625 3786 ἐκκλησίᾳ
643 3703 771 3783 ἀκριβῶς
789 3700 1011 3783 κηρυπομένου,
1027 3703 1141 3765 καὶτοῦ
1157 3702 1301 3781 αἱρετικοῦ
1317 3702 1442 3764 Παύλου

396 3807 512 3871 δικαίως
537 3802 729 3882 ἐξασθέντος,
754 3803 896 3885 ἐγίνοντο
923 3804 1078 3886 σχίσματα
1102 3807 1196 3875 λαῶν,
1224 3802 1442 3865 ἀκαταστασίαι

397 3907 510 3987 ἱερέων,
526 3904 640 3988 ταραχὴ
654 3905 812 3984 ποιμένων.
859 3905 950 3970 Inter
965 3905 1042 3968 Aeta
1059 3903 1170 3968 Omcit.
1185 3903 1346 3988 Ερδοςίτιί,
1362 3910 1440 3967 tom.

322 4059 326 4064 .
394 4008 437 4072 iii.
458 4007 569 4072 Concil.
586 4030 618 4092 p.
635 4024 709 4089 4-27.
725 4006 773 4069 ed.
792 4006 910 4070 Lobbe.
958 4005 1080 4069 Similia
1101 4005 1199 4069 habet
1219 4003 1352 4068 Graecus
1374 4003 1441 4087 qui-

395 4109 469 4172 dam
489 4108 532 4172 sd
550 4108 645 4171 finem
660 4108 873 4186 Aristimianm
890 4129 962 4192 quse
976 4107 1104 4183 dieitur,
1118 4105 1329 4189 Epistoimm
1345 4104 1441 4167 Cano

394 4211 536 4274 nieorum
550 4209 705 4294 Spmopsis,
717 4231 812 4294 quom
827 4208 929 4272 edidit
943 4208 1133 4292 Beveregius
1147 4207 1180 4269 in
1192 4211 1281 4269 tomo
1295 4204 1442 4286 Synodiei

395 4312 443 4375 sui
463 4311 620 4384 secundm
645 4311 694 4375 oui
710 4311 836 4395 quidem
851 4309 1002 4375 scribenti
1017 4309 1090 4390 πρὸς
1109 4308 1177 4374 τοὺς
1197 4305 1344 4387 λέγοντας
1364 4306 1403 4372 ὣς
1422 4306 1440 4384 ἡ

393 4413 490 4493 Ῥιίμη
512 4419 625 4494 πρῶτος
647 4415 763 4493 θρόνος,
778 4412 945 4476 videbatur
966 4410 1079 4475 relatio
1101 4408 1155 4473 illa
1173 4406 1335 4472 Aureliani
1356 4407 1440 4492 Imp.

395 4516 436 4579 sd
458 4515 637 4579 Romanum
657 4499 839 4599 episcopum
859 4513 963 4599 prims
978 4512 1093 4597 jeoisss
1107 4511 1314 4575 fundamento
1334 4508 1438 4593 ponti·

395 4617 485 4694 ficies,
502 4638 597 4701 quam
615 4624 719 4692 voest,
736 4614 923 4700 tyrannidis.
969 4613 1083 4677 Malim
1101 4612 1214 4685 dicere,
1235 4609 1438 4676 auctoritatis
