3700 5667
482 661 545 731 496
781 658 1030 735 RELIQUIAE
1056 656 1235 720 SACRAE.

543 883 591 946 De
605 882 704 946 eodem
722 884 819 966 Ορονο
834 880 897 944 laceo
911 880 1053 945 Socrates
1067 878 1120 942 lib.
1138 877 1180 941 iii.
1199 878 1280 942 His.
1297 878 1381 942 Eocl.
1399 901 1425 941 o.
1442 895 1471 960 7.

525 1033 683 1115 Ὠριγένης
709 1034 742 1096 δέ
767 1036 921 1113 πανταχοῦ
948 1033 1005 1109 μὲν
1028 1033 1144 1097 ἐντοῖς
1168 1028 1344 1111 φερομένοις
1369 1030 1458 1093 αὐτοῦ
1482 1039 1533 1110 βι·

483 1146 592 1223 βλίοις,
618 1144 757 1225 ἔμψυχον
780 1141 834 1204 τὸν
857 1139 1130 1221 ἐνανθρωπήσαντα
1152 1140 1228 1221 (scil.
1248 1142 1415 1220 Christum)
1440 1139 1533 1204 οἶδεν·

484 1258 580 1322 ίδικῶς
598 1255 674 1327 ὃέ,ό
697 1255 738 1320 είς
757 1251 811 1330 τὴν
826 1250 953 1315 Γένεσιν
973 1250 1050 1334 αὐτῷ
1065 1249 1270 1329 πεπονημένος
1289 1249 1413 1317 ἐννατος
1432 1253 1533 1330 τόμος,

484 1367 518 1429 τὸ
541 1367 609 1447 περὶ
634 1367 738 1429 τούτου
763 1361 925 1442 μυστήριον
950 1360 1155 1443 ἐφανέρωσεν,
1180 1361 1254 1425 ἔνθα
1275 1359 1373 1441 Ἀδὰμ
1397 1365 1454 1442 μὶν
1481 1361 1535 1425 τὸν
1565 1390 1581 1446 5

485 1475 626 1557 Χριστὸν,
638 1477 720 1539 Εὕαν
736 1476 768 1538 δέ
783 1473 837 1552 τὴν
852 1474 1015 1550 ἐκκλησίαν
1031 1473 1107 1538 εἶναι
1121 1476 1308 1555 πλατύτερον
1321 1476 1533 1539 κατεσκεύασε·

483 1587 628 1668 μόρτνρες
650 1586 760 1649 τούτων
786 1584 964 1664 ἀξιόπιστοι,
986 1586 1058 1648 ὅτε
1085 1584 1162 1665 ίερὸς
1188 1584 1360 1666 Πάμφιλος,
1386 1586 1433 1649 καὶ
1460 1589 1478 1648 ὁ
1503 1589 1535 1665 ἐξ

485 1699 575 1761 αὐτοῦ
596 1699 779 1780 χρηματίζων
802 1694 963 1774 Εὐσέβιος·
989 1697 1078 1777 όμφω
1101 1698 1159 1777 γὰρ
1182 1700 1265 1776 κοινῇ
1287 1697 1342 1760 τόν
1356 1695 1536 1779 Ὠριγένονς

485 1807 713 1890 παρατιθέμενοι
731 1808 815 1886 βίον,
830 1807 878 1869 καὶ
897 1807 972 1886 πρὸς
990 1807 1059 1872 τοὺς
1078 1808 1111 1869 ἐκ
1130 1806 1311 1888 προλήψεως
1325 1806 1535 1889 ἀπεχθανομέ-

486 1945 554 1986 νους
572 1919 645 2000 πρὸς
663 1918 716 1983 τὸν
735 1919 829 1999 ἄνδρα
846 1920 1044 1994 ἆπαντῶντες,
1061 1918 1191 1996 ἐνδόξοις
1208 1918 1349 1996 βιβλίοις
1366 1919 1537 1999 ἀπολογίαν
1550 1941 1584 1979 ιο

484 2032 558 2110 ὑπὲρ
583 2030 672 2093 αὐτοῦ
695 2030 875 2109 ποιούμενοι,
898 2028 934 2091 οὐ
958 2033 1073 2109 πρῶτον
1094 2029 1257 2108 Ὠριγένην
1280 2029 1329 2092 ἐπὶ
1350 2029 1460 2106 ταύτην
1483 2029 1537 2106 τὴν

485 2141 691 2221 πραγματείαν
712 2141 814 2203 ἐλθεῖν
832 2140 941 2220 φασὶν,
958 2139 1041 2202 ἀλλὰ
1064 2137 1118 2215 τὴν
1140 2140 1192 2215 τῆς
1212 2137 1371 2215 ἐκκλησίας
1391 2137 1537 2216 μυστικὴν

487 2253 666 2332 ἑρμηνεῦσαι
680 2249 860 2332 παράδοσιν.

829 2439 990 2516 Interprele
1007 2436 1048 2496 H.
1069 2437 1189 2496 Volcaio.

518 2574 648 2645 Origenes
661 2590 766 2645 quoque
776 2574 803 2626 in
816 2574 942 2627 omnibus
954 2575 986 2626 li·
1036 2574 1070 2628 ab
1083 2575 1128 2628 illo
1141 2592 1290 2656 cognomen
1303 2574 1382 2628 traxit
1392 2573 1536 2637 Eusebius,
1551 2589 1558 2624 ι
1566 2583 1582 2644 5

487 2645 543 2698 bris
557 2645 613 2697 auis
629 2643 767 2698 Christum
781 2642 917 2697 hominem
932 2644 985 2698 sac·
1036 2644 1126 2699 Ambo
1139 2662 1208 2698 enun
1224 2663 1286 2698 curn
1303 2644 1383 2698 simul
1396 2644 1485 2715 juncti
1498 2645 1538 2698 ri·

487 2724 545 2768 tum
557 2714 645 2767 anima
656 2713 799 2783 praeditum
816 2732 873 2767 esse
889 2732 986 2783 agnos-
1036 2724 1090 2767 tam
1107 2716 1232 2785 Origenis
1248 2715 1454 2776 conscriberent,
1466 2724 1492 2767 et
1506 2715 1538 2767 iis

488 2785 530 2838 cit.
562 2783 615 2837 Sed
630 2785 776 2853 specialiter
788 2784 815 2837 in
828 2802 900 2838 nouo
913 2793 987 2838 torno
1037 2785 1083 2855 qui
1102 2804 1134 2838 ex
1154 2786 1296 2855 anticipata
1314 2784 1428 2856 quadam
1451 2786 1537 2854 opini-

487 2855 738 2908 commentariorum
754 2870 822 2935 quos
839 2855 945 2924 scripsit
959 2855 987 2906 in
1037 2872 1089 2909 one
1103 2873 1164 2908 eum
1180 2855 1377 2917 aversabantur,
1393 2854 1537 2924 responde-

488 2923 622 2986 Geuesim,
637 2924 718 2994 hujus
737 2941 774 2977 rer
792 2934 986 2978 sacramentum
1037 2934 1096 2979 rent
1112 2925 1139 2979 in
1155 2927 1288 2995 praeclaris
1305 2926 1355 2979 illis
1371 2923 1454 2987 libris,
1468 2942 1537 2996 quos
1549 2937 1585 2973 ιο

487 2994 612 3063 exponit:
632 3012 685 3065 quo
701 2994 759 3047 loco
774 2993 910 3047 Adamum
927 2994 986 3065 qui·
1037 3013 1087 3064 pro
1099 2995 1156 3065 ejus
1170 2995 1322 3050 defensione
1336 2993 1537 3057 elucubrarunt,

487 3063 549 3117 dem
568 3062 677 3127 Christi,
695 3063 780 3117 Evam
798 3073 886 3117 autem
904 3066 986 3119 eccle·
1037 3066 1183 3136 Origenem
1196 3083 1251 3120 uon
1263 3064 1418 3135 primumin
1429 3064 1481 3118 hoc
1494 3083 1537 3118 ar-

488 3133 534 3187 siae
551 3144 646 3215 typum
660 3151 751 3204 gerere
764 3133 886 3215 pluribus
899 3134 987 3189 verbis
1037 3145 1165 3206 gumento
1174 3134 1480 3197 versatumessedicuut,
1489 3134 1536 3188 sed

487 3213 608 3258 asseruit.
634 3204 725 3258 Hu'us
734 3221 772 3258 rer
781 3212 862 3258 testes
874 3215 938 3259 sunt
947 3207 987 3259 lo·
1037 3206 1177 3277 mysticam
1214 3206 1331 3260 ecclesioe
1366 3204 1536 3259 traditionem

488 3275 662 3345 cupletissimi
678 3223 706 3330 β.
721 3274 885 3346 Pamphilus,
898 3284 924 3330 et
941 3277 987 3347 qui
1037 3294 1094 3330 esse
1110 3277 1321 3346 interpretatum.
1549 3274 1584 3332 25

893 3474 1119 3512 -4—
1141 3487 1144 3492 -

558 3645 608 3707 De
623 3644 722 3707 eodem
740 3646 834 3728 Opere
847 3643 928 3706 idem
943 3643 1080 3706 Socrates
1094 3643 1147 3706 lib.
1164 3643 1200 3706 iv.
1220 3642 1306 3706 Hos.
1326 3662 1394 3725 cop.
1412 3658 1463 3722 27.

534 3794 691 3872 Μέμνητοι
713 3796 745 3857 δέ
768 3796 857 3858 αὐτοῦ
880 3800 929 3875 (S.
945 3804 1079 3882 Gregorii
1099 3798 1356 3871 Neocaesariensia)
1382 3795 1429 3856 καὶ
1453 3793 1539 3872 Πόμ-

489 3912 579 3983 φιλος
608 3905 624 3965 ό
653 3902 764 3984 μόρτυρ
793 3907 827 3968 ἐν
856 3913 918 3973 τοῖς
950 3909 1017 3987 περὶ
1046 3905 1224 3989 Ὠριγένονς
1257 3909 1432 3982 πονηθεῖσιν
1461 3902 1539 3987 αὐτῷ

489 4015 634 4094 βιβλίοις,
654 4016 686 4077 ἐν
707 4014 752 4080 οἷς
772 4017 819 4080 καὶ
840 4017 1017 4084 συστατικὸς
1033 4018 1237 4101 (σνντακτικὸς
1252 4024 1370 4101 corrigit
1387 4016 1538 4092 Valesius)

490 4129 582 4207 λόγος
598 4126 759 4206 Γρηγορίον
775 4127 816 4193 εἰς
830 4125 994 4207 Ὠριγόνην
1010 4127 1191 4206 παράκειται.
1549 4165 1587 4220 30

865 4317 1026 4394 InterpreIc
1045 4319 1162 4375 i'ulcsio.

529 4441 617 4496 Hnus
642 4445 803 4497 mentionem
827 4444 888 4498 iacit
909 4445 989 4497 etiarn
1040 4443 1160 4513 Gregorii
1192 4443 1293 4506 Oratio,
1322 4461 1401 4515 quam
1431 4443 1475 4495 illc
1505 4442 1539 4495 ab

492 4461 646 4581 Pampirilus
665 4514 736 4567 Mart
755 4532 768 4567 r
782 4515 809 4566 in
824 4514 907 4577 libris,
921 4532 988 4585 quos
1041 4514 1157 4585 Origene
1170 4513 1309 4569 discedens
1321 4516 1349 4569 in
1362 4514 1418 4585 ejus
1431 4511 1538 4566 laudem

491 4597 538 4650 pro
570 4581 616 4635 0·
638 4584 694 4636 enis
742 4584 877 4638 eieusioue
905 4586 989 4654 scn'p-
1039 4585 1196 4654 composuit.

491 4650 544 4704 sit:
576 4652 621 4721 qui
641 4670 673 4705 us
698 4654 775 4706 etiam
800 4653 925 4722 adjuncta
949 4665 989 4709 est
