3700 5667
398 627 440 688 to
744 621 1099 689 ANNOTA'I'IONES
1171 630 1174 636 “
1203 629 1223 633 ”

397 790 512 876 plures,
527 811 599 854 oum
618 789 653 853 in
669 811 769 854 unum
789 789 1021 869 convenissent,
1035 789 1254 855 Novatianum
1275 789 1369 876 eique
1388 793 1445 859 sd·

394 892 555 957 haerentes
574 893 835 956 condemnarunt.
880 892 1001 956 Saltem
1016 914 1091 957 sero
1112 893 1163 957 hic
1183 901 1338 958 notantur
1353 896 1446 960 Pom·

397 994 486 1079 peius
505 1016 544 1058 ac
567 994 749 1078 Stephanus
765 995 837 1058 Afri
861 994 1010 1079 episcopi,
1026 995 1081 1079 qui
1095 995 1233 1061 Cornelii
1253 996 1447 1061 ordinationi

396 1095 617 1160 interfuerant.
646 1096 782 1160 Cornelii
798 1096 898 1160 literae
913 1096 964 1160 his
974 1107 1231 1162 commemoratae
1242 1119 1308 1161 non
1321 1106 1446 1164 extant.

397 1199 570 1263 Consum.

440 1300 478 1363 P.
494 1302 542 1365 18.
564 1302 584 1364 l.
598 1320 628 1365 2.
650 1301 866 1385 exigerentur]
900 1300 1120 1384 ingererentur
1148 1299 1227 1363 Bod.
1247 1320 1273 1364 1.
1313 1301 1445 1366 Faunus.

396 1402 505 1466 codex
527 1402 857 1487 Gratianopolitanus‚
881 1402 1149 1487 iatmoyareatar.
1195 1401 1274 1482 Qum
1294 1402 1390 1467 lectio
1405 1404 1448 1468 vi·

396 1504 492 1567 detur
504 1526 573 1567 esse
587 1504 706 1567 melior.
749 1503 813 1567 Sed
828 1503 882 1567 alii
897 1503 1021 1568 codices
1036 1513 1070 1569 et
1085 1503 1241 1567 editiones
1255 1517 1446 1589 repugnant

397 1605 568 1769 BAILbidiUi.
585 1722 615 1789 7.
645 1708 870 1770 tantummodo
899 1705 1133 1771 circumductos
1157 1706 1351 1770 commisisse
1371 1708 1445 1796 tro]

396 1807 632 1871 Tantummodo
661 1808 884 1894 subscripsisse
916 1808 1092 1872 calliditate
1128 1809 1197 1892 ejus
1228 1807 1446 1886 circumducti,

392 1917 483 1974 totos
498 1932 532 1974 se
547 1910 739 1975 commisisse
754 1932 879 1995 quoque
894 1910 1104 1974 schismaticis
1115 1910 1194 1974 Bod.
1210 1930 1236 1973 1.
1256 1910 1328 1973 Vct.
1344 1932 1448 1995 nequo

395 2011 428 2074 in
449 2012 520 2076 istis
541 2012 659 2076 inesset
682 2021 830 2076 utrumne
844 2012 951 2089 scisse,
967 2013 1191 2077 tantummodo
1213 2011 1447 2077 circumductos

394 2136 439 2189 se,
455 2122 491 2178 ιιι
509 2122 696 2199 paterentur
716 2114 746 2177 oi
766 2135 895 2177 manum
916 2114 1007 2197 quasi
1025 2113 1057 2176 in
1077 2114 1294 2199 episcopatum
1314 2113 1447 2198 irnponi,

396 2216 449 2299 qui
465 2238 537 2280 cum
552 2225 585 2280 et
600 2216 714 2280 ceteris
728 2216 887 2280 haereticis
902 2215 1046 2291 fuissent,
1060 2223 1094 2280 et
1108 2237 1149 2279 ne
1163 2215 1443 2299 exprobrarentur.

401 2318 472 2380 Ver.
488 2339 545 2380 neo
560 2317 687 2401 quidem
702 2317 735 2380 in
749 2317 820 2382 istis
834 2317 935 2381 literis
950 2318 1068 2381 inesset
1083 2316 1198 2392 scisso;
1221 2317 1445 2381 tantummodo

394 2418 625 2482 circumductos
647 2419 839 2483 commisisse
861 2441 895 2484 se
917 2441 1043 2504 quoque
1065 2417 1240 2493 schismati,
1260 2425 1294 2482 et
1315 2418 1445 2483 haeresis

395 2527 542 2584 auctores
563 2520 678 2594 suisse3
702 2530 740 2586 ut
758 2528 948 2605 paterentur
961 2520 990 2585 ei
1005 2542 1135 2585 manum
1155 2519 1244 2603 quasi
1267 2519 1299 2582 in
1322 2520 1442 2603 episco-

395 2629 507 2706 patum
521 2621 659 2708 imponi:
682 2623 737 2708 qui
752 2644 825 2686 oum
837 2623 907 2686 haec
922 2629 957 2686 et
971 2629 1079 2685 cetera
1093 2621 1227 2684 tuissent
1238 2621 1445 2706 exprobrata,

395 2731 433 2788 ut
457 2725 662 2789 abolerentur
689 2734 723 2790 et
747 2724 916 2788 demedio
940 2723 1140 2798 tollerentur,
1167 2722 1329 2807 deprecati
1357 2731 1443 2788 suut.

394 2825 504 2889 Besso.
529 2826 590 2889 Ed.
606 2827 709 2890 Oxou.
754 2826 850 2890 Edidi
877 2847 937 2910 ego
960 2847 1000 2889 ex
1026 2824 1076 2887 hia
1104 2822 1230 2907 scriptis
1253 2823 1345 2887 Bodl.
1365 2844 1393 2888 1.
1412 2835 1446 2890 st

397 2927 499 2990 Vatio.
522 2927 662 3010 meisque
684 2928 808 2991 duobus
832 2950 935 3003 voces,
955 2925 1162 3011 sumpsisse
1181 2926 1351 2990 calliditate
1373 2926 1446 3008 ejas,

394 3036 471 3092 ante
491 3030 718 3104 circumductos,
740 3051 811 3114 quse
835 3030 868 3093 in
889 3029 985 3093 editis
1009 3051 1071 3092 non
1094 3040 1297 3112 comparent3
1328 3029 1446 3095 omisso

395 3139 503 3194 tamen
530 3141 601 3194 totos
626 3144 700 3217 post
722 3133 963 3206 circumductos;
994 3132 1084 3197 utin
1103 3131 1194 3195 codd.
1212 3130 1390 3194 Veronensi
1411 3138 1445 3195 et

395 3231 568 3296 Benevent.
603 3233 751 3298 Oeterum
763 3233 848 3297 haud
861 3233 943 3297 male
955 3234 1053 3298 habet
1064 3234 1163 3298 editio
1172 3233 1276 3297 Oxon.
1290 3233 1324 3295 ia
1334 3233 1444 3317 episco-

387 3357 467 3420 pam
493 3336 611 3421 imponi
644 3358 702 3421 pro
736 3336 768 3400 in
799 3335 1017 3421 episcopatum
1048 3335 1177 3421 imponi.
1232 3334 1281 3399 At
1306 3334 1387 3398 infra
1412 3333 1445 3399 iu

396 3438 545 3522 Epistola
567 3440 609 3502 ad
630 3438 768 3502 Fabium
785 3437 951 3502 Cornelius
970 3437 1092 3514 scribit,
1116 3442 1167 3500 τοῦ
1192 3435 1344 3502 ἐπιθέντος
1367 3436 1445 3520 αὐτᾷ

393 3548 497 3622 χεῖρας
512 3544 553 3606 εἰς
568 3542 783 3622 πρεσβυτερίου
800 3545 919 3620 κλῆρον.
933 3545 958 3618 ᾗ.
975 3543 1003 3603 6.

439 3643 521 3707 Ibid.
544 3643 564 3706 l.
581 3645 610 3705 8.
635 3643 763 3706 haeresis
789 3652 937 3707 auctores
965 3624 1076 3726 fuisse]
1111 3641 1176 3705 Hic
1201 3662 1326 3726 quoque
1351 3640 1443 3704 relin-

391 3744 554 3828 quendum
577 3765 645 3807 esse
667 3744 774 3807 censui
796 3744 969 3818 Baluzium,
991 3744 1044 3827 qui
1066 3744 1215 3807 ltoereticis
1236 3765 1295 3828 pro
1314 3742 1446 3819 tamis,

393 3845 519 3910 ratione
533 3845 620 3909 nulla
634 3846 722 3918 data,
735 3846 768 3908 in
783 3853 874 3910 textu
892 3847 1020 3930 quidem
1034 3868 1092 3910 suo
1108 3853 1325 3930 repraesentat.
1349 3846 1445 3909 Certe

393 3947 561 4012 tectionem
574 3948 708 4012 alteram
723 3956 878 4032 praestant
892 3949 978 4012 editt.
992 3949 1063 4011 dcc
1077 3948 1143 4010 ttlae
1152 3949 1274 4011 circiter
1284 3968 1336 4011 aa.
1351 3951 1444 4025 1480,

392 4056 428 4113 et
438 4050 563 4113 Erosmi
574 4050 700 4113 Manat.
710 4050 821 4113 Morsl.
833 4049 949 4135 Itiqalt.
962 4051 1056 4113 Ocea.
1071 4050 1310 4132 Ooanaatiique.
1342 4057 1361 4083 ‘⁴
1369 4047 1445 4111 Hm·

394 4159 416 4186 ‘⁶
430 4152 508 4215 resia
522 4174 591 4216 sese
607 4153 680 4236 jure
694 4152 891 4215 damnandos
906 4173 975 4214 esse
989 4150 1048 4214 hos
1063 4151 1133 4214 vide
1148 4149 1365 4225 confitentes,”
1382 4146 1445 4228 (ait

393 4253 522 4336 quidem
538 4254 692 4340 Anglicus
714 4254 897 4337 interpres.)
915 4261 935 4288 “
951 4253 1052 4316 solum
1074 4261 1245 4338 propterea
1266 4251 1349 4335 quod
1369 4250 1446 4314 sede

393 4365 414 4408 t‘
430 4356 524 4440 plena
538 4378 653 4420 novum
665 4356 845 4441 episcopum
856 4355 1107 4430 constituissent,
1117 4356 1203 4418 haud
1214 4353 1299 4418 nacti
1315 4374 1445 4416 causam

394 4467 416 4512 t‘
431 4480 471 4521 ex
490 4456 709 4542 depriratione
728 4456 891 4520 alterius.”
937 4459 985 4521 At
1006 4465 1092 4521 recte
1107 4479 1243 4540 quaeras,
1256 4477 1364 4519 annon
1382 4456 1443 4519 hoo

394 4581 520 4646 quoque
538 4560 607 4623 loco
627 4559 733 4644 opinio
753 4558 924 4623 Novatiani
948 4559 988 4623 de
1011 4559 1200 4643 poenitentia
1223 4580 1299 4622 voce
1323 4557 1445 4621 tmesis
