3700 5667
382 664 435 728 lN
457 664 489 726 S.
505 661 744 726 GREGORII
767 660 975 724 NEOCAES.
992 660 1063 723 ΕΡ.
1081 659 1253 724 ΟΑΝΟΝ.
1299 660 1364 729 269

317 851 376 915 pro
402 831 462 910 ἶερὲ
488 834 521 892 et
547 831 627 909 παρὰ
653 828 772 890 πάντων
797 827 926 911 proelert
953 828 1091 907 ἱερώτατε
1116 833 1150 890 et
1176 826 1243 908 παρ’
1272 829 1368 891 αὐτῶν

317 930 447 1007 πάντων,
470 929 614 993 similiter
638 951 676 991 ac
703 927 819 1012 θρθθιρο
845 929 1001 992 Cononem
1026 949 1046 991 a
1071 929 1185 991 Graeco
1211 929 1368 993 monacho

319 1034 470 1115 Agapeto
486 1030 632 1095 Venetiis
648 1029 736 1093 edita
750 1052 834 1093 anno
853 1030 946 1113 1787.

363 1131 403 1192 P.
421 1133 494 1213 256.
508 1129 529 1193 Ι.
548 1131 598 1195 16.
620 1130 752 1195 εἰδώλοις
773 1128 813 1208 μὴ
831 1128 997 1214 τεθυκέναι]
1013 1129 1146 1203 Gentes,
1162 1150 1232 1213 quoe
1247 1135 1369 1213 tempo-

319 1231 406 1298 ribus
436 1230 498 1294 illis
526 1229 695 1314 imperium
723 1229 902 1294 Romanum
932 1230 1211 1315 aggrediebantur,
1236 1238 1369 1315 propter

321 1334 453 1408 Istrum,
481 1332 545 1396 sive
574 1331 768 1408 Danubium,
795 1333 886 1395 sedes
914 1330 1072 1408 habuisse,
1098 1331 1192 1412 testis
1220 1331 1367 1396 Zosimus

319 1442 378 1509 est,
395 1434 428 1504 in
442 1434 525 1497 Hist.
541 1433 594 1496 ubi
615 1454 721 1517 supra,
738 1456 767 1517 p.
786 1434 836 1497 28.
852 1433 903 1496 De
918 1433 1087 1497 Germanis
1108 1442 1217 1497 autem
1235 1432 1366 1498 Tacitus

319 1534 400 1598 libro
415 1536 466 1598 De
481 1532 620 1597 Μοιθθαι
634 1555 752 1612 eorum,
769 1541 938 1618 postquam
954 1535 993 1597 de
1009 1533 1106 1597 sacris
1121 1533 1252 1617 aliquot,
1268 1541 1367 1619 atque

320 1634 410 1719 signo
432 1636 570 1720 quodam
592 1641 689 1698 antea
710 1637 855 1708 advecto,
877 1635 1070 1699 mentionem
1092 1634 1179 1710 lecit,
1200 1634 1268 1698 haec
1291 1633 1366 1698 scri·

321 1736 396 1799 bere
415 1736 540 1821 pergit3
565 1738 701 1800 caeam
718 1757 771 1800 nec
789 1735 918 1800 cohibere
931 1735 1103 1821 ρατίιοὶθιιο
1117 1737 1209 1812 Deos,
1222 1757 1315 1820 nepae
1332 1735 1367 1799 ιἰι

320 1838 417 1902 uldam
429 1839 557 1901 lamaci
576 1837 637 1902 oris
655 1839 778 1922 speeiem
793 1839 1028 1914 assimilarem
1045 1838 1254 1922 masmim
1272 1837 1367 1902 cccles-

321 1941 399 2003 tiam
423 1939 625 2004 arbitrantur.
657 1939 735 2004 lacos
763 1962 800 2003 αο
828 1961 951 2004 aemam
975 1941 1368 2026 moderamenque

321 2037 490 2103 nominibus
511 2038 668 2123 appellent
688 2048 831 2103 ιοονιιννι
852 2040 941 2118 illud,
957 2041 1038 2125 quod
1054 2041 1118 2104 sola
1137 2043 1304 2104 νοοοτοιιιὶο
1323 2042 1369 2105 ei-

322 2143 402 2205 dcct.
419 2162 487 2225 cap.
504 2141 547 2203 ix.
563 2162 593 2225 p.
607 2141 682 2220 604.
698 2141 746 2204 ed.
760 2141 922 2205 Gronovii.
935 2142 997 2207 vid.
1016 2148 1050 2207 et
1065 2164 1134 2226 cap.
1152 2142 1229 2205 xliii.
1244 2165 1274 2226 p.
1292 2144 1365 2229 675.

324 2245 426 2306 Porro
446 2241 591 2305 ultimum
613 2241 861 2325 septentrionem
882 2264 991 2306 versus
1014 2243 1084 2307 sitae
1106 2264 1175 2306 esse
1196 2244 1305 2307 multae
1324 2244 1368 2309 fe·

322 2352 437 2407 runtnr
457 2356 569 2427 gentes
590 2344 730 2406 nondum
753 2343 964 2418 Christianae‚·
977 2366 1047 2428 quae
1070 2352 1108 2408 ut
1129 2345 1227 2409 refert
1244 2345 1370 2409 amia

327 2444 508 2511 θαιοοθθονιί
518 2445 608 2528 jussu
624 2445 712 2508 Petri
725 2446 754 2507 I.
770 2444 847 2508 editi
862 2445 1015 2529 Anglicus
1030 2446 1195 2530 interpres,
1212 2447 1253 2510 ab
1268 2446 1367 2510 idolo-

322 2570 392 2611 rum
408 2547 494 2611 cultu
514 2568 609 2630 quam
632 2548 769 2609 maxime
789 2547 972 2612 abhorrent
993 2548 1063 2610 Vld.
1081 2570 1112 2632 p.
1128 2547 1191 2610 viii.
1222 2547 1369 2612 Eundem

323 2650 442 2713 cultum
457 2650 499 2713 ab
514 2647 646 2733 antiquo
658 2648 851 2733 displicuisse
867 2648 1006 2734 Scythis,
1016 2671 1056 2713 ex
1068 2649 1149 2714 Oelsi
1164 2649 1268 2714 verbis
1282 2650 1368 2735 apud

328 2753 484 2837 Oripeaem
497 2758 634 2815 constat.
678 2752 742 2814 Οὐκ
760 2750 921 2833 ἀνέχονται
937 2750 1141 2835 (Christiani)
1156 2753 1228 2818 νεὸς
1242 2754 1370 2833 ὁρῶντες

325 2856 371 2918 καὶ
391 2854 519 2933 βωμοὺς,
542 2854 590 2916 καὶ
609 2853 777 2934 ἀγάλματα·
801 2853 869 2916 οὐδὲ
890 2855 949 2934 γὰρ
971 2852 1085 2916 Σκύθαι
1106 2858 1204 2930 τοῦτο,
1226 2854 1294 2917 οὐδὲ
1315 2858 1370 2918 Λι-

323 2959 407 3035 βύων
432 2956 461 3018 οἶ
487 2954 634 3033 Νορθδες,
659 2955 726 3018 οὐδὲ
753 2957 846 3034 Σῆρες
871 2955 900 3017 οἶ
923 2955 1016 3027 ἄθεοι,
1043 2952 1103 3018 οὐδ’
1128 2954 1210 3018 ἄλλα
1236 2955 1307 3034 έθνη
1331 2959 1369 3019 τὰ

324 3058 532 3139 δυσαγέστατα
558 3057 606 3119 καὶ
629 3057 814 3135 θνομῶτατα.
838 3057 884 3118 ὅτι
907 3057 940 3118 δέ
962 3057 1010 3118 καὶ
1032 3055 1150 3136 Πέρσαι
1173 3057 1263 3123 οὕτως
1285 3059 1368 3136 νομέ-

323 3168 435 3236 ζονσιν,
449 3157 611 3239 Ἡρόδοτος
633 3160 667 3221 ἓν
683 3163 785 3221 τοῖσδε
801 3159 858 3221 διο.
874 3156 930 3219 lib.
945 3155 997 3220 vil.
1018 3156 1155 3242 θήραις
1174 3159 1287 3222 Contra
1302 3157 1369 3223 Col-

323 3280 388 3322 scm
403 3280 488 3321 num.
506 3259 557 3322 όν.
574 3278 605 3340 p.
622 3257 696 3341 738.
712 3257 762 3319 ed.
778 3255 954 3320 Delaman.

368 3360 406 3422 P.
420 3378 437 3420 2
440 3374 491 3442 57.
507 3358 529 3420 l.
542 3378 572 3436 4.
590 3358 637 3421 καὶ
652 3359 698 3442 τὸ]
713 3355 844 3437 Ὅμοιόν
858 3357 959 3421 addas
974 3364 1049 3421 ante
1062 3358 1109 3421 καὶ
1121 3359 1165 3431 τὸ,
1177 3358 1261 3441 quod
1276 3379 1370 3443 prop-

324 3469 375 3526 ter
397 3459 634 3524 similitudinem
655 3459 820 3524 literarum
842 3459 875 3522 in
896 3459 959 3522 fine
982 3459 1066 3522 vocis
1087 3458 1305 3524 antecedentis
1324 3461 1371 3522 ἐκ.

324 3564 537 3644 πορευόμενον,
553 3583 571 3625 ο
586 3569 678 3626 textu
694 3562 846 3625 excidisse
861 3561 1017 3624 videatur.

370 3664 450 3727 Ibid.
463 3662 483 3726 l.
497 3678 526 3742 7.
542 3663 751 3749 πορευομένης]
767 3663 819 3727 Sic
830 3673 889 3727 tros
902 3663 1011 3748 scripti
1022 3663 1112 3727 Bodl.
1126 3669 1223 3747 atque
1236 3661 1371 3727 Latinus

324 3765 481 3849 interpres
505 3764 774 3849 OEcolampadius,
797 3764 872 3828 editi
895 3786 971 3828 vero
998 3763 1045 3827 vel
1071 3764 1298 3845 τορνευομένης,
1320 3762 1370 3828 sel

324 3867 532 3948 πορευομένου.
558 3867 722 3930 Invenisse
737 3866 864 3930 videtur
876 3866 1085 3948 πορευομένων
1097 3867 1270 3931 Henetus.
1291 3867 1370 3930 Pos-

324 3975 378 4032 tea
407 3990 465 4053 pro
495 3973 587 4046 δῆλον
617 3970 662 4031 ὅτι
691 3968 777 4052 culpo
806 3975 898 4032 extat
927 3970 1075 4047 δηλονότι,
1103 3968 1159 4031 sed
1188 3968 1311 4032 divisim
1337 3968 1370 4031 iu

325 4071 485 4135 codicibus
506 4071 628 4154 aliquot
649 4070 882 4154 manuscriptis,
903 4091 983 4153 qnos
1005 4084 1131 4134 secutus
1153 4091 1233 4132 sum.
1278 4070 1371 4133 Nunc

324 4172 525 4254 πορευομένης
540 4180 573 4236 et
590 4177 683 4250 δῆλον
694 4173 740 4234 ὅτι
755 4171 786 4233 in
799 4171 933 4235 Pedalie
946 4178 981 4235 et
995 4170 1112 4254 θρίθιρο
1121 4171 1244 4234 Veneta
1258 4169 1371 4233 inveni.

369 4277 408 4337 P.
422 4276 494 4358 258.
511 4274 531 4336 l.
547 4293 579 4357 3.
595 4276 669 4337 οὕτω
692 4273 726 4334 τὸ
748 4277 869 4353 πρᾶγμο
891 4272 993 4358 τοῦτο]
1014 4269 1210 4335 Particulam
1231 4272 1278 4333 καὶ
1298 4278 1373 4355 post

325 4376 399 4437 οὕτω
414 4382 567 4459 respuunt
582 4394 677 4437 omues
694 4373 781 4436 codd.
795 4371 913 4458 scripti,
926 4373 1058 4456 perinde
1073 4377 1170 4455 atque
1188 4369 1326 4436 donalia
1339 4378 1374 4435 et

323 4474 465 4559 Βοοονορ.
497 4474 664 4538 Pedalium
678 4495 716 4537 ac
731 4474 871 4559 Sylapoc
886 4495 971 4537 nunc
987 4473 1097 4538 addas.

370 4578 451 4641 Ibid.
474 4578 494 4641 l.
515 4599 545 4657 4.
569 4574 658 4662 αὐτῇ]
683 4577 828 4641 Zonaras
852 4577 1073 4641 saumario
1095 4597 1153 4639 suo
1174 4575 1207 4638 iu
1229 4573 1288 4639 hos
1310 4572 1372 4638 Ca-
