3700 5667
718 1642 1313 1745 ANNOTATIONES

837 1920 901 2004 IN
934 1920 1205 2002 PIERIUM.

922 2205 1087 2237 *κο-

541 2440 579 2504 Ρ.
594 2459 669 2523 429.
689 2437 709 2504 1.
724 2458 756 2525 5.
781 2440 833 2503 Ex
856 2439 984 2525 Soripto
1006 2438 1145 2523 quodem
1168 2438 1264 2503 Pierii
1286 2438 1319 2502 in
1343 2437 1485 2502 Priorem
1510 2435 1543 2499 S.

497 2543 589 2610 Peuli
616 2544 685 2629 δια]
712 2542 831 2607 Censet
858 2543 896 2607 ol.
923 2543 1109 2607 Lurdnerus
1134 2542 1167 2605 in
1193 2543 1252 2627 op.
1279 2543 1328 2605 De
1353 2540 1436 2605 Fide
1460 2540 1543 2603 Ηιζςί.

496 2648 615 2734 Εοαυρ.
632 2653 716 2732 pert.
733 2647 783 2710 11.
799 2646 851 2710 lib.
869 2646 889 2709 i.
908 2667 977 2730 esp.
992 2665 1045 2729 54.
1066 2644 1186 2709 nullum
1208 2645 1241 2708 in
1262 2643 1354 2709 Penli
1375 2641 1545 2728 epistolum

496 2772 518 2815 ο
532 2748 640 2814 Pierio
657 2748 811 2833 seriptum
829 2748 1102 2822 commentorium,
1118 2747 1175 2812 sed
1189 2755 1317 2813 tentum
1334 2749 1422 2828 ῥῆσιν
1438 2744 1545 2809 Pauli-

496 2874 571 2917 num
593 2851 645 2915 hio
667 2856 948 2914 commemoratam
971 2849 1004 2912 in
1027 2850 1134 2934 eliquo
1157 2872 1254 2935 opere
1274 2871 1296 2914 ο,
1318 2848 1425 2913 Ρίοτίο
1448 2847 1545 2911 fuisse

497 2953 608 3018 fusiori
636 2973 781 3017 sermone
808 2953 999 3038 expositum.
1060 2951 1227 3017 Fabricius
1255 2959 1365 3016 eutem
1393 2949 1427 3012 in
1457 2947 1544 3012 Bitu.

500 3055 603 3119 θυαε.
618 3054 672 3118 lib.
688 3076 715 3117 v.
732 3077 801 3138 ουρ.
817 3075 870 3139 35.
888 3054 942 3118 ubi
963 3054 1002 3118 de
1023 3053 1232 3139 scriptoribus
1252 3054 1285 3117 in
1303 3050 1412 3116 Photii
1426 3049 1546 3114 Biblio-

498 3157 581 3222 thece
596 3180 737 3222 censurae
757 3157 909 3243 subjectis
928 3157 1006 3242 egit,
1023 3157 1109 3222 hund
1124 3158 1272 3222 dubitem
1291 3178 1324 3220 se
1339 3156 1396 3228 eit,
1412 3176 1453 3219 ex
1468 3154 1546 3218 duo-

498 3259 600 3325 deoim
624 3260 685 3324 illis
708 3282 729 3325 α
753 3259 871 3324 Photio
895 3258 1078 3323 memoretis
1102 3259 1199 3323 Pierii
1220 3261 1323 3340 λόγοις
1346 3257 1441 3320 fuisse
1462 3256 1547 3319 hune

499 3369 686 3429 tractatum.
711 3362 782 3426 Vid.
797 3361 893 3447 poulo
907 3361 1001 3425 infra.
1046 3360 1163 3444 Neque
1182 3361 1251 3424 haeo
1267 3358 1407 3424 Fabricii
1422 3358 1545 3442 oonjeo·

499 3474 575 3530 ture
591 3465 743 3529 Photium
757 3463 874 3550 legenti
890 3462 1107 3547 improbabilis
1122 3462 1290 3528 videbitur.

545 3565 629 3630 Ibid.
645 3566 665 3629 l.
685 3583 734 3648 17.
750 3574 780 3630 δι
793 3579 834 3631 καὶ
848 3578 899 3631 σὺν
912 3581 950 3651 τῷ
962 3575 1072 3650 ἀδελφῷ
1087 3566 1159 3651 διο]
1175 3565 1227 3629 De
1244 3563 1350 3628 Pierio
1364 3564 1432 3627 haeo
1450 3561 1547 3646 sorio

500 3673 587 3733 serat
606 3667 749 3751 proxime
769 3676 845 3733 ente
861 3668 997 3733 Photius
1017 3669 1049 3733 in
1066 3668 1138 3733 eod.
1155 3667 1256 3731 cxviii.
1273 3667 1307 3730 in
1323 3687 1386 3752 quo
1403 3686 1547 3729 reconso-

500 3778 556 3835 tur
574 3768 737 3852 Ραυηνάἀθὶ
752 3770 802 3832 Μ.
817 3779 906 3854 atque
922 3769 1050 3834 Emotis·
1063 3770 1215 3856 Αροίορίο
1227 3791 1289 3855 pro
1309 3770 1445 3853 Οτάροιο.
1484 3765 1550 3831 Ἠν

501 3872 534 3934 δὲ
559 3872 725 3951 Παμφίλου
748 3871 928 3939 διδάσκαλος
949 3875 966 3935 ὁ
990 3873 1120 3954 Πιέριος,
1142 3878 1195 3936 τοῦ
1218 3875 1251 3936 ἐν
1264 3871 1479 3955 Ἀλεξανδρείᾳ
1502 3871 1550 3933 καὶ

501 3971 589 4038 αὐτὸς
609 3975 797 4052 προεστηκὼς
817 3975 1034 4038 διδασκαλείου.
1057 3973 1167 4055 μάρτυς
1189 3977 1222 4038 δὲ
1243 3975 1291 4037 καὶ
1311 3976 1328 4036 ὁ
1347 3973 1469 4054 Πιέριος
1489 3973 1551 4052 ἅμα

501 4076 542 4158 τῷ
556 4073 680 4158 ἀδελφῷ
694 4071 845 4158 Ἰσιδώρῳ,
862 4081 921 4139 τῶν
936 4078 1104 4155 ἀθλητικῶν
1116 4074 1293 4154 ἀξιωθέντες
1308 4074 1477 4155 στεφανῶν,
1496 4074 1550 4144 eis.

501 4178 542 4244 ὥς
556 4185 644 4257 φασι,
661 4177 709 4239 καὶ
730 4177 803 4244 redes
825 4178 872 4242 καὶ
889 4177 966 4243 οἶκοι
982 4178 1041 4242 ὑπὸ
1061 4183 1121 4242 τῶν
1138 4179 1347 4258 εὐσεβούντων
1362 4176 1553 4256 ἱδρύνθησαν.

502 4277 567 4342 Sed
585 4278 624 4341 de
641 4277 738 4341 Pierii
760 4280 854 4343 rebus
873 4280 971 4344 adisis
994 4301 1065 4366 quae
1085 4281 1127 4343 ud
1149 4280 1381 4364 Hieronymum
1397 4279 1447 4341 De
1469 4277 1557 4340 Virr'r

502 4379 558 4444 Ιίά.
571 4379 665 4442 modo
676 4381 795 4446 notovi.
820 4381 992 4467 inseriptio
1003 4381 1127 4446 interea
1137 4402 1193 4445 seu
1204 4380 1317 4445 titulus
1328 4379 1423 4463 hujus
1433 4377 1550 4462 operis,

471 4544 480 4555 ,
503 4480 535 4544 iu
550 4479 714 4543 duodecim
728 4489 834 4546 tomos
852 4482 975 4568 pertiti,
992 4483 1051 4547 nisi
1067 4486 1108 4547 Oi
1122 4486 1217 4565 Λόγοι
1231 4482 1426 4567 appellatum
1441 4479 1548 4552 fuerit,

503 4579 700 4645 intercidisse
716 4580 849 4646 videtur.
