3700 5667
536 681 585 743 lN
612 680 916 744 S.vlcTOR1N1
943 680 1311 773 FRAGMENTUM,
1378 684 1438 748 471

397 858 519 914 rentur.
565 850 670 937 Supra
690 852 729 914 de
747 851 798 914 die
813 858 929 936 quarto
947 851 1128 915 Victorinus
1143 852 1279 925 dixerat,
1296 874 1386 938 resque
1401 854 1445 917 αιί

396 952 501 1015 loram
519 975 629 1017 νουσυν
642 953 826 1036 jejunamus,
843 964 897 1017 aut
916 976 1007 1040 usquc
1026 954 1070 1018 ad
1089 976 1250 1039 uesperam,
1265 964 1320 1018 aut
1341 975 1444 1039 νυμον-

390 1053 607 1140 peritioresque
622 1055 655 1117 in
669 1054 800 1118 altcrrcn
815 1055 895 1119 είίσνα
903 1059 979 1142 fiat.
1011 1057 1227 1121 Veruntamen
1243 1055 1359 1130 Graeci,
1376 1055 1444 1119 alii-

398 1178 459 1238 que
479 1157 659 1232 orientales,
676 1158 729 1243 qui
749 1180 788 1222 ex
809 1181 897 1222 ruore
916 1158 1051 1243 antiquo
1066 1159 1117 1222 die
1137 1159 1190 1223 illo
1210 1181 1273 1223 uon
1287 1159 1445 1244 jejunare,

398 1257 457 1322 nisi
485 1259 517 1322 in
544 1260 671 1345 pascha,
699 1268 940 1339 consueverunt,
966 1261 1128 1346 negotium
1155 1262 1320 1338 invertere,
1347 1269 1446 1346 etque

397 1382 548 1425 accusare
583 1362 720 1426 Latinos
753 1361 935 1446 jejunantes
966 1364 1162 1448 judaizandi,
1192 1371 1306 1446 postca
1338 1365 1444 1428 conati

398 1472 482 1526 sunt.
528 1462 582 1527 Ita
598 1463 777 1528 Matthaeus
797 1464 962 1528 Blastures
981 1466 1013 1529 in
1034 1468 1228 1550 βρνίαρτνσισ
1242 1464 1443 1552 Alplabeticc,

400 1564 462 1629 Lit.
479 1567 521 1629 A.
537 1588 609 1651 pag.
626 1588 657 1650 9.
675 1568 715 1632 de
731 1567 885 1632 Sabbatic
900 1568 1168 1633 Sabbatianorum
1184 1569 1313 1632 ineunte
1330 1569 1444 1633 saeculo

398 1667 509 1750 quinto
532 1669 611 1732 duce
633 1670 701 1734 haee
723 1671 882 1757 habetqi
905 1672 938 1734 δὲ
960 1673 1028 1751 περὶ
1049 1674 1087 1734 τὸ
1108 1672 1197 1752 χείρω
1221 1674 1375 1755 φιλοτιμίᾳ
1397 1672 1445 1734 καὶ

397 1763 564 1833 Ἰουδαϊκῶς
584 1769 781 1847 σαββατίζειν
800 1766 909 1855 Ιἡρεῖτο,
934 1770 1075 1846 νηστείαν
1096 1771 1130 1832 ἓν
1153 1770 1242 1852 τούτῳ
1263 1770 1380 1845 μετίων,
1398 1770 1445 1832 καὶ

399 1867 497 1930 τᾶλλα
520 1870 734 1948 παραπλησίως
758 1859 890 1936 ἐκείνοις
923 1873 998 1932 καθὰ
1022 1871 1054 1932 δὲ
1079 1871 1127 1934 καὶ
1149 1872 1178 1932 οί
1200 1875 1322 1934 Λατῖνοι
1344 1877 1444 1935 τανῦν.

398 1969 483 2052 apud
507 1969 669 2054 Beveregii
692 1971 890 2054 Syncdicum.
941 1971 1009 2034 Ubi
1032 1993 1101 2034 mos
1120 1971 1284 2057 jejunandi
1310 1972 1446 2036 sabbato

399 2072 649 2156 reprehenditur,
663 2095 726 2136 non
742 2073 833 2158 quasi
847 2073 869 2137 J
872 2074 955 2137 udaei
970 2074 1030 2138 hoc
1046 2074 1097 2137 die
1108 2074 1253 2159 jejunare
1268 2074 1352 2138 soliti
1368 2074 1443 2147 sint,

400 2174 452 2257 qui
476 2180 599 2249 contra,
621 2184 658 2239 ut
680 2175 757 2252 dixi,
781 2175 926 2239 similiter
949 2183 1047 2262 atque
1071 2174 1194 2252 Esseni,
1218 2183 1252 2240 et
1276 2184 1373 2260 prout
1399 2176 1446 2240 in·

399 2276 486 2340 dicat
507 2277 713 2361 evangelium,
733 2276 955 2362 epulabantur,
975 2278 1031 2342 sed
1050 2277 1126 2362 quia
1145 2285 1298 2362 tanquam
1321 2301 1445 2343 sacrurn

400 2377 482 2441 diem
500 2378 731 2443 incredulorum
747 2380 849 2444 instar
865 2380 889 2443 J
891 2381 1054 2444 udaeorum
1070 2380 1243 2445 Sabbatius
1264 2388 1362 2465 atque
1378 2382 1445 2446 La·

401 2480 458 2544 tini
474 2482 643 2565 septimum
655 2482 878 2546 observabant.
904 2481 1090 2547 Memoratu
1105 2481 1182 2546 item
1195 2482 1227 2545 id
1243 2483 1373 2567 dignum
1384 2491 1444 2555 est,

401 2581 612 2648 Marcionitas
634 2584 707 2647 odio
726 2584 786 2648 Dei
807 2583 960 2648 creatoris
979 2583 1102 2648 Judaeis
1124 2585 1287 2669 oppositos
1309 2584 1446 2649 sabbato

400 2685 471 2749 cibo
485 2687 686 2751 abstinuisse.
710 2685 804 2750 (lanf.
820 2686 992 2771 Epiphanii
1006 2686 1122 2751 Herc.
1139 2687 1202 2749 xlii.
1219 2710 1246 2752 o.
1264 2706 1293 2750 a.

444 2789 481 2851 P.
498 2807 572 2873 457.
588 2791 607 2854 l.
626 2809 676 2854 21.
692 2790 777 2875 quod
792 2789 974 2874 sabbatum]
992 2789 1064 2853 MS.
1081 2790 1165 2875 quod
1180 2789 1325 2854 sabbato.
1359 2791 1445 2877 Lego

400 2893 483 2976 quod
502 2891 672 2956 sabbatum
692 2914 824 2977 corpore
844 2914 901 2956 suo
916 2892 1054 2957 resolvit.
1100 2893 1152 2957 Sic
1167 2892 1259 2957 infra.
1283 2893 1443 2957 Wssrrsn.

401 2995 472 3058 vid.
489 2996 638 3080 Apostoli
654 2996 747 3060 verbu
764 2995 797 3059 in
812 2997 914 3079 Epist.
929 2996 975 3059 ad
987 2995 1144 3081 Ephesii.
1164 3005 1214 3072 14,
1234 3014 1281 3079 15.

445 3096 527 3161 lbid.
543 3097 564 3159 l.
583 3117 634 3183 23.
655 3120 725 3183 quse
745 3097 812 3183 die]
836 3096 1043 3161 Scribendum
1064 3105 1172 3162 monet
1188 3096 1361 3163 Wullrerus
1381 3099 1445 3162 dies

400 3220 458 3281 pro
473 3199 531 3273 dic,
548 3199 588 3261 de
603 3220 666 3283 qua
681 3207 788 3263 tamen
804 3199 999 3262 correctione
1013 3198 1223 3262 dubitandum
1239 3209 1297 3262 est.
1334 3199 1444 3282 Signa·

400 3306 454 3361 tur
472 3301 564 3361 ΙΙοαυ.
586 3299 636 3361 vii.
661 3317 711 3364 aa.
734 3297 786 3361 ubi
809 3298 878 3361 haec
901 3307 985 3362 sunt.
1032 3300 1200 3382 Propterea
1221 3300 1339 3381 Moyses
1361 3299 1445 3362 dedit

400 3398 480 3463 cobis
498 3400 759 3474 circumcis-ionem,
775 3400 923 3483 cruquio
938 3420 974 3461 ea
988 3400 1094 3481 Μογςσ
1110 3409 1163 3474 est,
1176 3399 1229 3462 sed
1241 3421 1277 3462 συ
1290 3399 1443 3484 patrita

400 3512 427 3565 et
439 3504 473 3566 iu
487 3501 605 3565 sabbato
619 3501 836 3564 σίυσυυτσίάὶιίς
849 3501 1002 3563 homiaem.
1030 3501 1090 3565 Ait
1104 3501 1137 3565 S.
1147 3500 1323 3585 Cyprianus
1338 3524 1444 3587 supra,

401 3606 523 3669 (loson.
544 3604 703 3669 Canauna.
720 3626 764 3666 111.
783 3626 814 3688 p.
835 3623 905 3667 100.
927 3603 961 3665 in
979 3603 1118 3667 thdat'ea
1139 3603 1360 3668 circumcisiorw
1379 3627 1445 3669 car·

400 3707 467 3770 nali
492 3716 626 3770 σσίασυυι
652 3705 733 3769 diem
758 3703 941 3770 observatum
965 3727 1032 3769 eece.
1086 3705 1132 3770 Et
1156 3707 1376 3771 circumcisum
1405 3729 1440 3770 sc

401 3821 513 3873 octavo
537 3809 599 3884 dic,
622 3808 776 3894 gloriatus
799 3815 848 3872 est
875 3807 906 3871 S.
932 3807 1059 3873 Paulus.
1106 3811 1217 3895 Atque
1243 3808 1311 3872 haec
1337 3809 1444 3895 posuit

402 3912 599 3997 Epiphanius
613 3912 728 3976 Hcercs.
746 3934 819 3975 xxx.
840 3934 867 3975 c.
882 3930 934 3997 32.
959 3913 1105 3976 δείκνυται
1123 3917 1180 3994 γὰρ
1199 3913 1243 3975 ὅτι
1261 3915 1290 3975 οἱ
1309 3937 1443 3992 περιτεμ-

400 4017 504 4080 νόντες
530 4014 601 4076 αὐτὸ
626 4014 660 4077 τὸ
683 4016 828 4095 γεννηθὲν
851 4016 886 4077 ἓν
910 4012 1067 4097 σαββάτῳ,
1092 4015 1147 4076 ἐὰν
1170 4013 1340 4092 θελήσασιν
1363 4015 1441 4093 ἀκρι-

398 4117 629 4197 βολογήσασθαι
648 4116 702 4194 τὴν
717 4118 826 4198 ὀγδόην
843 4114 966 4197 ἡμέραν,
983 4117 1168 4195 εὑρίσκοντες
1186 4116 1389 4193 ἐμπίπτουσαν
1409 4116 1442 4176 ἐν

399 4220 558 4303 σαββάτῳ,
584 4222 631 4282 καὶ
656 4217 882 4299 περιτέμνοντες
909 4218 999 4299 ἔργον
1026 4215 1203 4298 ἐργάσαντο,
1232 4216 1279 4277 καὶ
1304 4213 1339 4275 τὸ
1365 4214 1441 4292 σάβ-

397 4327 494 4397 βατον
512 4321 636 4383 ἔλυσαν.
661 4322 716 4382 ἐὰν
735 4321 766 4382 δὲ
787 4319 970 4399 ὑπέρθωνται
991 4321 1039 4382 διὰ
1058 4318 1092 4380 τὸ
1109 4317 1149 4396 μὴ
1166 4323 1258 4379 λῦσαι
1271 4316 1304 4378 τὸ
1320 4314 1441 4394 σάββα-

400 4446 463 4497 τον,
479 4421 568 4500 ἐνάτῃ
586 4421 695 4484 λοιπὸν
709 4421 918 4501 περιτάμνουσι
937 4421 989 4498 τὴν
1009 4419 1179 4498 περιτομὴν,
1197 4420 1244 4481 καὶ
1260 4418 1374 4480 ἔλυσαν
1391 4417 1446 4496 τὴν

398 4525 570 4604 περιτομὴν,
598 4526 646 4587 καὶ
675 4524 728 4586 τὸν
753 4525 821 4604 περὶ
852 4524 940 4601 στ’ντῆς
968 4528 1026 4585 τῶν
1053 4523 1128 4584 ὀκτὼ
1157 4522 1273 4601 ἡμερῶν
1297 4521 1369 4601 ὅρον
1394 4525 1446 4583 τοῦ

400 4626 635 4708 προστάγματος.
683 4627 729 4689 Ut
755 4624 871 4690 dixisse
898 4633 1065 4690 censeatur
1089 4624 1284 4696 Victorinus,
1313 4622 1445 4686 circum·
