3700 5667
506 673 572 734 280
854 668 1207 735 ANNOTATIONES

507 841 561 902 ἐὰν
578 839 611 900 δὲ
631 836 750 903 ἑαυτοὺς
769 838 1024 917 προσαγγείλωσι,
1041 838 1089 900 καὶ
1112 838 1263 901 ἀποδῶσιν
1283 839 1302 901 ἃ
1323 839 1419 919 εὖρον,
1435 842 1482 904 καὶ
1504 847 1556 922 τῆς

505 941 593 1022 εὐχῆς
612 940 829 1016 ἀξιούσθωσαν·
853 937 946 1020 ἤγουν
964 937 1054 1021 μέχρι
1075 939 1180 1006 τέλους
1200 945 1249 1018 τῆς
1270 941 1358 1023 εὐχῆς
1372 945 1551 1023 συνεστηκέ-

504 1038 605 1104 τωσαν
623 1047 685 1106 τοῖς
703 1046 828 1116 πιστοῖς,
850 1042 941 1120 μόνης
962 1045 1013 1118 τῆς
1035 1043 1121 1121 ἁγίας
1141 1041 1340 1124 μεταλήψεως
1360 1047 1551 1122 κωλυόμενοι·

502 1142 596 1222 ἤγουν
609 1140 712 1224 μέχρις
726 1142 764 1206 ἂν
778 1141 939 1220 μετάνοιαν
955 1140 1167 1220 ἐπιδείξωνται,
1185 1144 1233 1206 καὶ
1249 1145 1352 1223 ταύτης
1368 1146 1525 1222 ἀξιωθῶσι.

911 1449 1064 1514 OANON
1088 1450 1134 1512 X.

545 1653 583 1715 P.
600 1654 673 1732 264.
696 1651 715 1715 l.
732 1672 764 1734 9.
786 1651 805 1732 ἢ
828 1653 960 1737 σῶστρα]
986 1654 1082 1716 Hanc
1108 1652 1308 1716 Consiliorum
1332 1660 1365 1718 et
1389 1654 1548 1740 Beosreqii

499 1753 666 1818 lectionem
689 1776 747 1839 pro
767 1754 840 1835 μήτε
863 1761 996 1836 σῶστρα,
1017 1754 1205 1818 confirmant
1228 1776 1331 1818 aorem
1354 1757 1414 1819 mei
1436 1779 1544 1822 manu-

498 1855 612 1940 scripti.
658 1855 936 1921 consentientibus
951 1855 1072 1940 Syleos
1087 1856 1290 1940 Pedalioque.

543 1956 623 2020 Ibid.
639 1955 660 2020 l.
680 1976 727 2021 ro.
744 1959 881 2045 εὕρητρα]
900 1961 1034 2039 Εὔρητρα
1049 1959 1175 2042 quidem
1190 1981 1248 2044 pro
1264 1962 1384 2040 εὕρετρα
1400 1962 1545 2046 Gregorii

497 2058 543 2122 od.
551 2060 706 2144 prinecps,
721 2081 819 2123 omues
837 2059 878 2123 ad
894 2082 991 2123 unum
1009 2059 1094 2122 codd.
1109 2059 1226 2144 scripti,
1241 2061 1438 2144 Zorroroeque
1453 2062 1545 2127 editio

497 2161 697 2238 Perimere,
716 2167 750 2224 et
770 2160 1001 2246 Harmsnopuli
1021 2161 1183 2245 Epitome3
1215 2170 1421 2226 veruntamen
1441 2163 1544 2230 altera

497 2261 716 2347 plerorumque
730 2261 882 2325 librorum
897 2262 1120 2346 impressorum
1134 2263 1229 2326 lectio
1244 2272 1302 2340 est,
1319 2265 1498 2329 faventibus
1513 2267 1542 2331 ei

496 2364 631 2427 Ζωιαναι
649 2363 800 2448 pke-isque
822 2363 906 2426 edic.
928 2363 1119 2438 Balsamone,
1141 2365 1337 2448 Aristenique
1358 2387 1428 2448 quae
1451 2389 1541 2431 voea-

423 2503 437 2524 .
495 2471 551 2530 tur
573 2467 710 2551 Sycopsi.
741 2465 834 2529 Oons.
851 2465 891 2528 de
912 2464 1071 2549 scriptura
1089 2464 1173 2528 viros
1192 2465 1303 2528 doctos
1322 2467 1364 2526 ad
1385 2466 1539 2528 Thomam

497 2567 630 2654 Magist.
645 2591 674 2634 v.
690 2570 820 2648 Εὕρημα,
836 2567 926 2631 etad
943 2565 1135 2651 Phrynioum
1151 2587 1183 2650 p.
1200 2567 1269 2646 196.
1316 2564 1445 2627 Interea
1459 2587 1538 2647 prae-

495 2677 631 2755 oeptum,
648 2669 733 2754 quod
752 2690 773 2733 a
795 2667 935 2732 Ponticis
956 2667 1147 2753 implendum
1166 2673 1259 2739 esset,
1277 2666 1327 2729 lex
1342 2664 1403 2729 suit
1423 2665 1539 2732 Divina

489 2771 650 2856 justitiam
665 2780 699 2836 et
713 2770 880 2835 caritatem
896 2770 1069 2854 complexa.

539 2873 621 2936 lbid.
644 2871 663 2951 ἢ
692 2869 715 2957 ᾦ
744 2874 867 2952 ὀνόματι
896 2871 1052 2955 καλοῦσιν]
1081 2871 1134 2934 Ad
1164 2892 1253 2935 oram
1283 2871 1422 2935 editionis
1448 2872 1537 2956 γυίοι-

493 2975 571 3058 m'pis
589 2982 624 3038 et
641 2974 674 3036 in
693 2973 792 3037 codice
809 2973 878 3056 158.
897 2980 1063 3036 exaratum
1085 2980 1146 3049 est,
1160 2977 1251 3036 ταῦτα
1272 2978 1424 3037 καλοῦσιν.
1441 2995 1536 3056 quam

493 3076 620 3161 quidem
632 3075 798 3140 lectionem
812 3082 940 3139 secutus
954 3082 1003 3138 ost
1016 3075 1202 3139 Gallandius
1217 3075 1248 3139 in
1260 3075 1449 3139 Bibliotheca
1460 3079 1535 3140 ΡΡ.

493 3176 657 3245 Exhibeat
676 3199 771 3263 porro
791 3177 850 3240 curo
869 3177 977 3261 empti
990 3177 1154 3241 Bodleiaai
1173 3194 1242 3261 195.
1264 3184 1296 3242 et
1312 3182 1384 3261 625.
1401 3177 1535 3258 Βουλῆ

492 3277 652 3367 ᾦόνόματι
671 3279 759 3365 ἑτέρῳ
779 3285 871 3343 ταῦτα
891 3284 1045 3343 καλοῦσιν.
1089 3278 1276 3363 invenitque
1296 3280 1432 3344 fortasse
1448 3280 1535 3343 Mat

491 3380 595 3445 thaeus
620 3381 783 3446 Blastares
809 3381 942 3444 eandem
966 3381 1168 3465 scripturam,
1192 3381 1245 3464 qui
1270 3380 1367 3446 habet
1393 3382 1427 3444 in
1453 3383 1532 3464 Syn-

490 3492 629 3570 loymatc,
646 3485 693 3548 καὶ
713 3482 787 3563 μήτε
807 3484 948 3565 μήνυτρα,
966 3483 1040 3564 μήτε
1060 3483 1119 3564 μὴν
1141 3490 1271 3565 σῶστρα,
1288 3482 1306 3561 ἢ
1328 3485 1372 3550 οἶς
1394 3486 1535 3547 εἰώθασιν

490 3587 676 3667 ἐπιφημίζειν
691 3583 800 3667 ἑτέροις
818 3591 910 3649 ταῦτα
928 3588 1065 3666 ὀνόμασι,
1081 3587 1116 3649 τὸ
1137 3584 1278 3667 παράπαν
1295 3586 1532 3666 εἰσπράττοντες.

489 3685 552 3752 Sed
574 3687 686 3773 legisse
707 3687 835 3752 videtur
857 3685 880 3772 ᾤ
902 3690 1026 3767 ὀνόματι
1043 3695 1134 3752 vetus
1153 3688 1310 3771 interpres
1328 3687 1533 3769 OEoolampa·

488 3787 570 3862 dius,
587 3787 640 3871 qui
656 3787 774 3853 Latine
788 3787 895 3866 vertit,
910 3789 959 3852 ecl
976 3809 1148 3872 quocunque
1167 3789 1251 3851 nudo
1271 3788 1469 3851 rrrsrcedalam
1488 3809 1533 3850 rs-

482 3896 599 3974 paens
644 3887 690 3952 Et
711 3910 796 3967 vero,
815 3910 912 3974 quum
936 3889 1079 3953 nesciant
1101 3911 1202 3963 voces,
1220 3889 1309 3973 ἑτέρῳ
1331 3894 1423 3953 ταῦτα
1443 3889 1534 3953 ceteri

488 4000 549 4055 octo
573 3991 682 4075 scripti
706 3991 881 4065 Bodkioai,
905 3991 1122 4075 editionesque
1145 3994 1243 4055 ferme
1273 4013 1391 4067 omnes,
1415 4013 1436 4055 a
1465 4013 1533 4056 cor·

488 4094 667 4158 rectoribus
692 4093 849 4179 proficisci
877 4094 1069 4158 variationes
1098 4093 1168 4158 istae
1198 4093 1417 4158 existimandae
1446 4100 1531 4158 sunt.

488 4195 572 4276 Quin
589 4216 674 4280 ergo,
690 4194 738 4258 vel
759 4192 782 4280 ᾤ
802 4194 841 4258 ἂν
860 4196 983 4274 ὀνόματι
1003 4201 1136 4259 καλῶσιν
1150 4195 1385 4259 rescribendum
1405 4196 1531 4272 estrei

486 4298 593 4383 potius
606 4297 759 4361 servande
772 4295 866 4360 lectio
879 4319 1029 4381 praesens,
1038 4319 1134 4381 quam
1146 4297 1220 4360 olim
1235 4297 1424 4361 satisfecisse
1439 4319 1531 4381 saga·

485 4399 611 4464 sissimo
633 4399 777 4463 Porsono
801 4398 881 4462 bene
904 4398 1051 4465 memini!
1076 4399 1228 4484 Hesychii
1253 4399 1360 4484 glossa
1383 4406 1442 4476 est,
1464 4397 1527 4462 Ὡι.

484 4497 569 4564 Ἃντὶ
583 4504 635 4564 τοῦ
649 4499 712 4564 oso'.
736 4498 754 4578 ἢ
769 4497 792 4586 ᾦ
806 4526 872 4564 τινι.

530 4601 614 4664 Ibid.
641 4603 857 4686 domuimus]
884 4607 957 4670 Τοῖς
979 4606 1162 4686 ὁμολογοῦσι
1184 4603 1218 4667 τὸ
1243 4606 1352 4684 εὕρημα
1377 4602 1411 4665 τὸ
1434 4604 1528 4665 ἄλλο’-
