3700 5667
480 660 545 727 124
780 661 1028 740 RELIQUIAE
1055 661 1234 726 SACRAE.

479 826 633 912 accipere.
677 825 813 906 Quando
836 825 926 890 danti
947 824 1027 911 (sor.
1045 825 1135 889 danti
1150 824 1263 908 dandi)
1284 824 1372 888 locus
1392 846 1456 888 non
1470 831 1532 902 est,

482 937 592 1021 utiquc
607 958 665 1000 nec
677 935 845 1021 accipienti
860 937 1001 1021 prodest.

526 1046 700 1110 XXXIV.
726 1046 811 1111 Item
820 1046 901 1111 alius
911 1047 1088 1111 Januarius
1104 1044 1298 1109 Muzulensis
1309 1045 1401 1109 dixit.
1429 1043 1534 1108 Miror

483 1158 569 1243 quod
595 1180 667 1223 cum
692 1179 801 1222 omnes
822 1159 1036 1222 confiteantur
1059 1178 1156 1220 unum
1182 1179 1251 1221 esse
1273 1157 1446 1243 baptisma,
1469 1179 1534 1221 non

482 1289 592 1332 omnes
606 1266 785 1352 intelligant
805 1266 946 1352 ejusdem
961 1266 1164 1350 baptismatis
1178 1266 1344 1331 unitatem.
1390 1265 1560 1345 Ecclesia5

482 1380 566 1444 enim
592 1387 626 1443 et
651 1380 780 1443 haeresis
806 1380 878 1443 duae
902 1387 937 1442 et
962 1379 1094 1442 diversae
1120 1400 1171 1441 res
1200 1388 1286 1441 sunt.
1332 1377 1366 1441 Si
1391 1376 1534 1441 haeretioi

483 1489 603 1554 habeut
624 1489 796 1573 baptisma,
818 1510 876 1552 nos
896 1510 960 1551 non
980 1488 1141 1552 habemus.
1189 1487 1223 1550 Si
1242 1495 1351 1551 autem
1366 1508 1424 1550 nos
1438 1485 1534 1550 babe-

482 1622 563 1674 mus,
580 1600 721 1664 haeretici
736 1600 854 1664 habere
869 1621 933 1663 non
948 1607 1090 1685 possunt.
1125 1597 1267 1661 Dubium
1282 1605 1390 1661 antem
1405 1618 1469 1660 non
1484 1607 1534 1661 est

482 1711 646 1776 ecclesiam
659 1711 759 1775 solam
770 1712 966 1797 baptismum
977 1710 1096 1775 Ohristi
1111 1710 1283 1796 possidere,
1295 1731 1366 1794 quae
1381 1708 1449 1772 sola
1463 1730 1533 1794 pos-

482 1822 586 1886 sideat
601 1831 635 1887 et
649 1823 788 1908 gratiam
803 1822 923 1889 Christi
938 1829 972 1887 et
986 1821 1164 1886 veritatem.
1546 1851 1583 1890 10

527 1933 683 1998 XXXV.
721 1933 900 2019 Adelphius
929 1955 950 1997 a
981 1931 1155 2014 Thasvalte
1185 1931 1278 1995 dixit.
1330 1930 1405 1995 Sine
1437 1952 1535 1995 causa

483 2043 612 2128 quidam
635 2043 715 2107 falso
740 2051 775 2108 et
800 2042 954 2107 invidioso
977 2043 1073 2107 verbo
1098 2041 1286 2127 impugnant
1308 2040 1475 2104 veritatem
1497 2047 1534 2104 ut

483 2154 684 2240 rebaptizare
705 2175 764 2218 nos
786 2154 906 2231 dicant,
921 2154 1049 2238 quando
1067 2152 1198 2218 ecclesia
1220 2151 1387 2217 haereticos
1408 2172 1472 2214 non
1486 2172 1535 2214 re-

483 2264 637 2348 baptizet,
652 2265 707 2327 sed
723 2263 874 2348 baptizet.

527 2373 705 2437 XXXVI.
726 2373 910 2438 Demetrius
931 2395 952 2438 a
976 2373 1173 2459 Leptiminus
1196 2371 1286 2436 dixit.
1332 2371 1443 2435 Unum
1458 2371 1580 2456 bap-15

482 2483 579 2547 tisma
603 2505 661 2546 nos
686 2483 891 2562 custodimus,
922 2484 998 2569 quia
1026 2483 1166 2548 ecelesiae
1194 2482 1358 2546 catholicae
1384 2483 1441 2546 soli
1465 2504 1534 2546 rem

483 2614 573 2657 suam
589 2593 794 2658 vindicamus.
839 2595 901 2676 Qui
916 2601 1025 2658 autem
1040 2593 1152 2658 dicunt
1165 2592 1241 2678 quia
1255 2591 1396 2656 haeretici
1412 2614 1484 2656 vere
1499 2600 1534 2656 ct

482 2702 624 2788 legitima
650 2704 830 2788 baptizant,
855 2705 915 2790 ipsi
945 2713 1020 2768 sunt
1049 2705 1104 2788 qui
1132 2725 1196 2766 non
1224 2725 1322 2766 unum
1347 2703 1402 2766 sed
1431 2701 1534 2765 multa

483 2813 680 2898 baptismata
701 2814 831 2878 faciunt.
878 2814 962 2878 Nam
984 2835 1056 2877 cum
1081 2814 1219 2876 baerescs
1241 2812 1351 2876 multae
1374 2812 1448 2889 sint,
1475 2833 1534 2896 pro

483 2944 592 2987 earum
608 2944 739 2986 numero
753 2931 787 2987 et
802 2924 998 3009 baptismata
1013 2925 1292 3009 computabuntur.
1545 2948 1583 2988 ro

528 3031 722 3094 XXXVII.
757 3032 949 3097 Vincentius
984 3056 1005 3098 a
1041 3033 1173 3098 Thibari
1208 3033 1299 3097 dixit.
1355 3032 1534 3097 Haeretieos

484 3141 599 3205 scimus
621 3163 689 3205 esse
712 3142 835 3227 pejores
858 3166 954 3227 quam
977 3144 1130 3208 ethnicos.
1176 3143 1211 3206 Si
1230 3164 1306 3227 ergo
1328 3142 1469 3206 conversi
1491 3143 1533 3206 ad

484 3251 657 3316 Dominum
680 3254 786 3318 venire
808 3254 975 3331 voluerint,
990 3255 1143 3319 habemus
1165 3253 1275 3337 utique
1294 3252 1436 3336 regulam
1455 3252 1533 3316 reri·

483 3362 573 3440 tatis,
595 3386 691 3448 quam
712 3364 867 3429 Dominus
890 3374 1051 3451 praecepto
1069 3365 1175 3429 divino
1200 3365 1362 3427 mandavit
1381 3363 1534 3448 apostolis

482 3473 610 3537 dicens:
633 3477 716 3549 sla,
732 3477 767 3539 ia
788 3478 906 3541 aeneiae
926 3499 987 3540 eaeo
1004 3497 1127 3539 emnam
1144 3474 1299 3559 inponite,
1318 3474 1468 3537 doemoaia
1486 3495 1533 3537 ea-
1544 3499 1560 3537 2
1564 3499 1581 3556 5

475 3582 588 3667 pellite.
622 3583 667 3647 Et
682 3584 744 3647 alio
759 3583 828 3648 loeo
841 3610 847 3648 :
862 3587 947 3661 sla,
962 3595 989 3648 et
1003 3584 1101 3648 docete
1113 3593 1223 3668 pentes,
1240 3581 1425 3669 baptizantes
1439 3604 1485 3646 eos
1498 3583 1534 3645 in

482 3692 600 3754 nemine
615 3693 727 3756 Patri-e
742 3704 770 3757 et
788 3695 871 3759 Filii
888 3705 916 3760 ct
935 3696 1074 3780 Spiritus
1093 3694 1210 3759 Sancti.
1257 3693 1344 3777 Ergo
1359 3694 1461 3778 primo
1476 3716 1534 3779 per

483 3820 597 3861 manus
619 3799 852 3884 impositionem
875 3805 908 3867 iu
934 3804 1120 3881 exorcismo,
1144 3804 1282 3867 secundo
1305 3826 1362 3889 per
1384 3804 1534 3888 baptismi

482 3909 763 3993 regenerationem,
791 3920 868 3977 tunc
897 3922 1032 3998 possunt
1057 3916 1099 3979 ad
1125 3915 1246 3980 Christi
1272 3914 1532 3999 pollicitationem

483 4018 599 4082 venire.
645 4019 737 4082 Alias
753 4029 861 4085 autern
876 4023 945 4085 fieri
961 4046 1073 4087 censeo
1088 4045 1152 4087 non
1167 4024 1292 4088 debere.
1542 4047 1584 4102 30

526 4126 739 4195 XXXVIII.
766 4131 896 4196 Marcus
918 4155 939 4196 a
963 4133 1102 4197 Mactari
1125 4134 1216 4198 dixit.
1263 4134 1450 4198 Mirandum
1470 4155 1534 4196 non

483 4244 533 4301 est
548 4239 574 4301 si
590 4238 730 4304 haeretici
743 4241 851 4306 hostes
866 4250 964 4326 atque
979 4245 1217 4330 impugnatores
1231 4245 1376 4309 veritatis
1391 4265 1458 4308 rem
1473 4244 1534 4308 sibi

483 4345 644 4414 vindicant
660 4351 830 4433 potestatis
845 4359 879 4414 et
894 4351 1087 4437 dignationis
1101 4354 1222 4418 alienae.
1255 4354 1339 4418 Illud
1354 4355 1534 4423 mirandum

664 4595 678 4643 p
692 4584 765 4632 lllctt.
779 4602 803 4632 x.
816 4588 839 4641 8.
1103 4603 1116 4638 q
1129 4591 1204 4644 Mat.
1215 4592 1298 4638 xxviii.
1315 4607 1351 4654 ¹9·
