3700 5667
398 656 463 718 154
741 650 1098 716 ANNOTATIONES

398 824 506 888 oribus
528 822 662 886 librariis
689 822 795 886 studio
820 824 1005 888 revocandae
1033 821 1178 886 lectionis
1202 845 1274 907 quae
1296 828 1392 887 extat
1419 821 1454 886 ia

397 924 536 988 editione
551 923 680 1008 vulgata
694 945 792 987 sacrae
808 923 983 1007 scripturas.
1009 925 1178 987 Banuzrus.
1219 921 1309 987 Libri
1323 931 1456 986 veteres

397 1047 476 1110 quos
501 1033 658 1089 memorat
683 1024 840 1101 Baluzius,
871 1023 1057 1109 quibuscum
1084 1024 1289 1089 consentiant
1321 1023 1455 1087 codices

396 1127 481 1189 Neci
495 1125 567 1189 eall.
584 1147 732 1209 meusque
747 1125 821 1189 olim
834 1127 1118 1202 Meermaaniaeus,
1130 1127 1197 1192 τοὺς
1210 1123 1246 1189 ο’.
1262 1126 1304 1189 ad
1319 1125 1452 1189 literam

396 1227 586 1312 exprimunt,
603 1227 650 1290 ita
672 1227 754 1290 euim
773 1228 887 1291 Graeca
906 1250 941 1290 se
961 1228 1092 1303 habent,
1111 1229 1170 1291 Kal
1181 1228 1222 1308 μὴ
1238 1225 1372 1291 ἅπτεσθε
1386 1227 1453 1290 dub

397 1327 516 1390 πάντων
531 1328 591 1389 ὅσα
606 1327 689 1389 ἐστὶν
706 1327 816 1392 αὐτοῖς.

440 1427 522 1490 lbid.
539 1427 558 1489 l.
577 1429 625 1490 26.
652 1426 742 1512 plebs
765 1428 957 1513 obsequens]
989 1430 1100 1492 Sermo
1122 1429 1163 1492 de
1185 1428 1353 1493 vexatione
1381 1427 1451 1492 Do-

396 1528 588 1592 natistarum
609 1529 714 1592 editus
736 1529 768 1592 in
790 1531 964 1615 appendice
992 1531 1105 1615 Optati
1128 1554 1149 1595 a
1171 1531 1238 1595 vire
1261 1529 1451 1593 doctissimo

397 1630 559 1695 Ladovico
579 1629 675 1694 Ellies
697 1631 826 1694 Du·Pin
847 1654 919 1717 pag.
941 1653 1013 1717 299.
1029 1645 1055 1711 ι.
1072 1654 1103 1718 3.
1126 1635 1205 1697 Ante
1215 1631 1333 1718 plebem
1353 1632 1453 1696 ainau

395 1731 454 1796 sili
467 1754 580 1817 semper
593 1730 765 1796 obsecutam.
791 1735 958 1798 Bnauzms.

439 1834 521 1897 Ibid.
537 1834 558 1897 l.
575 1853 627 1915 27.
650 1856 670 1897 a
686 1843 852 1920 peccatore
867 1835 1054 1921 praeposito]
1081 1836 1204 1921 Magna
1218 1835 1290 1900 istic
1305 1835 1450 1900 auctori·

395 1944 447 2000 tas
461 1937 558 2001 datur
576 1936 670 2021 plebi,
686 1944 723 2000 ut
738 1937 778 2000 de
792 1937 859 2000 vita
874 1945 907 2000 et
921 1937 1062 2001 moribus
1082 1938 1221 2023 episcopi
1242 1937 1290 2000 sui
1309 1937 1450 2021 judicet,

395 2044 428 2100 et
450 2037 477 2100 si
497 2037 677 2101 constiterit
700 2036 785 2100 illum
808 2058 915 2100 errare
931 2037 962 2099 in
982 2038 1057 2115 fide,
1071 2040 1113 2102 ab
1135 2039 1203 2124 ejus
1226 2036 1451 2102 communione

395 2138 565 2203 abstineat.
610 2140 697 2224 Nam
712 2161 778 2202 eura
796 2139 861 2202 ideo
876 2139 1039 2225 episcopus,
1054 2149 1091 2204 ut
1110 2141 1305 2204 aitsanctus
1330 2139 1451 2202 Hiere-

395 2264 509 2326 nymus
523 2241 556 2304 ia
572 2239 707 2325 Dialogo
727 2242 881 2305 adversus
903 2241 1129 2321 Luciferianos,
1146 2245 1180 2306 in
1193 2243 1316 2306 eeclesia
1335 2243 1448 2306 coruli-

396 2352 502 2406 luatur
521 2351 554 2405 ut
569 2342 720 2427 populum
739 2353 867 2407 coerceat
884 2341 922 2406 ab
944 2366 1056 2421 errore,
1073 2354 1203 2430 quantae
1224 2366 1309 2408 mor
1330 2342 1394 2407 crit
1411 2343 1451 2405 ia

388 2443 503 2529 popule
517 2466 584 2507 cuna
598 2453 682 2507 errat
696 2444 748 2507 ille
768 2445 822 2528 qui
844 2445 935 2509 docet.
980 2445 1064 2510 Item
1080 2447 1112 2508 in
1128 2447 1276 2532 Epistola
1285 2447 1332 2509 ‘ad
1349 2446 1449 2508 Pam-

395 2544 554 2608 machium
576 2552 688 2609 contra
710 2547 869 2610 loannem
895 2547 1243 2631 Hierosolymitanum:
1272 2548 1450 2611 Sanctieree

393 2648 473 2711 enim
486 2657 555 2711 suet
569 2669 659 2712 eures
667 2648 778 2734 pepedi
792 2671 882 2733 quom
896 2650 1059 2713 sacerdotis
1072 2652 1201 2714 animm.
1250 2644 1334 2713 Vide
1350 2659 1452 2713 notas

396 2757 523 2813 nostras
544 2750 586 2814 ad
609 2750 818 2835 Agabardum
840 2773 913 2836 pag.
931 2754 983 2813 61.
1007 2760 1040 2815 et
1062 2753 1120 2814 viri
1143 2751 1315 2816 doctissimi
1340 2749 1449 2813 nobis-

396 2874 458 2944 que
478 2852 659 2915 amicissimi
682 2853 799 2915 Domni
829 2853 984 2916 Bernardi
1007 2854 1047 2917 de
1071 2855 1309 2919 Montefalcone
1331 2853 1448 2937 praeia-

395 2955 514 3019 tionem
528 2955 570 3018 ad
586 2953 736 3038 opuscula
751 2955 851 3019 sancti
866 2956 1038 3019 Athanasii
1056 2959 1085 3039 ξ.
1102 2961 1132 3020 6.
1180 2957 1265 3020 Vide
1280 2955 1378 3019 etiem
1394 2954 1448 3020 iti-

395 3056 554 3121 aerarium
571 3056 706 3120 Adriani
723 3058 820 3141 Papae
837 3058 893 3121 VI.
909 3058 1030 3121 editum
1048 3059 1081 3121 in
1099 3059 1180 3123 libro
1201 3060 1299 3123 tertio
1314 3057 1446 3121 Miscel-

394 3159 555 3223 laneoram
570 3165 751 3222 nostrorum
765 3182 838 3245 pag.
852 3180 928 3245 451.
977 3161 1166 3246 Exemplum
1181 3162 1281 3247 plebis
1295 3161 1449 3224 recedere

393 3260 528 3325 volentis
556 3261 598 3325 ab
624 3260 771 3346 episcopo
802 3284 858 3326 suo
888 3262 988 3326 refert
1017 3273 1147 3327 sanctus
1177 3263 1381 3348 Augustinus
1412 3263 1447 3325 in

394 3362 529 3449 epistola
552 3363 593 3426 ad
620 3361 848 3437 Nanciliouam,
872 3365 1014 3449 quamvis
1040 3387 1103 3428 non
1126 3374 1276 3450 ageretur
1303 3363 1448 3455 deiide,

393 3466 448 3530 sed
472 3465 511 3528 de
534 3487 615 3529 aava
636 3466 845 3530 translatione
868 3468 960 3531 unias
982 3467 1124 3530 vocabuli
1145 3468 1179 3530 in
1199 3467 1304 3551 capita
1327 3475 1448 3550 quarto

392 3568 465 3631 libri
481 3569 503 3630 J
506 3590 586 3632 ouae.
631 3567 698 3631 Nos
713 3568 856 3633 homiues
872 3570 1025 3634 Romanas
1043 3569 1272 3633 communionis
1292 3575 1448 3653 putamus

393 3669 602 3733 recedendum
639 3691 707 3732 esse
736 3693 757 3734 a
786 3672 877 3754 Papa
910 3673 936 3736 si
966 3673 1009 3736 sit
1044 3672 1223 3736 haereticus.
1268 3671 1444 3733 Bsnuzms.

395 3770 529 3834 Notavit
545 3770 629 3833 inter
643 3771 706 3834 alia
720 3773 875 3857 Anglicus
890 3774 1040 3859 Cypriani
1057 3775 1226 3860 interpres,
1242 3773 1330 3838 laicis
1344 3772 1446 3835 vindi·

394 3871 459 3935 cari
482 3871 565 3934 hanc
587 3878 781 3955 potestatem
803 3874 836 3936 in
859 3875 979 3938 decimo
1008 3877 1119 3961 quinto
1145 3877 1274 3942 (lenone
1298 3873 1446 3952 Consilii,

394 3973 479 4058 quod
501 3981 595 4037 vocat
618 3972 675 4036 ille
701 3976 878 4060 Septimum
905 3977 1158 4054 OEoumenicum
1185 3979 1284 4062 (quod
1309 3975 1445 4060 ‚quidem

392 4099 489 4140 unum
508 4083 612 4140 estex
628 4076 755 4160 synodis
771 4078 948 4157 Photianis‚
965 4081 1054 4165 cujus
1076 4087 1191 4145 extant
1206 4081 1353 4143 Canones
1370 4099 1445 4162 pag.

392 4199 467 4264 331.
486 4187 520 4245 et
543 4201 608 4263 seq.
625 4180 770 4263 synodici
785 4181 1015 4266 Beoereps'eni,)
1039 4181 1207 4267 separandi
1231 4202 1300 4244 sese
1315 4179 1356 4242 ab
1377 4178 1446 4262 api-

393 4304 489 4367 scopo
504 4305 573 4358 suo,
589 4281 615 4344 si
631 4283 726 4345 modo
744 4282 828 4346 circa
848 4284 1001 4370 dogmata
1015 4285 1084 4370 jam
1105 4283 1237 4349 delinita
1255 4281 1446 4345 manifestus

394 4381 563 4446 haereticus
577 4384 733 4461 extiterit,
747 4385 871 4449 etiamsi
883 4387 969 4452 nulla
980 4389 1012 4451 in
1024 4411 1095 4452 eum
1111 4388 1178 4452 lata
1192 4394 1276 4450 esset
1291 4383 1445 4469 synodica

394 4485 564 4550 sententia.
622 4489 670 4551 At
699 4510 773 4552 vero
803 4488 886 4553 huuc
915 4513 1068 4555 canonem
1097 4491 1139 4554 ad
1168 4488 1285 4552 clerum
1315 4484 1443 4570 proesuli

394 4585 544 4651 haeratieo
571 4589 732 4653 subditum
762 4591 919 4677 praecipue
957 4593 1114 4677 pertinere
1144 4592 1290 4654 dicarem.
1349 4587 1444 4649 Nunc
