3700 5667
663 666 696 727 S.
723 665 1026 729 VICTORINUS.
1313 668 1376 732 4⁵7

371 829 433 895 Die
456 830 567 915 quinto
591 838 679 895 terra
704 842 737 897 et
761 854 844 916 aqua
867 833 966 898 loetus
992 855 1066 897 suos
1091 832 1269 898 ediderunt.
1315 833 1376 897 Die

326 948 419 1006 sexto
433 949 542 1005 ereata
556 947 642 1018 sunt,
658 963 728 1026 quae
744 943 898 1018 deerant3
920 963 959 1007 ao
979 941 1025 1006 sio
1046 944 1136 1006 Deus
1156 942 1316 1007 hominem
1336 943 1376 1005 de

327 1051 424 1114 humo
447 1048 610 1128 instruxit,
635 1049 797 1113 dominum
823 1051 965 1115 omnium
990 1071 1107 1127 rerum,
1132 1072 1203 1136 quoe
1226 1050 1263 1132 (1.
1280 1054 1374 1137 quas)

326 1166 598 1245 superterramet
612 1180 837 1245 superaquam
852 1159 981 1225 oreavit.
1012 1159 1107 1225 Prius
1122 1167 1231 1225 tamen
1245 1160 1376 1246 angelos

299 1277 424 1353 satque
438 1268 646 1354 archangelos
666 1267 795 1346 oreavit,
810 1290 908 1354 quam
922 1269 1082 1334 hominem
1097 1268 1202 1343 finxit,
1219 1269 1376 1354 spiritalia

326 1379 462 1444 terrenis
480 1386 685 1465 anteponens.
733 1380 828 1445 Prius
841 1380 926 1444 enim
940 1381 1005 1458 lux,
1022 1403 1118 1466 quam
1134 1381 1248 1446 ooelum
1263 1391 1298 1446 st
1311 1388 1376 1446 ter·

326 1511 396 1554 ram
413 1491 486 1572 (lor.
502 1500 599 1568 terra,
621 1489 779 1573 Μέθη).
824 1494 891 1556 Hie
910 1493 978 1557 dies
998 1501 1109 1557 sextus
1128 1515 1297 1579 paraseeve
1315 1516 1373 1579 ap·

326 1601 472 1685 pellatur,
489 1602 682 1686 praeparatio
702 1601 822 1667 seilioet
842 1603 951 1688 regni;
975 1603 1083 1668 Adam
1098 1603 1183 1668 enim
1198 1625 1291 1688 quem
1306 1604 1375 1685 (de-

326 1709 372 1774 let
398 1731 490 1794 quem
520 1710 672 1796 Walksr.)
697 1711 739 1775 ad
764 1711 934 1797 imaginem
960 1720 994 1777 st
1021 1712 1258 1776 similitudinem
1284 1734 1375 1778 suam

282 1818 565 1884 rosonsummavit.
612 1820 737 1884 Idoireo
752 1828 861 1885 autem
876 1819 964 1905 prius
983 1842 1081 1906 opera
1102 1843 1160 1885 sun
1178 1843 1375 1887 eonsumma-

326 1928 384 2006 vit,
400 1951 497 2014 quam
518 1930 649 2016 angelos
668 1931 795 2006 creavit,
812 1938 846 1995 et
866 1931 1025 1996 hominem
1042 1931 1221 2008 fabricavit,
1236 1932 1376 1997 neforto

326 2041 491 2125 adjutores
512 2063 546 2105 se
568 2040 664 2105 luisse
686 2040 766 2106 falsa
788 2040 926 2106 dictione
948 2042 1139 2107 adseverant
1155 2041 1229 2124 (lor.
1247 2041 1376 2105 adseve-

326 2156 448 2227 rareut,
469 2151 632 2236 Walksr.).
680 2150 753 2216 Hoo
773 2173 898 2237 quoque
918 2153 970 2217 die
990 2153 1032 2217 ob
1051 2151 1231 2238 passionem
1245 2149 1375 2215 Domini

326 2259 350 2323 J
352 2282 408 2324 esu
430 2259 550 2326 Christi
576 2270 633 2327 aut
659 2263 831 2328 stationem
857 2261 940 2343 Deo,
962 2269 1021 2330 aut
1038 2263 1206 2350 jejunium,
1230 2260 1374 2326 facimus.

282 2391 292 2428 ι
300 2390 316 2448 5
327 2369 389 2434 Die
408 2371 544 2456 septimo
565 2372 719 2456 requievit
739 2374 781 2439 ab
800 2374 948 2439 omnibus
965 2374 1114 2459 operibus
1135 2373 1210 2446 suis,
1226 2380 1260 2436 et
1280 2371 1374 2436 bene-

326 2479 409 2544 dixit
423 2501 496 2544 eum
510 2487 544 2544 et
564 2481 782 2546 sanctificarit.
828 2481 901 2546 Hoo
915 2482 967 2546 die
987 2481 1124 2546 solemus
1139 2502 1374 2567 superponam

326 2590 455 2666 idoiroo,
469 2599 507 2655 nt
521 2592 573 2655 die
588 2590 756 2655 Dominioo
772 2614 844 2657 oum
857 2592 1036 2677 gratiarum
1056 2594 1183 2659 actione
1202 2593 1244 2658 ad
1259 2612 1374 2676 panem

326 2720 486 2764 exeamus.
531 2701 581 2764 Et
605 2722 775 2784 paraseeve
799 2701 1013 2787 superpositio
1038 2702 1108 2779 fiat,
1134 2725 1174 2767 ne
1200 2702 1275 2787 quid
1301 2721 1375 2766 oum

327 2807 449 2872 Judaeis
468 2807 639 2872 sabbatum
659 2810 827 2875 observare
845 2810 1018 2888 videamur,
1034 2812 1118 2897 quod
1140 2810 1208 2897 ipse
1227 2811 1375 2877 dominus

280 2916 453 2981 sosabbati
468 2916 614 2982 Christus
631 2940 689 3003 per
708 2920 881 3005 prophetas
900 2942 976 2984 suos
995 2919 1108 2985 fodere
1126 2921 1264 2986 animum
1283 2941 1374 2986 suam

326 3026 403 3091 dioit
414 3054 423 3100 3
447 3027 531 3112 quod
551 3026 688 3092 sabbato
708 3028 779 3110 (lor.
795 3029 978 3107 sabbatum,
999 3030 1141 3108 Walkor.)
1163 3051 1296 3114 eorpore
1315 3050 1374 3093 suo

325 3134 475 3201 resolvit:
497 3137 585 3222 prius
607 3146 725 3214 autem,
741 3160 813 3202 oum
832 3139 900 3223 ipse
922 3139 1029 3224 Moysi
1044 3139 1243 3223 praeoiperet,
1258 3159 1299 3201 ne
1313 3137 1373 3201 eir-

326 3247 475 3311 eumeisio
497 3248 581 3311 diem
603 3255 751 3310 octavum
774 3249 965 3333 praeteriret,
981 3269 1052 3332 quae
1075 3249 1126 3311 die
1148 3247 1283 3311 sabbato
1300 3247 1372 3328 (lor.

326 3355 464 3433 sabbati,
478 3365 513 3419 ut
534 3355 579 3424 bis
601 3355 705 3438 iufra)
725 3356 910 3440 plerumque
931 3356 1074 3434 incurrit,
1096 3356 1205 3420 ssiout
1226 3355 1260 3418 in
1282 3376 1375 3419 evan-

279 3483 314 3542 25
325 3465 408 3550 gelio
435 3463 589 3548 seriptum
618 3462 759 3547 legimus.
810 3463 970 3548 hMoyses
997 3465 1071 3546 (lor.
1098 3465 1231 3549 Moyses
1261 3471 1372 3549 porro)

325 3571 520 3658 prospiciens
539 3571 691 3636 duritiam
710 3570 819 3658 populi
837 3570 929 3649 illius,
944 3570 1063 3636 ideireo
1077 3572 1129 3637 die
1148 3572 1276 3637 sabbati
1290 3572 1374 3658 lege-

325 3681 438 3746 bamus
465 3683 515 3747 *et
539 3682 677 3768 seipsum
702 3680 860 3746 oruoilixit
884 3680 957 3754 (for.
980 3681 1108 3747 levabat
1129 3703 1252 3760 manus,
1272 3688 1307 3748 et
1329 3681 1374 3747 sio

325 3790 428 3876 ipsum
442 3791 526 3856 eruci
541 3790 638 3874 fixit).
680 3791 754 3857 ΙΙΕι
769 3792 881 3878 proelio
897 3813 968 3878 quae
985 3791 1059 3875 (lor.
1075 3793 1316 3878 quaerebantur)
1332 3792 1375 3858 ab

325 3900 489 3985 allophylis
504 3902 652 3978 sabbato,
663 3909 701 3967 ut
715 3911 915 3988 reperentur,
931 3909 965 3967 et
979 3902 1066 3968 velut
1080 3902 1284 3968 severitatem
1298 3902 1372 3984 (lor.

276 4010 509 4088 assaveritate)
530 4010 609 4094 legis
631 4011 672 4074 ad
696 4013 874 4076 devetando
897 4012 971 4094 (lor.
994 4011 1212 4092 devitandam)
1236 4010 1373 4095 discipli·

324 4141 400 4184 nam
413 4120 635 4184 formarentur.

368 4229 413 4293 Et
427 4228 499 4293 ideo
514 4228 619 4295 David
638 4230 671 4293 in
692 4229 821 4293 Psalmo
841 4237 934 4294 sexto
954 4249 1013 4313 pro
1034 4227 1086 4293 die
1106 4234 1220 4292 ootaro
1235 4228 1375 4293 Domino

325 4337 401 4418 (lor.
417 4337 600 4416 Dominum,
618 4337 769 4419 Wolksr.)
791 4337 896 4423 ¹ropot
914 4358 951 4401 as
969 4336 1005 4400 is
1022 4337 1086 4411 ira,
1101 4357 1193 4421 mque
1214 4340 1249 4401 s's
1260 4339 1376 4420 furore

357 4531 546 4594 llai.13,r4.
814 4531 1020 4581 :domiin
1156 4529 1339 4578 *Maenas

357 4613 365 4650 Ι
378 4613 527 4662 Exodxvil.
540 4627 565 4677 9,
577 4625 613 4661 12.
627 4612 713 4661 Colli.
726 4625 762 4672 ¹4.
809 4612 824 4650 k
839 4626 848 4659 ι
861 4611 928 4661 llas.
937 4611 962 4660 ii.
973 4625 1079 4674 31-41.
1157 4611 1218 4658 ll’s.
1228 4611 1259 4658 vi.
1276 4625 1296 4658 ι.

369 4720 435 4761 vos.
452 4721 495 4763 ιιι
818 4715 838 4780 3
855 4719 876 4758 n
