<?xml version="1.0" encoding="UTF-8"?>
<!DOCTYPE html PUBLIC "-//W3C//DTD XHTML 1.0 Transitional//EN"
    "http://www.w3.org/TR/xhtml1/DTD/xhtml1-transitional.dtd">
<html xmlns="http://www.w3.org/1999/xhtml" xml:lang="en" lang="en">
 <head>
  <title>
</title>
<meta http-equiv="Content-Type" content="text/html;charset=utf-8" />
  <meta name='ocr-system' content='tesseract 3.04.00' />
  <meta name='ocr-capabilities' content='ocr_page ocr_carea ocr_par ocr_line ocrx_word'/>
</head>
<body>
  <div class='ocr_page' id='page_1' title='image "./reliquiaesacrae08routgoog_0359.png"; bbox 0 0 3700 5667; ppageno 0'>
   <div class='ocr_carea' id='block_1_1' title="bbox 475 669 1351 734">
    <p class='ocr_par' dir='ltr' id='par_1_1' title="bbox 475 669 1351 734">
     <span class='ocr_line' id='line_1_1' title="bbox 475 669 1351 734; baseline 0.001 -2"><span class='ocrx_word' id='word_1_1' title='bbox 475 671 525 733; x_wconf 94' lang='lat' dir='ltr'>IN</span> <span class='ocrx_word' id='word_1_2' title='bbox 552 671 785 733; x_wconf 86' lang='lat' dir='ltr'>SYNODUM</span> <span class='ocrx_word' id='word_1_3' title='bbox 812 669 1187 732; x_wconf 84' lang='lat' dir='ltr'>ANTIOCHENAM.</span> <span class='ocrx_word' id='word_1_4' title='bbox 1289 673 1351 734; x_wconf 80' lang='lat'>351</span> 
     </span>
    </p>
   </div>
   <div class='ocr_carea' id='block_1_2' title="bbox 309 838 1359 3553">
    <p class='ocr_par' dir='ltr' id='par_1_2' title="bbox 309 838 1357 1834">
     <span class='ocr_line' id='line_1_2' title="bbox 309 838 1353 925; baseline 0.002 -24"><span class='ocrx_word' id='word_1_5' title='bbox 309 839 349 902; x_wconf 91' lang='lat' dir='ltr'>de</span> <span class='ocrx_word' id='word_1_6' title='bbox 367 839 467 901; x_wconf 90' lang='lat' dir='ltr'>Paulo</span> <span class='ocrx_word' id='word_1_7' title='bbox 487 840 534 903; x_wconf 89' lang='lat' dir='ltr'>ait</span> <span class='ocrx_word' id='word_1_8' title='bbox 555 840 745 924; x_wconf 83' lang='lat' dir='ltr'>Ephraemus</span> <span class='ocrx_word' id='word_1_9' title='bbox 766 838 987 902; x_wconf 75' lang='lat' dir='ltr'>Antiochonus</span> <span class='ocrx_word' id='word_1_10' title='bbox 1006 862 1103 923; x_wconf 91' lang='lat' dir='ltr'>supra</span> <span class='ocrx_word' id='word_1_11' title='bbox 1119 862 1190 924; x_wconf 83' lang='lat' dir='ltr'>pag.</span> <span class='ocrx_word' id='word_1_12' title='bbox 1203 858 1277 925; x_wconf 79' lang='lat'>321.</span> <span class='ocrx_word' id='word_1_13' title='bbox 1296 842 1353 904; x_wconf 87' lang='lat' dir='ltr'>ad-</span> 
     </span>
     <span class='ocr_line' id='line_1_3' title="bbox 309 941 1355 1021; baseline 0.004 -20"><span class='ocrx_word' id='word_1_14' title='bbox 309 941 434 1015; x_wconf 77' lang='lat' dir='ltr'>ductae,</span> <span class='ocrx_word' id='word_1_15' title='bbox 458 941 555 1002; x_wconf 83' lang='grc' dir='ltr'>ἆλλον</span> <span class='ocrx_word' id='word_1_16' title='bbox 580 943 635 1018; x_wconf 74' lang='grc' dir='ltr'>μὲν</span> <span class='ocrx_word' id='word_1_17' title='bbox 659 941 712 1003; x_wconf 84' lang='grc' dir='ltr'>τὸν</span> <span class='ocrx_word' id='word_1_18' title='bbox 733 941 789 1020; x_wconf 83' lang='grc' dir='ltr'>πρὸ</span> <span class='ocrx_word' id='word_1_19' title='bbox 813 941 928 1003; x_wconf 79' lang='grc' dir='ltr'>αἰώνων</span> <span class='ocrx_word' id='word_1_20' title='bbox 951 942 1027 1018; x_wconf 83' lang='grc' dir='ltr'>υἱὸν,</span> <span class='ocrx_word' id='word_1_21' title='bbox 1051 943 1153 1021; x_wconf 75' lang='grc' dir='ltr'>ἕτερον</span> <span class='ocrx_word' id='word_1_22' title='bbox 1176 945 1208 1005; x_wconf 80' lang='grc' dir='ltr'>δὲ</span> <span class='ocrx_word' id='word_1_23' title='bbox 1231 943 1284 1006; x_wconf 86' lang='grc' dir='ltr'>τὸν</span> <span class='ocrx_word' id='word_1_24' title='bbox 1307 944 1355 1006; x_wconf 76' lang='grc' dir='ltr'>ἐπὶ</span> 
     </span>
     <span class='ocr_line' id='line_1_4' title="bbox 310 1040 1355 1126; baseline 0.006 -24"><span class='ocrx_word' id='word_1_25' title='bbox 310 1040 447 1121; x_wconf 81' lang='grc' dir='ltr'>ἐσχάτων</span> <span class='ocrx_word' id='word_1_26' title='bbox 470 1047 692 1121; x_wconf 83' lang='grc' dir='ltr'>φρενοβλαβῶς</span> <span class='ocrx_word' id='word_1_27' title='bbox 713 1042 891 1121; x_wconf 77' lang='grc' dir='ltr'>ἐδογμάττζε.</span> <span class='ocrx_word' id='word_1_28' title='bbox 935 1041 973 1102; x_wconf 93' lang='lat' dir='ltr'>ld</span> <span class='ocrx_word' id='word_1_29' title='bbox 988 1063 1063 1104; x_wconf 88' lang='lat' dir='ltr'>vero</span> <span class='ocrx_word' id='word_1_30' title='bbox 1082 1064 1212 1126; x_wconf 87' lang='lat' dir='ltr'>prorsus</span> <span class='ocrx_word' id='word_1_31' title='bbox 1229 1052 1355 1108; x_wconf 87' lang='lat' dir='ltr'>contra-</span> 
     </span>
     <span class='ocr_line' id='line_1_5' title="bbox 309 1140 1356 1222; baseline 0.008 -20"><span class='ocrx_word' id='word_1_32' title='bbox 309 1140 390 1203; x_wconf 90' lang='lat' dir='ltr'>rium</span> <span class='ocrx_word' id='word_1_33' title='bbox 411 1151 461 1204; x_wconf 89' lang='lat' dir='ltr'>est</span> <span class='ocrx_word' id='word_1_34' title='bbox 482 1141 556 1204; x_wconf 86' lang='lat' dir='ltr'>huic</span> <span class='ocrx_word' id='word_1_35' title='bbox 578 1141 673 1218; x_wconf 84' lang='lat' dir='ltr'>dict0‚</span> <span class='ocrx_word' id='word_1_36' title='bbox 691 1144 741 1204; x_wconf 83' lang='grc' dir='ltr'>καί</span> <span class='ocrx_word' id='word_1_37' title='bbox 758 1168 804 1204; x_wconf 86' lang='grc' dir='ltr'>τοι</span> <span class='ocrx_word' id='word_1_38' title='bbox 826 1144 920 1222; x_wconf 82' lang='grc' dir='ltr'>φησὶν</span> <span class='ocrx_word' id='word_1_39' title='bbox 939 1142 979 1220; x_wconf 77' lang='grc' dir='ltr'>μὴ</span> <span class='ocrx_word' id='word_1_40' title='bbox 999 1145 1050 1206; x_wconf 82' lang='grc' dir='ltr'>δύο</span> <span class='ocrx_word' id='word_1_41' title='bbox 1070 1146 1249 1207; x_wconf 69' lang='grc' dir='ltr'>ἐπίστασθαι</span> <span class='ocrx_word' id='word_1_42' title='bbox 1266 1146 1356 1220; x_wconf 82' lang='grc' dir='ltr'>υἱοὺς,</span> 
     </span>
     <span class='ocr_line' id='line_1_6' title="bbox 310 1241 1357 1325; baseline 0.007 -22"><span class='ocrx_word' id='word_1_43' title='bbox 310 1250 343 1303; x_wconf 87' lang='lat' dir='ltr'>et</span> <span class='ocrx_word' id='word_1_44' title='bbox 373 1241 557 1325; x_wconf 78' lang='lat' dir='ltr'><strong>professioni</strong></span> <span class='ocrx_word' id='word_1_45' title='bbox 587 1242 713 1324; x_wconf 91' lang='lat' dir='ltr'>quidem</span> <span class='ocrx_word' id='word_1_46' title='bbox 744 1243 887 1306; x_wconf 85' lang='lat' dir='ltr'>Pauliuae</span> <span class='ocrx_word' id='word_1_47' title='bbox 917 1243 1119 1306; x_wconf 81' lang='lat' dir='ltr'>adversatur.</span> <span class='ocrx_word' id='word_1_48' title='bbox 1165 1246 1217 1307; x_wconf 90' lang='lat' dir='ltr'>Ac</span> <span class='ocrx_word' id='word_1_49' title='bbox 1247 1268 1357 1310; x_wconf 86' lang='lat' dir='ltr'>revera</span> 
     </span>
     <span class='ocr_line' id='line_1_7' title="bbox 312 1342 1356 1430; baseline 0.005 -26"><span class='ocrx_word' id='word_1_50' title='bbox 312 1342 440 1419; x_wconf 88' lang='lat' dir='ltr'>Paulus,</span> <span class='ocrx_word' id='word_1_51' title='bbox 464 1343 516 1425; x_wconf 90' lang='lat' dir='ltr'>qui</span> <span class='ocrx_word' id='word_1_52' title='bbox 542 1343 685 1406; x_wconf 83' lang='lat' dir='ltr'><strong>Verbum</strong></span> <span class='ocrx_word' id='word_1_53' title='bbox 712 1343 773 1407; x_wconf 88' lang='lat' dir='ltr'>Dei</span> <span class='ocrx_word' id='word_1_54' title='bbox 800 1366 901 1428; x_wconf 90' lang='lat' dir='ltr'>neque</span> <span class='ocrx_word' id='word_1_55' title='bbox 928 1345 1172 1416; x_wconf 87' lang='lat' dir='ltr'>substantivum,</span> <span class='ocrx_word' id='word_1_56' title='bbox 1200 1369 1258 1410; x_wconf 89' lang='lat' dir='ltr'>nec</span> <span class='ocrx_word' id='word_1_57' title='bbox 1285 1369 1356 1430; x_wconf 91' lang='lat' dir='ltr'>per-</span> 
     </span>
     <span class='ocr_line' id='line_1_8' title="bbox 311 1445 1356 1530; baseline 0.005 -24"><span class='ocrx_word' id='word_1_58' title='bbox 311 1445 429 1517; x_wconf 87' lang='lat' dir='ltr'>sonale,</span> <span class='ocrx_word' id='word_1_59' title='bbox 454 1466 523 1507; x_wconf 89' lang='lat' dir='ltr'>esse</span> <span class='ocrx_word' id='word_1_60' title='bbox 549 1446 710 1507; x_wconf 84' lang='lat' dir='ltr'>consessus</span> <span class='ocrx_word' id='word_1_61' title='bbox 735 1454 794 1520; x_wconf 87' lang='lat' dir='ltr'>est,</span> <span class='ocrx_word' id='word_1_62' title='bbox 819 1446 894 1508; x_wconf 86' lang='lat' dir='ltr'>illud</span> <span class='ocrx_word' id='word_1_63' title='bbox 921 1446 1048 1530; x_wconf 90' lang='lat' dir='ltr'>quidem</span> <span class='ocrx_word' id='word_1_64' title='bbox 1075 1448 1213 1509; x_wconf 83' lang='lat' dir='ltr'>Verbum</span> <span class='ocrx_word' id='word_1_65' title='bbox 1239 1448 1356 1511; x_wconf 90' lang='lat' dir='ltr'>Filium</span> 
     </span>
     <span class='ocr_line' id='line_1_9' title="bbox 313 1545 1356 1620; baseline 0.005 -14"><span class='ocrx_word' id='word_1_66' title='bbox 313 1545 373 1607; x_wconf 91' lang='lat' dir='ltr'>Dei</span> <span class='ocrx_word' id='word_1_67' title='bbox 400 1567 467 1608; x_wconf 88' lang='lat' dir='ltr'>esso</span> <span class='ocrx_word' id='word_1_68' title='bbox 494 1568 556 1607; x_wconf 91' lang='lat' dir='ltr'>non</span> <span class='ocrx_word' id='word_1_69' title='bbox 583 1547 729 1620; x_wconf 84' lang='lat' dir='ltr'>docebat,</span> <span class='ocrx_word' id='word_1_70' title='bbox 758 1549 815 1609; x_wconf 86' lang='lat' dir='ltr'>sed</span> <span class='ocrx_word' id='word_1_71' title='bbox 841 1555 970 1610; x_wconf 91' lang='lat' dir='ltr'>tantum</span> <span class='ocrx_word' id='word_1_72' title='bbox 999 1547 1165 1610; x_wconf 72' lang='lat' dir='ltr'>statuebat</span> <span class='ocrx_word' id='word_1_73' title='bbox 1191 1547 1356 1612; x_wconf 82' lang='lat' dir='ltr'>Christum</span> 
     </span>
     <span class='ocr_line' id='line_1_10' title="bbox 314 1646 1356 1733; baseline 0.005 -26"><span class='ocrx_word' id='word_1_74' title='bbox 314 1646 427 1708; x_wconf 88' lang='lat' dir='ltr'>Filium</span> <span class='ocrx_word' id='word_1_75' title='bbox 450 1647 511 1710; x_wconf 90' lang='lat' dir='ltr'>Dei</span> <span class='ocrx_word' id='word_1_76' title='bbox 534 1671 610 1724; x_wconf 90' lang='lat' dir='ltr'>esse,</span> <span class='ocrx_word' id='word_1_77' title='bbox 627 1649 697 1733; x_wconf 89' lang='lat' dir='ltr'>jam</span> <span class='ocrx_word' id='word_1_78' title='bbox 720 1651 839 1712; x_wconf 88' lang='lat' dir='ltr'>lactum</span> <span class='ocrx_word' id='word_1_79' title='bbox 863 1648 975 1724; x_wconf 85' lang='lat' dir='ltr'>Verbi,</span> <span class='ocrx_word' id='word_1_80' title='bbox 997 1670 1054 1711; x_wconf 89' lang='lat' dir='ltr'>uec</span> <span class='ocrx_word' id='word_1_81' title='bbox 1077 1656 1185 1711; x_wconf 88' lang='lat' dir='ltr'>tamon</span> <span class='ocrx_word' id='word_1_82' title='bbox 1210 1650 1356 1714; x_wconf 89' lang='lat' dir='ltr'>substan-</span> 
     </span>
     <span class='ocr_line' id='line_1_11' title="bbox 313 1748 656 1834; baseline 0.003 -23"><span class='ocrx_word' id='word_1_83' title='bbox 313 1748 441 1820; x_wconf 86' lang='lat' dir='ltr'>tialiter,</span> <span class='ocrx_word' id='word_1_84' title='bbox 459 1749 656 1834; x_wconf 86' lang='lat' dir='ltr'>participem.</span> 
     </span>
    </p>

    <p class='ocr_par' dir='ltr' id='par_1_3' title="bbox 312 1850 1358 2539">
     <span class='ocr_line' id='line_1_12' title="bbox 356 1850 1357 1938; baseline 0.005 -28"><span class='ocrx_word' id='word_1_85' title='bbox 356 1850 393 1910; x_wconf 93' lang='lat' dir='ltr'>P.</span> <span class='ocrx_word' id='word_1_86' title='bbox 413 1868 487 1932; x_wconf 83' lang='lat'><strong>312·</strong></span> <span class='ocrx_word' id='word_1_87' title='bbox 510 1850 531 1911; x_wconf 92' lang='lat' dir='ltr'>l.</span> <span class='ocrx_word' id='word_1_88' title='bbox 553 1869 581 1930; x_wconf 88' lang='lat'>7.</span> <span class='ocrx_word' id='word_1_89' title='bbox 613 1851 666 1928; x_wconf 78' lang='grc' dir='ltr'>τὴν</span> <span class='ocrx_word' id='word_1_90' title='bbox 696 1853 728 1912; x_wconf 79' lang='grc' dir='ltr'>δὲ</span> <span class='ocrx_word' id='word_1_91' title='bbox 758 1850 941 1938; x_wconf 66' lang='lat' dir='ltr'>malacae]</span> <span class='ocrx_word' id='word_1_92' title='bbox 975 1850 1219 1914; x_wconf 85' lang='lat' dir='ltr'>Humanitatem</span> <span class='ocrx_word' id='word_1_93' title='bbox 1249 1852 1357 1916; x_wconf 88' lang='lat' dir='ltr'>aiebat</span> 
     </span>
     <span class='ocr_line' id='line_1_13' title="bbox 314 1950 1358 2036; baseline 0.002 -24"><span class='ocrx_word' id='word_1_94' title='bbox 314 1950 432 2013; x_wconf 91' lang='lat' dir='ltr'>Paulus</span> <span class='ocrx_word' id='word_1_95' title='bbox 454 1951 577 2014; x_wconf 90' lang='lat' dir='ltr'>unitam</span> <span class='ocrx_word' id='word_1_96' title='bbox 598 1974 666 2015; x_wconf 90' lang='lat' dir='ltr'>esse</span> <span class='ocrx_word' id='word_1_97' title='bbox 686 1974 757 2015; x_wconf 89' lang='lat' dir='ltr'>cum</span> <span class='ocrx_word' id='word_1_98' title='bbox 779 1951 945 2036; x_wconf 83' lang='lat' dir='ltr'>sapientia,</span> <span class='ocrx_word' id='word_1_99' title='bbox 962 1953 1044 2015; x_wconf 89' lang='lat' dir='ltr'>sicut</span> <span class='ocrx_word' id='word_1_100' title='bbox 1064 1952 1229 2036; x_wconf 83' lang='lat' dir='ltr'>disciplina</span> <span class='ocrx_word' id='word_1_101' title='bbox 1249 1953 1358 2017; x_wconf 86' lang='lat' dir='ltr'>unitur</span> 
     </span>
     <span class='ocr_line' id='line_1_14' title="bbox 312 2052 1358 2137; baseline 0.003 -22"><span class='ocrx_word' id='word_1_102' title='bbox 312 2075 383 2115; x_wconf 91' lang='lat' dir='ltr'>cum</span> <span class='ocrx_word' id='word_1_103' title='bbox 403 2053 544 2115; x_wconf 82' lang='lat' dir='ltr'>discente</span> <span class='ocrx_word' id='word_1_104' title='bbox 563 2075 619 2136; x_wconf 88' lang='lat' dir='ltr'>por</span> <span class='ocrx_word' id='word_1_105' title='bbox 634 2052 919 2137; x_wconf 88' lang='lat' dir='ltr'>participationem.</span> <span class='ocrx_word' id='word_1_106' title='bbox 945 2053 989 2117; x_wconf 89' lang='lat' dir='ltr'>H.</span> <span class='ocrx_word' id='word_1_107' title='bbox 1005 2053 1161 2117; x_wconf 77' lang='lat' dir='ltr'>mesms.</span> <span class='ocrx_word' id='word_1_108' title='bbox 1206 2054 1358 2118; x_wconf 87' lang='lat' dir='ltr'>Similiter</span> 
     </span>
     <span class='ocr_line' id='line_1_15' title="bbox 312 2153 1358 2238; baseline 0.004 -24"><span class='ocrx_word' id='word_1_109' title='bbox 312 2153 351 2215; x_wconf 89' lang='lat' dir='ltr'>de</span> <span class='ocrx_word' id='word_1_110' title='bbox 375 2153 533 2217; x_wconf 90' lang='lat' dir='ltr'>Ebionitis</span> <span class='ocrx_word' id='word_1_111' title='bbox 556 2154 765 2238; x_wconf 85' lang='lat' dir='ltr'>Epiphanius,</span> <span class='ocrx_word' id='word_1_112' title='bbox 781 2154 833 2217; x_wconf 82' lang='grc' dir='ltr'>τὸν</span> <span class='ocrx_word' id='word_1_113' title='bbox 854 2158 886 2217; x_wconf 78' lang='grc' dir='ltr'>δὲ</span> <span class='ocrx_word' id='word_1_114' title='bbox 908 2155 1041 2234; x_wconf 82' lang='grc' dir='ltr'>Χριστὸν</span> <span class='ocrx_word' id='word_1_115' title='bbox 1059 2154 1214 2235; x_wconf 76' lang='grc' dir='ltr'>προφήτην</span> <span class='ocrx_word' id='word_1_116' title='bbox 1232 2155 1358 2236; x_wconf 82' lang='grc' dir='ltr'>λέγουσι</span> 
     </span>
     <span class='ocr_line' id='line_1_16' title="bbox 313 2254 1358 2334; baseline 0.001 -16"><span class='ocrx_word' id='word_1_117' title='bbox 313 2257 361 2330; x_wconf 74' lang='grc' dir='ltr'>τῆς</span> <span class='ocrx_word' id='word_1_118' title='bbox 377 2254 528 2331; x_wconf 80' lang='grc' dir='ltr'>ἀληθείας,</span> <span class='ocrx_word' id='word_1_119' title='bbox 546 2257 593 2316; x_wconf 82' lang='grc' dir='ltr'>καὶ</span> <span class='ocrx_word' id='word_1_120' title='bbox 614 2255 746 2333; x_wconf 85' lang='grc' dir='ltr'>Χριστὸν</span> <span class='ocrx_word' id='word_1_121' title='bbox 764 2255 829 2317; x_wconf 85' lang='grc' dir='ltr'>υἱὸν</span> <span class='ocrx_word' id='word_1_122' title='bbox 849 2260 932 2318; x_wconf 81' lang='grc' dir='ltr'>Θεοῦ</span> <span class='ocrx_word' id='word_1_123' title='bbox 950 2259 1023 2318; x_wconf 82' lang='grc' dir='ltr'>κατὰ</span> <span class='ocrx_word' id='word_1_124' title='bbox 1042 2255 1203 2334; x_wconf 77' lang='grc' dir='ltr'>προκοπὴν,</span> <span class='ocrx_word' id='word_1_125' title='bbox 1221 2257 1269 2318; x_wconf 86' lang='grc' dir='ltr'>καὶ</span> <span class='ocrx_word' id='word_1_126' title='bbox 1284 2260 1358 2319; x_wconf 78' lang='grc' dir='ltr'>κατὰ</span> 
     </span>
     <span class='ocr_line' id='line_1_17' title="bbox 312 2355 1356 2436; baseline -0.002 -18"><span class='ocrx_word' id='word_1_127' title='bbox 312 2355 479 2436; x_wconf 82' lang='grc' dir='ltr'>σννάφειαν</span> <span class='ocrx_word' id='word_1_128' title='bbox 512 2357 668 2436; x_wconf 79' lang='grc' dir='ltr'>ἀναγωγῆς</span> <span class='ocrx_word' id='word_1_129' title='bbox 696 2360 747 2433; x_wconf 78' lang='grc' dir='ltr'>τῆς</span> <span class='ocrx_word' id='word_1_130' title='bbox 780 2357 895 2419; x_wconf 80' lang='grc' dir='ltr'>ἄνωθεν</span> <span class='ocrx_word' id='word_1_131' title='bbox 924 2357 998 2435; x_wconf 83' lang='grc' dir='ltr'>πρὸς</span> <span class='ocrx_word' id='word_1_132' title='bbox 1030 2355 1119 2416; x_wconf 83' lang='grc' dir='ltr'>αὐτὸν</span> <span class='ocrx_word' id='word_1_133' title='bbox 1148 2356 1356 2436; x_wconf 71' lang='grc' dir='ltr'>γεγενημένης.</span> 
     </span>
     <span class='ocr_line' id='line_1_18' title="bbox 313 2456 997 2539; baseline 0 -21"><span class='ocrx_word' id='word_1_134' title='bbox 313 2457 430 2519; x_wconf 81' lang='lat' dir='ltr'>Hoercs.</span> <span class='ocrx_word' id='word_1_135' title='bbox 447 2478 520 2519; x_wconf 89' lang='lat' dir='ltr'>xxx.</span> <span class='ocrx_word' id='word_1_136' title='bbox 537 2478 621 2518; x_wconf 92' lang='lat' dir='ltr'>num.</span> <span class='ocrx_word' id='word_1_137' title='bbox 637 2459 686 2518; x_wconf 86' lang='lat'>18.</span> <span class='ocrx_word' id='word_1_138' title='bbox 710 2456 828 2519; x_wconf 83' lang='lat' dir='ltr'>Confer</span> <span class='ocrx_word' id='word_1_139' title='bbox 843 2479 926 2519; x_wconf 89' lang='lat' dir='ltr'>num.</span> <span class='ocrx_word' id='word_1_140' title='bbox 944 2476 997 2539; x_wconf 85' lang='lat'>34.</span> 
     </span>
    </p>

    <p class='ocr_par' dir='ltr' id='par_1_4' title="bbox 313 2557 1358 2823">
     <span class='ocr_line' id='line_1_19' title="bbox 356 2557 1358 2642; baseline 0.001 -23"><span class='ocrx_word' id='word_1_141' title='bbox 356 2558 437 2620; x_wconf 92' lang='lat' dir='ltr'>lbid.</span> <span class='ocrx_word' id='word_1_142' title='bbox 454 2557 531 2641; x_wconf 76' lang='grc' dir='ltr'>νόει]</span> <span class='ocrx_word' id='word_1_143' title='bbox 549 2557 602 2620; x_wconf 89' lang='lat' dir='ltr'>Ita</span> <span class='ocrx_word' id='word_1_144' title='bbox 622 2557 720 2621; x_wconf 69' lang='lat' dir='ltr'>Codes</span> <span class='ocrx_word' id='word_1_145' title='bbox 736 2557 824 2620; x_wconf 80' lang='lat' dir='ltr'>Bodl.</span> <span class='ocrx_word' id='word_1_146' title='bbox 843 2567 876 2620; x_wconf 91' lang='lat' dir='ltr'>et</span> <span class='ocrx_word' id='word_1_147' title='bbox 896 2558 1053 2639; x_wconf 79' lang='lat' dir='ltr'>Interpres</span> <span class='ocrx_word' id='word_1_148' title='bbox 1072 2559 1214 2632; x_wconf 79' lang='lat' dir='ltr'>Latinae,</span> <span class='ocrx_word' id='word_1_149' title='bbox 1230 2558 1283 2642; x_wconf 90' lang='lat' dir='ltr'>qui</span> <span class='ocrx_word' id='word_1_150' title='bbox 1304 2558 1358 2621; x_wconf 90' lang='lat' dir='ltr'>ha-</span> 
     </span>
     <span class='ocr_line' id='line_1_20' title="bbox 313 2659 1358 2743; baseline 0 -22"><span class='ocrx_word' id='word_1_151' title='bbox 313 2661 375 2736; x_wconf 87' lang='lat' dir='ltr'>bot,</span> <span class='ocrx_word' id='word_1_152' title='bbox 390 2659 534 2743; x_wconf 71' lang='grc' dir='ltr'>τ’τινοῑθρο,</span> <span class='ocrx_word' id='word_1_153' title='bbox 549 2661 604 2722; x_wconf 86' lang='lat' dir='ltr'>sed</span> <span class='ocrx_word' id='word_1_154' title='bbox 620 2660 755 2723; x_wconf 88' lang='lat' dir='ltr'>lortasse</span> <span class='ocrx_word' id='word_1_155' title='bbox 775 2659 976 2721; x_wconf 86' lang='lat' dir='ltr'>scribendum</span> <span class='ocrx_word' id='word_1_156' title='bbox 991 2669 1041 2723; x_wconf 89' lang='lat' dir='ltr'>est</span> <span class='ocrx_word' id='word_1_157' title='bbox 1057 2667 1132 2737; x_wconf 80' lang='grc' dir='ltr'>νοεῖ,</span> <span class='ocrx_word' id='word_1_158' title='bbox 1149 2660 1240 2724; x_wconf 83' lang='lat' dir='ltr'>atde</span> <span class='ocrx_word' id='word_1_159' title='bbox 1257 2659 1358 2722; x_wconf 91' lang='lat' dir='ltr'>Paulo</span> 
     </span>
     <span class='ocr_line' id='line_1_21' title="bbox 313 2760 520 2823; baseline -0.01 0"><span class='ocrx_word' id='word_1_160' title='bbox 313 2761 371 2823; x_wconf 91' lang='lat' dir='ltr'>hoc</span> <span class='ocrx_word' id='word_1_161' title='bbox 387 2760 520 2823; x_wconf 91' lang='lat' dir='ltr'>dicatur.</span> 
     </span>
    </p>

    <p class='ocr_par' dir='ltr' id='par_1_5' title="bbox 313 2861 1358 3046">
     <span class='ocr_line' id='line_1_22' title="bbox 357 2861 1358 2945; baseline 0.003 -22"><span class='ocrx_word' id='word_1_162' title='bbox 357 2861 438 2925; x_wconf 92' lang='lat' dir='ltr'>Ibid.</span> <span class='ocrx_word' id='word_1_163' title='bbox 461 2861 480 2925; x_wconf 90' lang='lat' dir='ltr'>l.</span> <span class='ocrx_word' id='word_1_164' title='bbox 501 2880 550 2924; x_wconf 79' lang='grc' dir='ltr'>ιο.</span> <span class='ocrx_word' id='word_1_165' title='bbox 574 2877 621 2929; x_wconf 76' lang='grc' dir='ltr'>Καὶ</span> <span class='ocrx_word' id='word_1_166' title='bbox 638 2873 693 2942; x_wconf 75' lang='grc' dir='ltr'>μεθ’</span> <span class='ocrx_word' id='word_1_167' title='bbox 712 2864 809 2945; x_wconf 69' lang='grc' dir='ltr'>ἔτερα]</span> <span class='ocrx_word' id='word_1_168' title='bbox 837 2862 989 2926; x_wconf 87' lang='lat' dir='ltr'>Fortasse</span> <span class='ocrx_word' id='word_1_169' title='bbox 1013 2865 1073 2928; x_wconf 92' lang='lat' dir='ltr'>hoo</span> <span class='ocrx_word' id='word_1_170' title='bbox 1095 2865 1206 2928; x_wconf 90' lang='lat' dir='ltr'>itidem</span> <span class='ocrx_word' id='word_1_171' title='bbox 1231 2863 1358 2927; x_wconf 87' lang='lat' dir='ltr'>Leontii</span> 
     </span>
     <span class='ocr_line' id='line_1_23' title="bbox 313 2962 963 3046; baseline 0.003 -22"><span class='ocrx_word' id='word_1_172' title='bbox 313 2970 362 3025; x_wconf 87' lang='lat' dir='ltr'>est</span> <span class='ocrx_word' id='word_1_173' title='bbox 377 2962 583 3046; x_wconf 79' lang='lat' dir='ltr'>excerptoris,</span> <span class='ocrx_word' id='word_1_174' title='bbox 599 2983 662 3023; x_wconf 90' lang='lat' dir='ltr'>non</span> <span class='ocrx_word' id='word_1_175' title='bbox 679 2971 806 3044; x_wconf 89' lang='lat' dir='ltr'>patrum</span> <span class='ocrx_word' id='word_1_176' title='bbox 823 2963 963 3028; x_wconf 89' lang='lat' dir='ltr'>Concilii.</span> 
     </span>
    </p>

    <p class='ocr_par' dir='ltr' id='par_1_6' title="bbox 313 3058 1359 3553">
     <span class='ocr_line' id='line_1_24' title="bbox 359 3058 1359 3149; baseline 0.004 -25"><span class='ocrx_word' id='word_1_177' title='bbox 359 3063 440 3126; x_wconf 88' lang='lat' dir='ltr'>lbid.</span> <span class='ocrx_word' id='word_1_178' title='bbox 456 3063 476 3127; x_wconf 90' lang='lat' dir='ltr'>l.</span> <span class='ocrx_word' id='word_1_179' title='bbox 498 3082 543 3125; x_wconf 78' lang='grc' dir='ltr'>ιι.</span> <span class='ocrx_word' id='word_1_180' title='bbox 565 3058 645 3126; x_wconf 70' lang='grc' dir='ltr'>Οὔτε</span> <span class='ocrx_word' id='word_1_181' title='bbox 666 3065 697 3125; x_wconf 80' lang='grc' dir='ltr'>δὲ</span> <span class='ocrx_word' id='word_1_182' title='bbox 717 3070 774 3126; x_wconf 82' lang='grc' dir='ltr'>τῶν</span> <span class='ocrx_word' id='word_1_183' title='bbox 795 3067 988 3144; x_wconf 78' lang='grc' dir='ltr'>ἀνθρωπίνων</span> <span class='ocrx_word' id='word_1_184' title='bbox 1010 3066 1235 3149; x_wconf 72' lang='grc' dir='ltr'>προηγουμένως</span> <span class='ocrx_word' id='word_1_185' title='bbox 1256 3071 1359 3129; x_wconf 80' lang='grc' dir='ltr'>παθῶν</span> 
     </span>
     <span class='ocr_line' id='line_1_25' title="bbox 313 3164 1359 3250; baseline 0.001 -24"><span class='ocrx_word' id='word_1_186' title='bbox 313 3164 382 3248; x_wconf 74' lang='lat' dir='ltr'>&amp;cl</span> <span class='ocrx_word' id='word_1_187' title='bbox 399 3164 521 3228; x_wconf 88' lang='lat' dir='ltr'>Statuit</span> <span class='ocrx_word' id='word_1_188' title='bbox 541 3173 638 3248; x_wconf 93' lang='lat' dir='ltr'>atquo</span> <span class='ocrx_word' id='word_1_189' title='bbox 659 3165 764 3228; x_wconf 88' lang='lat' dir='ltr'>firmat</span> <span class='ocrx_word' id='word_1_190' title='bbox 780 3165 847 3228; x_wconf 79' lang='lat' dir='ltr'>hae</span> <span class='ocrx_word' id='word_1_191' title='bbox 866 3168 951 3246; x_wconf 79' lang='grc' dir='ltr'>ῥῆσις</span> <span class='ocrx_word' id='word_1_192' title='bbox 971 3166 1101 3249; x_wconf 86' lang='lat' dir='ltr'>insignis</span> <span class='ocrx_word' id='word_1_193' title='bbox 1121 3167 1237 3250; x_wconf 83' lang='lat' dir='ltr'>dogma</span> <span class='ocrx_word' id='word_1_194' title='bbox 1253 3165 1339 3229; x_wconf 87' lang='lat' dir='ltr'>istud</span> <span class='ocrx_word' id='word_1_195' title='bbox 1350 3190 1359 3240; x_wconf 90' lang='lat'>;</span> 
     </span>
     <span class='ocr_line' id='line_1_26' title="bbox 313 3266 1358 3350; baseline -0.002 -21"><span class='ocrx_word' id='word_1_196' title='bbox 313 3267 450 3329; x_wconf 89' lang='lat' dir='ltr'>existere</span> <span class='ocrx_word' id='word_1_197' title='bbox 480 3266 796 3329; x_wconf 89' lang='lat' dir='ltr'>communicationem</span> <span class='ocrx_word' id='word_1_198' title='bbox 823 3266 1064 3350; x_wconf 85' lang='lat' dir='ltr'>proprietatum,</span> <span class='ocrx_word' id='word_1_199' title='bbox 1091 3289 1145 3329; x_wconf 89' lang='lat' dir='ltr'>seu</span> <span class='ocrx_word' id='word_1_200' title='bbox 1172 3266 1358 3329; x_wconf 90' lang='lat' dir='ltr'>idiomatum</span> 
     </span>
     <span class='ocr_line' id='line_1_27' title="bbox 313 3365 1359 3449; baseline -0.001 -20"><span class='ocrx_word' id='word_1_201' title='bbox 313 3367 477 3449; x_wconf 90' lang='lat' dir='ltr'>utriusque</span> <span class='ocrx_word' id='word_1_202' title='bbox 500 3375 623 3429; x_wconf 76' lang='lat' dir='ltr'>naturae</span> <span class='ocrx_word' id='word_1_203' title='bbox 646 3365 775 3441; x_wconf 83' lang='lat' dir='ltr'>Christi,</span> <span class='ocrx_word' id='word_1_204' title='bbox 791 3389 924 3448; x_wconf 88' lang='lat' dir='ltr'>quarum</span> <span class='ocrx_word' id='word_1_205' title='bbox 948 3367 1104 3429; x_wconf 86' lang='lat' dir='ltr'>nonnullae</span> <span class='ocrx_word' id='word_1_206' title='bbox 1126 3368 1167 3429; x_wconf 94' lang='lat' dir='ltr'>ad</span> <span class='ocrx_word' id='word_1_207' title='bbox 1188 3368 1359 3430; x_wconf 90' lang='lat' dir='ltr'>humanam</span> 
     </span>
     <span class='ocr_line' id='line_1_28' title="bbox 314 3468 1358 3553; baseline 0.001 -24"><span class='ocrx_word' id='word_1_208' title='bbox 314 3477 462 3531; x_wconf 86' lang='lat' dir='ltr'>naturam</span> <span class='ocrx_word' id='word_1_209' title='bbox 478 3490 570 3531; x_wconf 91' lang='lat' dir='ltr'>sensu</span> <span class='ocrx_word' id='word_1_210' title='bbox 583 3468 732 3551; x_wconf 90' lang='lat' dir='ltr'>primario</span> <span class='ocrx_word' id='word_1_211' title='bbox 745 3491 783 3532; x_wconf 87' lang='lat' dir='ltr'>ac</span> <span class='ocrx_word' id='word_1_212' title='bbox 795 3469 953 3553; x_wconf 86' lang='lat' dir='ltr'>praecipuo</span> <span class='ocrx_word' id='word_1_213' title='bbox 966 3469 1157 3552; x_wconf 84' lang='lat' dir='ltr'>pertineant,</span> <span class='ocrx_word' id='word_1_214' title='bbox 1170 3469 1239 3532; x_wconf 85' lang='lat' dir='ltr'>aliae</span> <span class='ocrx_word' id='word_1_215' title='bbox 1251 3477 1358 3532; x_wconf 89' lang='lat' dir='ltr'>autem</span> 
     </span>
    </p>
   </div>
   <div class='ocr_carea' id='block_1_3' title="bbox 314 3568 1462 3653">
    <p class='ocr_par' dir='ltr' id='par_1_7' title="bbox 314 3568 1462 3653">
     <span class='ocr_line' id='line_1_29' title="bbox 314 3568 1462 3653; baseline -0.002 -20"><span class='ocrx_word' id='word_1_216' title='bbox 314 3571 423 3633; x_wconf 85' lang='lat' dir='ltr'>eodem</span> <span class='ocrx_word' id='word_1_217' title='bbox 448 3591 540 3632; x_wconf 88' lang='lat' dir='ltr'>sensu</span> <span class='ocrx_word' id='word_1_218' title='bbox 565 3570 606 3631; x_wconf 86' lang='lat' dir='ltr'>ad</span> <span class='ocrx_word' id='word_1_219' title='bbox 632 3568 789 3639; x_wconf 85' lang='lat' dir='ltr'>divinam;</span> <span class='ocrx_word' id='word_1_220' title='bbox 824 3569 955 3653; x_wconf 87' lang='lat' dir='ltr'>singulae</span> <span class='ocrx_word' id='word_1_221' title='bbox 980 3590 1053 3632; x_wconf 88' lang='lat' dir='ltr'>vero</span> <span class='ocrx_word' id='word_1_222' title='bbox 1080 3569 1293 3653; x_wconf 85' lang='lat' dir='ltr'>proprietatos</span> <span class='ocrx_word' id='word_1_223' title='bbox 1319 3570 1359 3632; x_wconf 90' lang='lat' dir='ltr'>de</span> <span class='ocrx_word' id='word_1_224' title='bbox 1459 3576 1462 3586; x_wconf 94' lang='lat'>&#39;</span> 
     </span>
    </p>
   </div>
   <div class='ocr_carea' id='block_1_4' title="bbox 314 3670 1362 4665">
    <p class='ocr_par' dir='ltr' id='par_1_8' title="bbox 314 3670 1361 4463">
     <span class='ocr_line' id='line_1_30' title="bbox 314 3670 1360 3755; baseline 0 -22"><span class='ocrx_word' id='word_1_225' title='bbox 314 3680 449 3755; x_wconf 87' lang='lat' dir='ltr'>utraque</span> <span class='ocrx_word' id='word_1_226' title='bbox 468 3679 582 3733; x_wconf 84' lang='lat' dir='ltr'>natura</span> <span class='ocrx_word' id='word_1_227' title='bbox 596 3670 807 3751; x_wconf 84' lang='lat' dir='ltr'>praedicandae</span> <span class='ocrx_word' id='word_1_228' title='bbox 827 3671 901 3734; x_wconf 90' lang='lat' dir='ltr'>sint.</span> <span class='ocrx_word' id='word_1_229' title='bbox 945 3671 1050 3734; x_wconf 90' lang='lat' dir='ltr'>Vertit</span> <span class='ocrx_word' id='word_1_230' title='bbox 1066 3671 1170 3734; x_wconf 91' lang='lat' dir='ltr'>minus</span> <span class='ocrx_word' id='word_1_231' title='bbox 1186 3671 1265 3734; x_wconf 87' lang='lat' dir='ltr'>bene</span> <span class='ocrx_word' id='word_1_232' title='bbox 1281 3671 1360 3733; x_wconf 89' lang='lat' dir='ltr'>Tur-</span> 
     </span>
     <span class='ocr_line' id='line_1_31' title="bbox 314 3771 1360 3856; baseline 0.004 -22"><span class='ocrx_word' id='word_1_233' title='bbox 314 3775 430 3847; x_wconf 86' lang='lat' dir='ltr'>rianus,</span> <span class='ocrx_word' id='word_1_234' title='bbox 444 3772 622 3856; x_wconf 78' lang='lat' dir='ltr'>passionum</span> <span class='ocrx_word' id='word_1_235' title='bbox 642 3771 845 3835; x_wconf 64' lang='lat' dir='ltr'>irremunerata</span> <span class='ocrx_word' id='word_1_236' title='bbox 860 3772 1083 3856; x_wconf 74' lang='lat' dir='ltr'>prirrcipalitcr</span> <span class='ocrx_word' id='word_1_237' title='bbox 1102 3795 1204 3856; x_wconf 74' lang='lat' dir='ltr'>cepere</span> <span class='ocrx_word' id='word_1_238' title='bbox 1220 3783 1296 3849; x_wconf 80' lang='lat' dir='ltr'>crat,</span> <span class='ocrx_word' id='word_1_239' title='bbox 1311 3782 1360 3838; x_wconf 89' lang='lat' dir='ltr'>at-</span> 
     </span>
     <span class='ocr_line' id='line_1_32' title="bbox 315 3873 1361 3956; baseline 0.002 -21"><span class='ocrx_word' id='word_1_240' title='bbox 315 3896 375 3956; x_wconf 91' lang='lat' dir='ltr'>que</span> <span class='ocrx_word' id='word_1_241' title='bbox 395 3875 442 3936; x_wconf 92' lang='lat' dir='ltr'>ita</span> <span class='ocrx_word' id='word_1_242' title='bbox 461 3874 493 3935; x_wconf 93' lang='lat' dir='ltr'>in</span> <span class='ocrx_word' id='word_1_243' title='bbox 515 3873 736 3956; x_wconf 89' lang='lat' dir='ltr'>sequentibus;</span> <span class='ocrx_word' id='word_1_244' title='bbox 760 3895 833 3936; x_wconf 86' lang='lat' dir='ltr'>nam</span> <span class='ocrx_word' id='word_1_245' title='bbox 853 3882 988 3956; x_wconf 88' lang='lat' dir='ltr'>utroque</span> <span class='ocrx_word' id='word_1_246' title='bbox 1006 3874 1075 3938; x_wconf 91' lang='lat' dir='ltr'>loco</span> <span class='ocrx_word' id='word_1_247' title='bbox 1090 3896 1198 3938; x_wconf 87' lang='lat' dir='ltr'>vocem</span> <span class='ocrx_word' id='word_1_248' title='bbox 1217 3900 1361 3954; x_wconf 75' lang='grc' dir='ltr'>προηγου·</span> 
     </span>
     <span class='ocr_line' id='line_1_33' title="bbox 314 3976 1360 4062; baseline -0.002 -23"><span class='ocrx_word' id='word_1_249' title='bbox 314 3977 408 4056; x_wconf 87' lang='grc' dir='ltr'>μένος</span> <span class='ocrx_word' id='word_1_250' title='bbox 423 3998 494 4040; x_wconf 88' lang='lat' dir='ltr'>eum</span> <span class='ocrx_word' id='word_1_251' title='bbox 510 3998 585 4039; x_wconf 84' lang='lat' dir='ltr'>voce</span> <span class='ocrx_word' id='word_1_252' title='bbox 601 3976 703 4038; x_wconf 88' lang='lat' dir='ltr'>altera</span> <span class='ocrx_word' id='word_1_253' title='bbox 719 3979 922 4056; x_wconf 79' lang='grc' dir='ltr'>ἀνθρωπίνων,</span> <span class='ocrx_word' id='word_1_254' title='bbox 932 3976 980 4039; x_wconf 90' lang='lat' dir='ltr'>vel</span> <span class='ocrx_word' id='word_1_255' title='bbox 995 3980 1094 4054; x_wconf 84' lang='grc' dir='ltr'>θείων,</span> <span class='ocrx_word' id='word_1_256' title='bbox 1109 3977 1360 4062; x_wconf 80' lang='lat' dir='ltr'>conjungendam</span> 
     </span>
     <span class='ocr_line' id='line_1_34' title="bbox 314 4077 1360 4161; baseline -0.003 -21"><span class='ocrx_word' id='word_1_257' title='bbox 314 4100 382 4141; x_wconf 88' lang='lat' dir='ltr'>csse</span> <span class='ocrx_word' id='word_1_258' title='bbox 405 4077 484 4140; x_wconf 85' lang='lat' dir='ltr'>vidit</span> <span class='ocrx_word' id='word_1_259' title='bbox 509 4085 601 4161; x_wconf 89' lang='lat' dir='ltr'>pater</span> <span class='ocrx_word' id='word_1_260' title='bbox 624 4098 712 4139; x_wconf 88' lang='lat' dir='ltr'>meus</span> <span class='ocrx_word' id='word_1_261' title='bbox 737 4078 936 4152; x_wconf 85' lang='lat' dir='ltr'>reverendus,</span> <span class='ocrx_word' id='word_1_262' title='bbox 960 4080 976 4140; x_wconf 88' lang='grc' dir='ltr'>ὁ</span> <span class='ocrx_word' id='word_1_263' title='bbox 1000 4084 1054 4140; x_wconf 87' lang='grc' dir='ltr'>νῦν</span> <span class='ocrx_word' id='word_1_264' title='bbox 1077 4080 1111 4140; x_wconf 79' lang='grc' dir='ltr'>ἐν</span> <span class='ocrx_word' id='word_1_265' title='bbox 1135 4078 1246 4161; x_wconf 75' lang='grc' dir='ltr'>εἰρήνη,</span> <span class='ocrx_word' id='word_1_266' title='bbox 1266 4098 1360 4158; x_wconf 88' lang='lat' dir='ltr'>quem</span> 
     </span>
     <span class='ocr_line' id='line_1_35' title="bbox 315 4177 1360 4261; baseline -0.005 -19"><span class='ocrx_word' id='word_1_267' title='bbox 315 4179 467 4253; x_wconf 87' lang='lat' dir='ltr'>consului,</span> <span class='ocrx_word' id='word_1_268' title='bbox 484 4185 517 4241; x_wconf 89' lang='lat' dir='ltr'>et</span> <span class='ocrx_word' id='word_1_269' title='bbox 532 4177 564 4239; x_wconf 94' lang='lat' dir='ltr'>in</span> <span class='ocrx_word' id='word_1_270' title='bbox 580 4179 774 4261; x_wconf 86' lang='lat' dir='ltr'>exponendis</span> <span class='ocrx_word' id='word_1_271' title='bbox 791 4179 892 4241; x_wconf 86' lang='lat' dir='ltr'>verbis</span> <span class='ocrx_word' id='word_1_272' title='bbox 913 4186 1042 4241; x_wconf 88' lang='lat' dir='ltr'>secutus</span> <span class='ocrx_word' id='word_1_273' title='bbox 1061 4199 1139 4240; x_wconf 94' lang='lat' dir='ltr'>sum.</span> <span class='ocrx_word' id='word_1_274' title='bbox 1181 4178 1238 4239; x_wconf 86' lang='lat' dir='ltr'>Ad</span> <span class='ocrx_word' id='word_1_275' title='bbox 1252 4197 1360 4238; x_wconf 86' lang='lat' dir='ltr'>vocem</span> 
     </span>
     <span class='ocr_line' id='line_1_36' title="bbox 314 4278 1361 4360; baseline -0.002 -19"><span class='ocrx_word' id='word_1_276' title='bbox 314 4278 541 4359; x_wconf 78' lang='grc' dir='ltr'>προηγουμένως</span> <span class='ocrx_word' id='word_1_277' title='bbox 557 4278 641 4360; x_wconf 90' lang='lat' dir='ltr'>quod</span> <span class='ocrx_word' id='word_1_278' title='bbox 657 4278 784 4354; x_wconf 86' lang='lat' dir='ltr'>attinet,</span> <span class='ocrx_word' id='word_1_279' title='bbox 799 4279 885 4342; x_wconf 90' lang='lat' dir='ltr'>haud</span> <span class='ocrx_word' id='word_1_280' title='bbox 900 4278 1043 4342; x_wconf 89' lang='lat' dir='ltr'>dissimili</span> <span class='ocrx_word' id='word_1_281' title='bbox 1059 4300 1153 4342; x_wconf 92' lang='lat' dir='ltr'>sensu</span> <span class='ocrx_word' id='word_1_282' title='bbox 1168 4300 1207 4341; x_wconf 88' lang='lat' dir='ltr'>ea</span> <span class='ocrx_word' id='word_1_283' title='bbox 1222 4299 1296 4340; x_wconf 88' lang='lat' dir='ltr'>usus</span> <span class='ocrx_word' id='word_1_284' title='bbox 1311 4284 1361 4340; x_wconf 88' lang='lat' dir='ltr'>est</span> 
     </span>
     <span class='ocr_line' id='line_1_37' title="bbox 318 4379 816 4463; baseline -0.006 -20"><span class='ocrx_word' id='word_1_285' title='bbox 318 4383 468 4453; x_wconf 87' lang='lat' dir='ltr'>Ironaeus,</span> <span class='ocrx_word' id='word_1_286' title='bbox 485 4380 539 4442; x_wconf 92' lang='lat' dir='ltr'>lib.</span> <span class='ocrx_word' id='word_1_287' title='bbox 558 4379 584 4441; x_wconf 89' lang='lat'>1.</span> <span class='ocrx_word' id='word_1_288' title='bbox 600 4401 669 4463; x_wconf 88' lang='lat' dir='ltr'>cap.</span> <span class='ocrx_word' id='word_1_289' title='bbox 685 4380 727 4441; x_wconf 95' lang='lat' dir='ltr'>ix.</span> <span class='ocrx_word' id='word_1_290' title='bbox 744 4385 768 4457; x_wconf 60' lang='grc' dir='ltr'>ᾖ.</span> <span class='ocrx_word' id='word_1_291' title='bbox 785 4400 816 4463; x_wconf 87' lang='lat'>3.</span> 
     </span>
    </p>

    <p class='ocr_par' dir='ltr' id='par_1_9' title="bbox 317 4481 1362 4665">
     <span class='ocr_line' id='line_1_38' title="bbox 358 4481 1361 4565; baseline -0.001 -22"><span class='ocrx_word' id='word_1_292' title='bbox 358 4481 514 4565; x_wconf 88' lang='lat' dir='ltr'>Displicet</span> <span class='ocrx_word' id='word_1_293' title='bbox 543 4481 662 4544; x_wconf 86' lang='lat' dir='ltr'>interea</span> <span class='ocrx_word' id='word_1_294' title='bbox 693 4481 728 4544; x_wconf 93' lang='lat' dir='ltr'>cl.</span> <span class='ocrx_word' id='word_1_295' title='bbox 754 4481 916 4544; x_wconf 89' lang='lat' dir='ltr'>Ehrlichio</span> <span class='ocrx_word' id='word_1_296' title='bbox 943 4488 1105 4565; x_wconf 88' lang='lat' dir='ltr'>postrema</span> <span class='ocrx_word' id='word_1_297' title='bbox 1135 4486 1263 4563; x_wconf 77' lang='lat' dir='ltr'>patruni</span> <span class='ocrx_word' id='word_1_298' title='bbox 1291 4501 1361 4542; x_wconf 85' lang='lat' dir='ltr'>seu·</span> 
     </span>
     <span class='ocr_line' id='line_1_39' title="bbox 317 4579 1362 4665; baseline -0.002 -20"><span class='ocrx_word' id='word_1_299' title='bbox 317 4583 427 4654; x_wconf 86' lang='lat' dir='ltr'>tentia,</span> <span class='ocrx_word' id='word_1_300' title='bbox 453 4590 551 4664; x_wconf 89' lang='lat' dir='ltr'>atque</span> <span class='ocrx_word' id='word_1_301' title='bbox 572 4604 605 4644; x_wconf 87' lang='lat' dir='ltr'>se</span> <span class='ocrx_word' id='word_1_302' title='bbox 629 4603 691 4643; x_wconf 93' lang='lat' dir='ltr'>non</span> <span class='ocrx_word' id='word_1_303' title='bbox 712 4581 885 4665; x_wconf 87' lang='lat' dir='ltr'>intelligere</span> <span class='ocrx_word' id='word_1_304' title='bbox 907 4581 961 4658; x_wconf 86' lang='lat' dir='ltr'>ait,</span> <span class='ocrx_word' id='word_1_305' title='bbox 983 4590 1004 4619; x_wconf 91' lang='lat'>“</span> <span class='ocrx_word' id='word_1_306' title='bbox 1017 4602 1073 4644; x_wconf 90' lang='lat' dir='ltr'>cur</span> <span class='ocrx_word' id='word_1_307' title='bbox 1092 4580 1180 4644; x_wconf 92' lang='lat' dir='ltr'>Deus</span> <span class='ocrx_word' id='word_1_308' title='bbox 1200 4579 1233 4642; x_wconf 91' lang='lat' dir='ltr'>in</span> <span class='ocrx_word' id='word_1_309' title='bbox 1253 4587 1362 4643; x_wconf 85' lang='lat' dir='ltr'>ventre</span> 
     </span>
    </p>
   </div>
   <div class='ocr_carea' id='block_1_5' title="bbox 0 0 1865 5667">
    <p class='ocr_par' dir='ltr' id='par_1_10' title="bbox 0 0 1865 5667">
     <span class='ocr_line' id='line_1_40' title="bbox 0 0 1865 5667; baseline 0 0"><span class='ocrx_word' id='word_1_310' title='bbox 0 0 1865 5667; x_wconf 95' lang='lat' dir='ltr'> </span> 
     </span>
    </p>
   </div>
  </div>
 </body>
</html>
