3700 5667
521 669 587 737 392
658 665 842 730 FRAGM.
865 663 1018 729 EPIST.
1042 663 1262 729 DIONYSII
1287 666 1435 730 ALEX.

1019 947 1068 1009 11.

846 1134 899 1196 Eu
913 1132 1013 1196 οοάοοι
1028 1130 1105 1197 διῖδνο
1113 1133 1229 1217 primo.

564 1304 653 1380 Πλὴν
673 1304 732 1382 έγω
751 1301 862 1382 γενητά
879 1327 947 1365 τινα
962 1303 1010 1365 καὶ
1028 1303 1134 1382 ποιητά
1149 1329 1216 1366 τινα
1231 1303 1331 1382 φήσας
1346 1308 1494 1380 νοεῖσθαι,
1510 1311 1570 1368 τιῖν

518 1414 574 1491 μὲν
588 1410 727 1475 τοιούτων
742 1411 780 1475 ὦς
799 1410 998 1491 άχρειοτέρων
1013 1413 1045 1488 έξ
1060 1414 1216 1493 έπιδρομῆς
1232 1413 1316 1475 εἶπον
1330 1414 1566 1493 παραδείγματα·

519 1522 583 1584 ἐπεὶ
602 1519 675 1598 μήτε
696 1518 729 1581 τδ
750 1517 845 1599 φυτὸν
864 1517 942 1597 έφην
957 1517 1107 1601 (adderem
1128 1519 1162 1581 τδ
1183 1520 1254 1583 αὐτὸ
1270 1520 1362 1603 εἶναι)
1377 1525 1417 1604 τῷ
1433 1526 1567 1606 γεωργῷ,

517 1629 590 1709 μήτε
612 1630 650 1712 τῷ
672 1631 810 1711 ναυπηγῷ
831 1626 865 1689 τδ
885 1626 1010 1707 σκάφος.
1049 1626 1124 1690 Εἶτα
1138 1635 1201 1693 τοῖς
1217 1628 1398 1707 ἱκνουμένοις
1412 1630 1459 1692 καὶ
1473 1655 1567 1711 προσ-

519 1738 695 1820 φνεστέροις
720 1736 901 1818 ἐνδιέτριψα·
938 1738 986 1801 καὶ
1013 1737 1108 1801 πλέον
1133 1743 1289 1815 διεξῆλθον
1314 1740 1381 1819 περὶ
1407 1745 1466 1802 τῶν
1494 1742 1566 1818 άλη-

520 1846 679 1927 θεστέρων,
702 1846 822 1908 ποικίλα
844 1848 1090 1928 προσεπεξευρδν
1110 1847 1261 1928 τεκμήρια,
1285 1848 1362 1929 άπερ
1385 1850 1433 1911 καῖ
1456 1851 1506 1911 σοὶ
1529 1847 1565 1911 δι’

520 1957 615 2033 άλλης
636 1957 796 2031 έπιστολῆς
819 1953 951 2034 ἔγραψα·
982 1957 1016 2018 έν
1038 1955 1083 2020 οἶς
1104 1955 1228 2036 ἤλεγξα,
1251 1955 1300 2018 καὶ
1322 1955 1338 2017 δ
1361 1955 1567 2038 προφέρουσιν

520 2065 654 2146 ἔγκλημα
678 2061 740 2124 κατ’
763 2064 834 2140 έμοῦ
858 2067 970 2143 ψεῦδος
996 2061 1043 2140 δν,
1065 2065 1104 2130 ὥς
1127 2065 1161 2128 οὐ
1186 2064 1332 2145 λέγοντος
1357 2064 1409 2127 τὸν
1433 2065 1566 2145 Χριστὸν

518 2171 779 2236 ὈΜΟΟίίΣΙΟΝ
795 2171 871 2234 εῖναι
888 2175 928 2256 τῷ
949 2176 1030 2257 Θεῷ.
1053 2175 1080 2236 εί
1094 2176 1151 2254 γδρ
1166 2173 1260 2236 καὶτὸ
1276 2176 1371 2252 ὄνομα
1386 2175 1474 2236 τοῦτό
1489 2182 1566 2254 φημι

518 2281 559 2360 μὴ
579 2279 742 2360 εὑρηκέναι,
761 2277 826 2365 μηδ’
842 2280 1044 2360 ἀνεγνωκέναι
1063 2306 1120 2345 που
1140 2288 1199 2344 τῶν
1218 2284 1312 2362 ἁγίων
1331 2288 1466 2363 γραφῶν,
1482 2283 1565 2345 άλλα

519 2417 556 2473 γε
575 2394 613 2453 τὰ
632 2388 844 2470 έπιχειρήματά
863 2415 919 2468 μον
941 2393 978 2453 τὰ
998 2393 1073 2468 ἑξῆς,
1094 2392 1113 2454 δ
1134 2390 1346 2469 σεσιωπήκασι,
1362 2395 1413 2469 τῆς
1433 2392 1565 2458 διανοίας

519 2503 624 2577 ταύτης
643 2498 695 2561 οὐκ
715 2497 830 2581 ἀπᾴδει.
855 2502 902 2561 καὶ
921 2501 979 2579 γὰρ
1000 2501 1187 2579 ἀνθρωπείαν
1207 2499 1301 2579 γονῆν
1319 2500 1499 2580 παρεθέμην,
1516 2505 1564 2578 δῆ-

519 2618 575 2671 λον
593 2609 633 2673 ὡς
650 2608 745 2669 οὖσαν
765 2609 904 2687 ὁμογενῆ·
929 2606 1031 2688 φήσας
1051 2607 1167 2673 πάντως
1186 2609 1253 2673 τοὺς
1272 2614 1373 2688 γονεῖς
1391 2610 1486 2687 μόνον
1504 2609 1565 2670 ἑτέ-

518 2745 587 2800 ρους
613 2717 688 2781 εῖναι
714 2722 772 2779 τῶν
798 2717 917 2788 τέκνων,
942 2718 987 2779 ὅτι
1011 2717 1051 2796 μὴ
1077 2717 1159 2779 αὐτοὶ
1183 2717 1244 2781 εἶεν
1268 2720 1305 2780 rt
1330 2718 1428 2793 τέκνα,
1450 2714 1468 2796 ῆ
1491 2717 1563 2796 μήτε

519 2833 619 2908 γονεῖς
638 2828 802 2906 ἀναγκαῖον
820 2823 967 2906 ὑπάρχειν
987 2825 1063 2889 εῖναι
1081 2826 1154 2905 μήτε
1175 2826 1273 2889 τέκνα.
1297 2828 1345 2890 καὶ
1359 2826 1414 2904 τῆν
1427 2829 1483 2904 μέν
1499 2830 1562 2890 έπι·

519 2934 641 3011 στολῆν,
658 2935 696 2999 ὧς
715 2938 868 3012 προεῖπον,
885 2935 933 2995 διὰ
953 2936 1005 2999 τὰς
1026 2933 1215 3015 περιστάσεις
1233 2936 1285 2998 οὐκ
1300 2936 1360 3018 ἔχω
1375 2939 1562 3016 προκομίσαι·

560 3160 696 3216 Ceterum
723 3158 774 3215 ubi
798 3177 844 3215 res
870 3159 962 3216 factus
985 3170 1015 3217 et
1066 3180 1112 3217 me
1127 3179 1267 3235 nusquam
1288 3161 1318 3216 iu
1340 3160 1500 3238 Scripturis
1518 3182 1562 3218 sa-

518 3239 633 3318 opificia
654 3239 783 3315 quadam
808 3238 1016 3296 consideranda
1066 3240 1122 3297 cris
1142 3240 1197 3296 hoc
1219 3240 1392 3297 vocabulum
1415 3241 1459 3297 vel
1482 3241 1562 3297 inve.

518 3321 590 3386 dixi,
616 3318 781 3396 hujusmodi
811 3338 907 3376 rerum
934 3318 1015 3377 velut
1066 3319 1143 3376 uisse
1163 3318 1208 3376 vel
1229 3319 1332 3396 legisse
1354 3320 1500 3385 dico,alia
1518 3332 1561 3377 ta·

519 3404 615 3458 miuus
634 3400 802 3456 idonearum
823 3399 927 3456 cursim
949 3419 1015 3475 pro·
1066 3419 1132 3455 men
1157 3410 1329 3474 argiumenta
1351 3420 1415 3474 quoe
1439 3398 1562 3457 subinde

519 3482 574 3539 tuli
609 3479 752 3557 exemplu,
781 3479 897 3554 quando
932 3478 1013 3536 dixi:
1065 3478 1329 3555 adjnnxiqanne
1343 3478 1386 3535 illi
1398 3490 1561 3545 tacuerunt,

518 3581 613 3637 neque
628 3558 727 3636 planta
739 3559 768 3615 id
784 3571 828 3616 est
842 3559 919 3634 quod
939 3559 1014 3636 agri·
1066 3559 1101 3614 ab
1122 3558 1174 3616 hac
1194 3557 1390 3634 intelligentia
1412 3558 1484 3615 nihil
1503 3557 1561 3614 dis·

518 3641 590 3705 cola,
619 3658 714 3712 neque
745 3638 850 3714 scapha
878 3638 908 3694 id
936 3638 1015 3712 quod
1066 3648 1194 3714 crepant.
1237 3637 1356 3695 Etenim
1377 3637 1487 3715 prolem
1507 3637 1562 3693 hu.

518 3720 635 3775 navium
664 3718 755 3774 saber.
807 3716 920 3773 Deinde
948 3736 1015 3773 con·
1066 3737 1189 3780 manum.
1220 3737 1284 3791 quoe
1318 3728 1397 3774 certe
1431 3714 1561 3792 ejusdem

517 3798 598 3873 gruis
618 3807 648 3852 et
667 3807 777 3851 natura·
793 3795 833 3851 rei
853 3815 1015 3852 accommo.
1065 3797 1179 3872 generis
1203 3808 1248 3853 est
1271 3807 1359 3871 atque
1383 3797 1506 3873 genitor,
1532 3797 1561 3853 in

518 3875 678 3933 dstioaibus
694 3875 784 3950 magis
801 3893 864 3930 sum
880 3875 1015 3931 immora-
1065 3875 1227 3953 exemplum
1251 3875 1358 3933 attuli:
1387 3875 1507 3950 dixique
1531 3896 1562 3933 re

518 3968 575 4021 tus,
597 3975 629 4012 ac
651 3954 782 4031 pluribus
804 3953 928 4029 explicui
951 3972 1014 4028 quoe
1066 3975 1133 4012 vera
1157 3966 1292 4033 parentes
1316 3956 1370 4013 hoc
1398 3955 1492 4011 solum
1517 3954 1562 4011 di-

518 4036 629 4093 veriora
642 4045 734 4101 erant,
748 4033 833 4090 variis
845 4034 1015 4110 excogitatis
1065 4036 1174 4110 stingui
1195 4055 1212 4092 a
1233 4034 1308 4100 liliis,
1326 4035 1405 4110 quod
1426 4034 1481 4112 ipsi
1503 4054 1560 4091 non

517 4115 705 4193 argumentis,
721 4135 785 4190 qun
800 4125 830 4171 et
844 4114 897 4170 tibi
913 4114 944 4169 in
958 4113 1014 4170 alia
1065 4115 1123 4172 sint
1137 4113 1189 4171 filii
1203 4137 1211 4183 ;
1233 4126 1284 4172 aut
1303 4126 1382 4172 certe
1401 4114 1562 4171 necessario

516 4195 639 4274 epistola
667 4195 812 4272 exposui;
849 4194 878 4250 in
908 4193 1014 4268 quibus
1064 4194 1197 4251 futurum
1228 4215 1299 4261 esse,
1327 4206 1360 4252 ut
1388 4213 1482 4268 neque
1511 4213 1561 4270 pa-

517 4275 657 4333 mendaeii
684 4274 794 4332 convici
823 4274 909 4331 etism
940 4272 1013 4329 illud
1064 4286 1160 4331 rentes
1175 4285 1281 4338 essent,
1293 4293 1388 4350 neque
1399 4273 1460 4330 tilii.
1487 4273 1560 4349 Epi-

516 4355 594 4430 quod
617 4355 768 4411 adversum
792 4373 838 4410 me
860 4352 1013 4430 proferunt
1064 4353 1165 4410 stolam
1209 4365 1317 4418 autem,
1353 4365 1387 4411 ut
1428 4352 1560 4430 praedixi,

514 4435 634 4499 crimen,
655 4454 701 4490 me
724 4432 834 4490 scilicet
855 4452 913 4488 non
936 4451 1011 4488 asse-
1064 4444 1183 4508 propter
1194 4444 1365 4510 presentem
1381 4452 1477 4490 rerum
1493 4452 1561 4489 con-

515 4532 578 4570 rere
600 4512 748 4569 Christum
771 4531 833 4570 esse
855 4509 920 4567 Deo
943 4530 1011 4567 con-
1063 4511 1216 4578 ditionem,
1240 4532 1329 4590 penes
1354 4532 1401 4570 me
1426 4532 1484 4569 non
1510 4514 1561 4568 ha.

512 4591 744 4648 substantialem.
788 4589 917 4647 'l'ametsi
933 4590 1011 4647 euim
1064 4592 1136 4648 beo:
1169 4590 1298 4667 alioquin
1327 4593 1390 4669 ipsa
1415 4593 1468 4649 tibi
1496 4611 1561 4667 quae
