3700 5667
685 661 871 725 CONCIL.
896 660 1144 723 CAR'I'HAG.
1164 659 1241 722 VII.
1425 659 1489 724 117

486 827 543 890 1v.
567 826 711 892 Novatus
725 849 746 891 o
761 826 968 912 Thamugude
984 826 1076 890 dixit.
1122 825 1213 889 Licet
1229 823 1365 888 sciamus
1380 821 1490 886 omnes

442 937 615 1021 scripturas
637 937 696 1001 sibi
719 937 936 1001 testimonium
956 937 1088 999 reddere
1104 936 1144 999 de
1164 933 1296 998 salutari
1320 933 1490 1018 baptismo,

440 1048 590 1111 debemus
615 1059 724 1111 tomen
752 1046 847 1111 fidem
877 1056 1022 1110 nostram
1051 1046 1238 1131 exprimere,
1266 1043 1433 1108 haeretieos
1456 1051 1490 1108 et

440 1158 657 1222 schismaticos
680 1159 723 1221 ad
745 1159 909 1222 ecclesium
934 1159 1106 1231 venientes,
1135 1158 1188 1242 qui
1213 1154 1490 1241 pseudobaptizati

412 1269 597 1345 svidentur,
618 1270 734 1333 debere
760 1293 814 1334 eos
840 1270 872 1332 in
898 1271 987 1334 fonto
1015 1270 1146 1354 perenni
1170 1268 1334 1353 baptizari,
1360 1275 1394 1331 et
1417 1266 1490 1331 ideo

440 1379 611 1441 secundum
634 1379 850 1443 testimonium
875 1380 1106 1464 scripturarum
1132 1390 1165 1444 et
1188 1379 1360 1443 secundum
1384 1378 1491 1441 decre-

440 1495 510 1551 tum
530 1489 720 1574 collegarum
743 1498 929 1553 nostrorum·
947 1491 1155 1554 sanctissimus
1178 1489 1336 1553 memoriae
1352 1487 1490 1551 virorum

440 1619 549 1661 omncs
564 1599 781 1663 schismaticos
796 1610 829 1664 et
849 1600 1018 1663 haereticos
1033 1600 1086 1684 qui
1108 1600 1150 1663 ad
1165 1598 1331 1662 ecetesiam
1347 1596 1489 1661 conversi

440 1717 515 1772 sunt
537 1710 702 1794 baptizari,
728 1711 838 1774 sedet
861 1731 915 1774 eos
941 1710 994 1794 qui
1019 1709 1157 1773 ordinati
1182 1709 1379 1781 videbantur,
1407 1708 1491 1772 inter

396 1818 537 1882 iolsicos
551 1819 657 1903 recipi.

485 1930 523 1991 V.
547 1929 759 1992 Nemesianus
773 1951 793 1993 a
807 1929 973 1993 Thubunis
989 1929 1079 1993 dixit.
1126 1929 1293 2014 Baptismn
1311 1927 1395 2012 quod
1411 1929 1491 1991 dant

440 2037 580 2102 haeretioi
597 2047 630 2103 et
646 2039 838 2103 schismatici
860 2062 923 2102 non
939 2062 1007 2103 esse
1022 2061 1129 2102 verum
1146 2039 1263 2122 ubique
1278 2038 1310 2100 in
1326 2037 1491 2122 scripturis

441 2147 561 2210 sanctis
590 2147 786 2212 declaratum
816 2156 885 2212 est:
921 2149 1070 2232 quoniam
1101 2148 1160 2233 ipsi
1189 2147 1352 2233 praepositi
1382 2168 1492 2210 eorum

440 2257 512 2321 fulsi
530 2256 649 2321 christi
673 2266 747 2323 sunt
773 2265 806 2322 et
831 2258 900 2322 falsi
928 2258 1101 2343 prophetoe,
1125 2258 1250 2322 dicente
1273 2257 1412 2320 Domino
1435 2279 1493 2342 per

395 2391 407 2430 1
414 2368 661 2447 ssulomonem:
701 2369 778 2447 yQui
797 2369 899 2451 fidens
927 2377 968 2431 est
993 2368 1027 2431 in
1047 2368 1154 2451 solcis,
1181 2368 1230 2432 die
1251 2369 1355 2453 pascit
1383 2377 1490 2440 centos,

441 2480 521 2543 idem
543 2489 642 2543 autem
664 2479 726 2564 epse
748 2480 883 2563 sequitur
902 2500 972 2542 ocos
994 2479 1133 2542 colantes.
1179 2479 1300 2541 Deserit
1319 2477 1399 2540 enim
1424 2478 1493 2540 vioe

442 2592 536 2655 oineoe
557 2613 631 2665 scoe,
656 2612 677 2653 a
703 2590 815 2653 semitis
844 2611 911 2653 uero
940 2589 1033 2675 apelli
1057 2591 1106 2654 sui
1134 2583 1269 2652 erravit
1318 2588 1494 2672 Inpreditcr

441 2710 542 2763 autern
560 2721 621 2784 per
643 2700 718 2763 aeia
744 2699 808 2763 loca
832 2709 922 2783 atque
943 2700 1038 2762 arido
1060 2710 1087 2763 et
1112 2710 1226 2762 terram
1251 2699 1433 2762 dedicatam
1458 2699 1493 2762 in

440 2810 541 2885 sitin&
558 2808 706 2873 contrad-it
731 2819 832 2873 autem
859 2809 999 2872 incursibus
1027 2811 1226 2894 infructuoso.
1286 2809 1332 2873 Et
1354 2809 1490 2873 iterum:

395 2946 434 2983 20
443 2919 493 2984 Ab
512 2942 594 3005 equa
616 2920 719 2983 aliena
740 2918 855 2984 abstine
877 2930 913 2996 te,
937 2930 965 2984 ct
988 2921 1025 2984 de
1039 2920 1131 3005 fonte
1153 2930 1293 2984 extraneo
1316 2942 1353 2984 ne
1374 2919 1494 2998 ditm,

441 3041 476 3094 ct
499 3031 617 3116 Qum
643 3030 728 3093 eicos
751 3040 875 3115 tompus,
896 3030 1088 3113 adjiciantur
1111 3031 1203 3093 ctiam
1229 3028 1285 3093 tibi
1309 3031 1386 3093 cuni
1408 3031 1492 3094 oitae.

443 3142 489 3206 Et
517 3142 549 3205 in
579 3140 741 3225 evangelio
767 3140 874 3204 divino
899 3163 958 3205 sua
981 3163 1056 3205 voce
1083 3141 1239 3205 Dominus
1265 3150 1373 3205 noster
1396 3142 1494 3206 Jesus

443 3252 589 3317 Christus
613 3250 738 3314 locutus
761 3258 811 3315 est
835 3251 962 3314 dicens:
996 3251 1093 3314 ²Nisi
1112 3252 1179 3337 quis
1199 3261 1320 3315 renatus
1334 3249 1440 3334 fuerit
1458 3273 1495 3314 eo·

443 3384 525 3447 aqum
539 3371 566 3425 ct
579 3362 693 3446 spiritu
707 3383 765 3424 non
777 3369 875 3444 potest
895 3361 1024 3424 introire
1046 3362 1080 3422 in
1099 3382 1222 3445 reginum
1237 3362 1309 3425 Dei.
1357 3361 1421 3424 Hic
1444 3369 1495 3426 est

397 3501 433 3561 25
444 3474 574 3557 spiritus
590 3473 643 3557 qui
664 3473 706 3535 ab
721 3472 812 3535 initio
827 3472 990 3535 ferebatur
1010 3494 1106 3556 super
1120 3494 1231 3556 aquas.
1277 3471 1389 3555 Neque
1410 3471 1494 3534 enim

443 3581 574 3666 spiritus
594 3581 661 3644 sine
684 3603 768 3664 uquu
783 3580 908 3665 operari
929 3587 1046 3664 potest,
1064 3602 1164 3663 neque
1180 3602 1264 3664 aqua
1284 3579 1351 3642 sine
1371 3578 1494 3663 spiritu.

445 3691 533 3755 Male
555 3712 631 3776 ergo
651 3690 710 3753 sibi
732 3690 861 3775 quidam
882 3689 1136 3773 interpretantur
1151 3698 1188 3752 ut
1208 3689 1316 3752 dicent
1332 3690 1416 3773 quod
1438 3711 1496 3773 per

444 3822 557 3864 manus
585 3797 817 3883 impositionem
849 3796 996 3881 spiritum
1025 3805 1172 3861 sanctum
1201 3798 1361 3884 accipiant
1391 3806 1424 3863 et
1449 3798 1495 3863 sio

443 3911 647 3996 recipiuntur,
658 3931 729 3973 cum
746 3909 948 3972 manifestum
958 3907 1001 3971 sit
1016 3915 1152 3992 utroque
1165 3917 1365 3973 sacramento
1381 3909 1496 3972 debere

395 4042 500 4112 3oeos
524 4019 646 4083 renasci
670 4019 702 4083 in
726 4018 858 4082 ccclesia
881 4018 1049 4082 catholica.
1094 4018 1184 4081 Tuno
1204 4019 1322 4104 quippe
1344 4025 1496 4104 poterunt

444 4132 501 4195 filii
523 4131 585 4195 Dei
608 4153 688 4207 esse,
711 4130 837 4194 dicento
860 4129 1024 4214 apostolo:
1059 4131 1231 4193 aCurantes
1252 4151 1372 4192 screare
1394 4129 1497 4193 onita-

441 4252 499 4305 tem
525 4240 653 4326 spriritus
676 4241 711 4303 in
739 4239 941 4323 conjunctione
961 4239 1062 4323 pacis,
1092 4261 1186 4301 unum
1213 4259 1329 4322 corpus,
1360 4247 1389 4300 et
1416 4256 1497 4301 onos

442 4351 581 4437 spiritus,
597 4351 675 4414 siem
694 4352 791 4414 ooooti
810 4351 879 4414 ostis
898 4351 933 4413 in
952 4371 1015 4412 uno
1034 4371 1085 4433 spo
1106 4349 1270 4413 vocationis
1289 4357 1404 4421 oestro,
1419 4369 1498 4412 uum

481 4583 577 4631 iva.
593 4583 625 4629 ix.
643 4595 679 4642 η,
696 4585 729 4627 ι8.
743 4597 788 4630 sec
803 4595 868 4628 cxx.
961 4582 1058 4628 tonan.
1071 4583 1104 4628 iii.
1118 4596 1140 4641 5.
1232 4582 1345 4644 aEphes
1359 4582 1390 4629 iv.
1405 4597 1427 4642 3,
1440 4596 1463 4638 4.
