3700 5667
572 1864 1168 1973 ANNOTATIONES

361 2145 427 2240 IN
462 2160 499 2240 S.
529 2159 824 2240 GREGORII
860 2150 1380 2246 NEOCAESARIENSIS¹

585 2438 850 2506 EPISTOLAM
873 2436 1154 2508 OANONIOAM.

389 2939 427 3003 P.
446 2942 517 3023 256.
533 2939 554 3004 l.
569 2960 600 3020 4.
616 2939 782 3021 Ἐπιστολὴ
798 2933 948 3021 Κανονικὴ
962 2948 1015 3006 τοῦ
1030 2943 1117 3023 ἁγίου
1131 2932 1309 3024 Γρηγορίου]
1326 2931 1393 3002 Hit¹

345 3039 517 3125 Gregorius
542 3042 706 3126 episcopus
732 3034 1008 3117 Neceoesariensis,
1031 3043 1073 3105 ob
1096 3041 1198 3105 multa
1220 3061 1292 3125 quae
1314 3039 1391 3105 fecit

344 3140 496 3205 miracula
520 3144 751 3225 Θαυματουργὸς
772 3145 887 3222 dictus,
906 3144 1077 3229 discipulus
1096 3142 1157 3206 fuit
1178 3140 1335 3226 Origenis,
1353 3146 1391 3205 nt

345 3240 503 3305 Eusebius
525 3248 559 3306 et
582 3241 730 3308 Socrates
754 3245 967 3309 tradiderunt.
1020 3244 1091 3324 Quo
1116 3249 1224 3306 autem
1246 3248 1392 3324 temporo

344 3342 445 3406 Gothi
467 3354 501 3406 et
523 3343 653 3421 Boradi,
676 3363 810 3430 quorum
832 3346 899 3431 ipse
921 3366 1041 3410 canone
1063 3343 1175 3429 quinto
1196 3341 1390 3405 mentionem

344 3443 428 3521 iecit,
445 3442 529 3507 inter
547 3442 627 3508 alias
643 3445 731 3510 Aeiae
753 3447 940 3531 provincias,
957 3447 1098 3509 Pontum
1120 3460 1246 3529 quoqne
1266 3443 1389 3506 invesc-

344 3543 571 3628 nuntiataque
591 3546 800 3611 barbarorum
818 3547 956 3612 incursio
969 3544 1162 3632 gravisnmis
1180 3544 1265 3608 inter
1279 3542 1388 3608 Chris·

342 3643 448 3708 tianos
470 3647 691 3730 perpetrandis
713 3648 837 3712 delictis
858 3647 1056 3712 occasionem
1078 3644 1223 3731 praebuit,
1244 3643 1272 3707 is
1293 3642 1391 3707 ecclca

343 3746 398 3811 siae
413 3747 660 3812 Neoeaesaricnsi
677 3750 846 3833 praefectus
868 3751 911 3814 ad
931 3770 1042 3813 eorum
1059 3747 1287 3812 correctionem
1306 3745 1389 3809 hanc

343 3847 527 3911 canonicam
551 3848 717 3933 epistolam
743 3850 940 3935 conscripsit,
963 3855 997 3913 et
1021 3850 1064 3913 ad
1089 3847 1271 3932 episcopum
1293 3860 1389 3930 quan·

343 3948 418 4011 dam
440 3948 546 4026 misit;
568 3955 607 4013 nt
629 3971 669 4013 ex
693 3950 762 4034 ipso
786 3951 916 4015 exordio
938 3956 1085 4026 constat·
1099 3971 1162 4034 quo
1184 3948 1273 4023 dicit,
1295 3948 1330 4010 οὒ
1351 3950 1389 4010 τὰ

342 4050 487 4129 βρώματα
504 4041 578 4129 ipris
594 4051 732 4132 ἱερώτατε
748 4052 839 4137 (ispi)
855 4051 981 4116 Πάππα.
1019 4048 1171 4135 Episcopi
1186 4049 1269 4113 enim
1284 4050 1390 4132 Pcpoe

343 4153 420 4212 tunc
442 4148 564 4212 dicrum
582 4150 676 4234 vulgo
698 4151 881 4215 audiebant.
904 4151 1113 4214 annancrns.
1158 4147 1255 4210 Anno
1269 4141 1389 4209 Christi

342 4271 462 4312 convrn.
486 4251 605 4335 scripta
627 4251 723 4315 fuisse
746 4252 871 4316 videtur
893 4252 1037 4337 epistola.
1091 4249 1269 4312 Tillemont.
1292 4247 1388 4309 Mun.

343 4358 420 4415 tom.
437 4350 477 4416 iv.
492 4374 565 4437 pag.
581 4372 656 4438 339.
701 4355 806 4435 Quum
820 4355 929 4439 itaque
944 4354 1198 4420 Christianorum
1212 4349 1390 4434 complures

344 4453 397 4535 qui
422 4474 462 4516 cx
489 4455 548 4517 hnc
573 4454 781 4519 barbarorum
807 4455 985 4520 incursione
1010 4456 1043 4518 in
1068 4453 1288 4538 captivitatem
1313 4449 1389 4514 inci-

343 4554 467 4627 derant,
483 4554 586 4619 multa
604 4562 638 4619 et
655 4556 765 4640 gravia
787 4563 982 4640 peccassent,
999 4558 1057 4619 hos
1078 4556 1224 4621 Oenones
1245 4551 1390 4618 exaravit

388 4676 458 4718 von.
473 4677 517 4717 111.
831 4679 856 4717 n
870 4678 903 4719 m
