3700 5667
395 654 459 719 178
741 647 1094 714 ANNOTATIONES

393 844 508 911 quoqaw
530 843 598 884 oum
620 821 655 883 in
675 841 769 885 anuto
790 820 1031 895 eonomusomua,
1051 828 1115 883 tom
1129 818 1301 905 provinciae
1319 817 1446 901 Africo

393 944 487 1010 quom
502 921 664 987 Numidica
677 923 806 1007 assumpt
820 944 942 986 numne
954 921 1145 1007 septmqiuto
1159 931 1188 984 et
1202 942 1288 984 aeas.

440 1027 478 1091 P.
499 1042 558 1087 112
586 1025 606 1087 1.
629 1044 676 1098 14.
698 1046 770 1091 oum
792 1031 849 1089 tua
868 1024 1042 1111 gravitate]
1066 1023 1162 1087 Huuo
1182 1023 1284 1109 ipsum
1308 1020 1445 1106 Stepha-

395 1150 472 1192 num
492 1127 575 1190 idem
592 1125 769 1211 Cyprianus
788 1124 962 1210 appellabit
978 1125 1146 1210 superbum,
1163 1126 1338 1211 imperitum
1356 1134 1447 1209 atquo

395 1230 610 1315 improvidum,
641 1230 783 1314 ineptum,
813 1229 1003 1293 odniwum.
1042 1229 1146 1315 Epist.
1172 1230 1215 1294 ad
1245 1227 1444 1314 Pompeium.

399 1335 569 1396 Rronnrrus
584 1354 604 1394 a
621 1330 710 1394 Fello
725 1331 851 1395 allatus.

442 1434 522 1498 lbid.
546 1433 565 1498 l.
591 1452 641 1512 24.
668 1433 759 1517 plene
782 1432 990 1519 sanctificari]
1014 1432 1103 1498 Colb.
1128 1433 1199 1498 MS.
1214 1433 1331 1518 plone:
1358 1432 1444 1518 quod

395 1539 495 1601 etiam
518 1537 550 1599 in
572 1557 636 1598 uno
659 1557 676 1597 e
699 1534 764 1601 suis
787 1535 976 1600 Oxonieusis
997 1536 1102 1600 editor
1123 1535 1265 1600 offendit.
1310 1535 1444 1600 Oeneiu-

396 1640 467 1703 nior
486 1648 535 1703 est
555 1637 647 1701 leotio
669 1644 848 1700 ceterorum
869 1637 1032 1703 librorum.
1078 1638 1151 1702 Hoo
1172 1639 1255 1702 enim
1269 1637 1340 1702 istie
1354 1638 1446 1723 plene

394 1740 585 1827 auuatfioori
605 1748 707 1816 sonat,
728 1740 812 1823 quod
833 1740 1034 1803 wusumruari
1053 1740 1085 1802 in
1105 1739 1155 1802 his
1176 1741 1316 1825 ejusdem
1332 1738 1446 1824 Cypri·

395 1844 449 1910 ani
465 1843 556 1928 epist.
573 1841 670 1906 lxxiii.
688 1850 721 1904 ut
736 1862 796 1925 per
813 1851 946 1906 raootrom
965 1842 1129 1905 notionem
1146 1864 1183 1905 oe
1202 1864 1310 1906 neonae
1323 1842 1448 1927 imposi-

395 1945 504 2011 tiotwm
522 1944 666 2028 spiritum
681 1953 818 2007 romena
835 1955 1059 2030 wmequuruur,
1074 1954 1101 2008 et
1117 1945 1269 2031 oprando
1284 1945 1448 2008 Domitiae

396 2068 657 2111 oouuuuuaurun.
703 2045 806 2109 Porro
832 2046 1025 2131 Cyprianum
1054 2047 1104 2110 his
1133 2047 1245 2124 verbis,
1272 2048 1300 2111 ri
1324 2056 1448 2132 utraqu

397 2159 583 2215 momento
606 2157 783 2225 nascautur,
805 2157 842 2212 ut
865 2149 1006 2213 haeretioi
1030 2150 1071 2212 ad
1097 2150 1261 2213 ecelesiam
1284 2149 1448 2215 venientes

399 2250 648 2317 confirmationis
669 2259 901 2314 suerameuturn
916 2275 980 2316 una
998 2275 1068 2316 oum
1084 2252 1243 2337 baptismo
1262 2252 1446 2337 suseipiant.

400 2355 573 2440 postulare,
588 2375 627 2416 ex
650 2354 793 2436 subjecta
810 2353 1035 2418 dissertatione
1052 2362 1161 2419 nostra
1175 2376 1259 2419 num.
1280 2370 1327 2438 17.
1343 2364 1378 2419 et
1396 2356 1446 2418 18.

399 2455 529 2542 planum
550 2453 617 2517 fiet.
641 2455 818 2517 Couernur.
864 2456 924 2535 Qui
947 2457 979 2519 in
1000 2458 1088 2520 Rom.
1110 2454 1227 2540 Pontis.
1248 2455 1330 2541 Epp
1351 2454 1449 2520 haeae

400 2556 443 2620 ad
458 2555 656 2640 Stephanum
671 2555 797 2621 litteras
811 2555 938 2633 looavit,
953 2581 984 2643 p.
1002 2560 1073 2621 216.

444 2657 525 2722 lbid.
549 2665 749 2725 sacramento
772 2657 922 2743 utroque]
940 2659 1107 2745 Baptismo
1127 2667 1160 2725 et
1181 2657 1291 2721 Sancti
1307 2656 1448 2741 Spiritus

398 2759 565 2836 infusione,
588 2760 620 2822 id
646 2768 707 2835 est,
730 2768 766 2826 ut
793 2761 878 2825 dioet
907 2762 1003 2846 paulo
1032 2773 1116 2847 post,
1137 2783 1222 2844 aqua
1247 2768 1280 2823 et
1311 2758 1446 2844 Spiritu.

399 2862 493 2942 Quod
508 2883 592 2945 saepe
606 2861 723 2945 repetit
738 2862 823 2924 alibi.
870 2863 1084 2927 Tertullianus
1105 2864 1137 2926 in
1153 2864 1234 2927 libro
1249 2863 1289 2925 de
1307 2860 1449 2946 Virgini·

399 2965 459 3027 bus
482 2963 650 3025 Velandis:
690 2964 760 3027 Uno
787 2962 871 3028 uobis
895 2975 922 3028 ol
948 2967 1013 3030 illia
1032 2967 1124 3049 fidae,
1148 2987 1226 3029 unua
1249 2966 1344 3041 Deras,
1366 2964 1450 3030 idom

400 3064 546 3141 Claranus,
573 3064 676 3127 eodem
700 3086 774 3148 apes,
802 3066 905 3128 eodem
930 3066 1051 3131 lavacri
1075 3077 1272 3131 sacramento.
1317 3064 1450 3129 Sirioiua

399 3166 433 3234 in
455 3165 592 3250 epistola
613 3166 654 3228 ad
680 3166 879 3231 Himerium:
903 3167 1011 3258 quibus
1031 3169 1101 3233 solia
1116 3190 1178 3253 par
1199 3187 1313 3231 anuum
1335 3165 1449 3244 diebus,

399 3268 433 3331 id
448 3277 498 3332 est
514 3268 676 3352 paschatis
691 3278 723 3332 et
740 3276 950 3352 pentecostes,
966 3271 1011 3333 od
1022 3271 1117 3353 fidon
1136 3267 1347 3352 confluentibus
1363 3289 1451 3352 peae-

399 3371 485 3440 ralia
507 3368 697 3459 deplorantis
717 3371 804 3434 trudi
825 3372 959 3434 conuenit
976 3380 1173 3435 eoororneuta.
1204 3370 1289 3433 Vide
1310 3369 1452 3433 Sirmon-

400 3474 476 3536 dum
496 3471 602 3561 eapite
622 3472 735 3556 quinto
758 3473 887 3536 secundi
902 3473 1113 3550 antirrhetiei‚
1135 3473 1187 3536 ubi
1208 3471 1345 3556 explieat
1364 3470 1450 3533 hune

401 3573 550 3660 Cypriani
566 3573 678 3641 loeuru.
704 3574 785 3637 Vide
803 3574 899 3637 etiam
914 3581 992 3639 tom.
1011 3595 1040 3638 2.
1057 3574 1289 3664 Capitularium
1305 3597 1336 3662 p.
1356 3577 1448 3657 1236.

402 3679 563 3740 Caeterum
587 3698 645 3759 pro
669 3687 792 3762 utroquo
817 3678 956 3762 quinque
979 3686 1088 3742 vetera
1113 3676 1307 3761 exemplaria
1329 3676 1451 3743 habent

401 3786 568 3860 utrumque.
601 3778 766 3841 Banuzrus.
821 3780 870 3843 De
897 3779 1057 3864 baptismo
1086 3800 1299 3863 manuumque
1324 3776 1451 3861 imposi·

400 3877 489 3945 tione
516 3890 588 3960 post
613 3878 817 3962 baptismum,
845 3881 1036 3966 Cyprianum
1063 3881 1338 3965 interpretandum
1369 3900 1450 3951 esse,

402 3978 481 4042 satis
521 3979 662 4043 ostendit
703 3980 895 4065 Suffragium
936 3984 1089 4062 Quintum
1129 3983 1267 4047 Ooucuu
1308 3979 1452 4066 proxime

400 4079 573 4164 sequentis,
601 4103 672 4144 cum
701 4081 829 4149 Oauone
857 4099 905 4164 17.
935 4083 1049 4147 Coueil.
1075 4083 1192 4147 Aratu.
1221 4103 1266 4146 11.
1290 4081 1451 4145 collatum.

402 4182 454 4245 En
484 4182 677 4268 suffragium
706 4183 822 4267 ipsum,
849 4185 937 4249 Μαῖα
966 4209 1033 4271 erpo
1061 4185 1119 4249 aidi
1147 4184 1274 4271 quidam
1304 4184 1438 4268 truerpra

402 4293 508 4348 muter
532 4285 658 4367 (eadem
688 4286 824 4370 apostoli
852 4289 959 4363 verba,
989 4310 1058 4371 quae
1090 4288 1121 4350 in
1152 4288 1212 4350 hoo
1241 4285 1346 4371 posita
1375 4292 1452 4349 sunt

402 4384 657 4470 Carthaginiensi
680 4387 823 4463 coneilio,
847 4389 1086 4476 respiciuntur),
1107 4400 1140 4453 ut
1162 4389 1277 4463 dieunt,
1298 4386 1378 4472 qnod
1391 4408 1454 4470 per

403 4508 509 4549 omnus
530 4489 746 4573 impositionem
771 4491 923 4574 Spiritum
946 4493 1092 4555 Sannum
1114 4492 1271 4576 accipiant
1291 4499 1317 4553 et
1338 4488 1382 4551 aio
1404 4509 1452 4551 ra·

402 4588 581 4671 eapientem
609 4611 677 4653 eum
698 4592 889 4673 mouuyietum
910 4594 951 4657 air'
972 4601 1107 4679 utroque
1129 4598 1329 4660 sacramento
1350 4587 1453 4654 detero
