3700 5667
581 680 841 743 DIONYSIUS
868 681 1110 743 ROMANUS.
1302 682 1366 747 377

319 886 449 945 νοντες,
483 858 514 929 oi
552 853 708 949 ποίησιν,
743 852 851 930 αὑτοῦ
887 849 954 950 τὴν
992 853 1089 930 θείαν
1122 853 1180 929 καὶ
1213 853 1366 953 ἅρρητον

319 986 487 1083 γέννησιν
510 986 627 1085 λε’γειν
648 994 865 1085 τολμῶντες.

375 1122 463 1198 Οὔτ’
484 1122 546 1199 οὖν
564 1121 803 1224 καταμερίζειν
823 1119 891 1225 χρὴ
917 1127 965 1204 είς
987 1128 1080 1222 τρεῖς
1099 1121 1282 1220 Θεὸτητας
1299 1120 1366 1221 τὴν

318 1252 532 1353 θαυμαστὴν
555 1259 613 1333 καὶ
637 1256 735 1334 θείαν
760 1254 925 1333 Menoida·
956 1257 1035 1334 οὔτε
1054 1253 1197 1354 ποιησει
1216 1256 1366 1335 κωλύειν

291 1387 400 1492 5(f0r.
421 1389 600 1493 κολούειν)
622 1388 664 1468 τὸ
688 1390 829 1494 ἀξίωμα
852 1392 911 1467 καὶ
934 1389 976 1466 τὸ
1002 1390 1233 1490 ὑπέρβαλλον
1254 1391 1361 1490 με’γε-

318 1530 382 1607 θος
419 1532 482 1602 τοῦ
522 1526 667 1625 Κυρίου·
718 1524 819 1602 ἀλλὰ
862 1525 1145 1621 πεπιστευκέναι,
1181 1532 1229 1608 εἰς
1270 1525 1365 1605 θεὸν

318 1659 456 1760 πατέρα
483 1658 763 1761 παντοκράτορα,
788 1664 846 1738 καὶ
874 1666 921 1743 είς
949 1658 1114 1762 Χριστὸν
1132 1662 1277 1758 Ἰησοῦν
1301 1661 1365 1740 τὸν

320 1792 395 1872 υἱὸν
413 1795 531 1890 αι’ποῦ,
550 1798 609 1872 καὶ
626 1802 673 1878 είς
690 1795 731 1873 τὸ
750 1793 854 1895 ἅγιον
875 1801 1033 1894 Πνεῦμα·
1067 1796 1229 1894 ἡνῶσθαι
1254 1793 1292 1873 δὲ
1314 1803 1366 1901 τῷ

320 1934 403 2034 Θεῲ
426 1935 498 2008 τῶν
522 1928 619 2007 ὅλων
642 1929 704 2008 τὸν
731 1929 863 2030 Λόγον·
901 1947 920 1995 8
932 1929 1002 2029 ἐγὼ
1025 1927 1107 2032 γὰρ,
1131 1932 1235 2035 φησὶ,
1260 1932 1318 2008 καὶ
1345 1932 1364 2007 ὁ

277 2061 438 2163 ιοπατηρ
460 2062 498 2140 ’ἔν
520 2066 637 2160 ε’σμεν·
670 2063 756 2142 1’καὶ
775 2061 845 2163 ἐγὼ
864 2065 902 2141 ε’ν
920 2070 971 2168 τῷ
991 2066 1111 2164 πατρὶ,
1131 2065 1190 2142 καὶ
1208 2065 1228 2140 ὁ
1247 2061 1365 2165 πατὴρ

317 2198 357 2272 ἐν
374 2197 462 2292 ε’μοί.
496 2200 589 2275 οὕτω
608 2195 680 2298 γὰρ
698 2196 743 2275 ἂν
762 2201 820 2275 καὶ
843 2199 865 2296 ἡ
887 2199 965 2277 θεία
984 2196 1106 2300 Τριὰι,
1126 2202 1183 2276 καὶ
1200 2197 1243 2275 τὸ
1262 2194 1365 2297 ἅγιον

320 2328 485 2431 κήρυγμα
503 2335 566 2429 τῆς
584 2332 779 2435 μοναρχίας
798 2329 1017 2431 διασῶᾄιιτο.
1075 2349 1188 2406 Extant
1207 2350 1268 2406 haec
1287 2350 1363 2428 apud

320 2463 350 2520 S.
368 2463 560 2522 Athanasium
577 2466 709 2542 Epi-nolu
725 2467 760 2524 de
776 2466 907 2525 Decretis
923 2465 1047 2525 Nicoenoe
1067 2466 1184 2543 Spaodi.
1206 2487 1268 2546 cap.
1284 2467 1364 2525 xxvi.

321 2589 348 2645 p.
366 2587 380 2624 2
383 2587 399 2640 3
410 2588 431 2624 ι.
448 2569 491 2626 ed.
511 2570 692 2631 Benedictin.

276 2798 442 2874 t5opinari‚
458 2798 507 2873 qui
523 2798 649 2856 divinam
667 2809 754 2876 atque
772 2800 814 2856 iu·
866 2813 896 2858 et
912 2800 941 2855 in
953 2801 1101 2860 Christum
1114 2803 1216 2861 Jeaum
1232 2804 1295 2880 ejus
1309 2804 1363 2861 fili·

320 2877 518 2956 explicabilem
529 2878 592 2954 ejus
600 2880 814 2955 generationem
867 2900 925 2946 um,
942 2893 972 2938 et
991 2882 1021 2937 in
1041 2883 1184 2960 Spiritum
1205 2885 1362 2942 Sanctum:

321 2959 475 3015 factionem
492 2958 601 3016 audent
616 2959 719 3016 dicero.
867 2960 998 3018 Verbum
1018 2974 1116 3021 autem
1134 2964 1198 3020 Deo
1215 2964 1363 3023 universo·

360 3038 467 3114 Neque
483 3039 573 3114 igitur
591 3039 767 3097 admirabilis
785 3051 815 3098 et
866 3060 930 3097 rum
942 3062 1004 3099 osse
1016 3043 1142 3100 unitum.
1172 3045 1290 3122 Quippe
1302 3067 1362 3124 ego,
1452 3074 1454 3078 ·

318 3118 417 3175 divina
429 3120 525 3175 unitas
536 3119 566 3174 in
579 3130 638 3177 tros
648 3119 816 3178 divinitates
867 3121 971 3197 inquit,
988 3133 1013 3180 et
1033 3124 1124 3181 Pater
1140 3145 1226 3181 ιιιιαιιι
1244 3146 1360 3183 mimica:

273 3218 309 3255 νο
319 3210 363 3255 eat
383 3198 549 3275 separanda,
567 3220 661 3274 neque
681 3200 816 3257 factionis
865 3212 905 3264 et,
918 3203 980 3278 Ego
990 3202 1019 3258 ia
1032 3204 1131 3268 Patre,
1144 3212 1170 3260 et
1181 3204 1309 3262 Pateria
1322 3227 1364 3262 me

319 3277 459 3335 vocabulo
486 3276 613 3352 dignitas
640 3300 673 3336 ao
704 3299 816 3336 sumina
866 3289 916 3337 est.
962 3282 1009 3337 lta
1026 3281 1360 3341 milicetdivina'l'rini-

319 3358 489 3433 magnitudo
501 3357 619 3413 Domini
633 3368 676 3415 est
687 3358 814 3414 diminu-
866 3370 911 3415 tan
931 3372 960 3416 et
981 3372 1080 3418 sancta
1098 3362 1271 3418 monarchiae
1290 3383 1361 3440 ηια-

318 3436 411 3493 enda:
443 3436 493 3493 sed
519 3436 693 3493 credendum
719 3446 763 3494 est
786 3438 815 3492 in
866 3437 973 3495 dicatio
989 3440 1101 3516 integra
1115 3440 1285 3498 servabitur.

321 3516 417 3573 Deum
439 3517 554 3573 Patrem
574 3516 815 3594 omnipotentem.

492 3678 591 3726 Noun.
605 3695 629 3726 n.
642 3693 680 3742 go
978 3682 1077 3731 hJoan.
1089 3684 1139 3732 xiv.
1153 3697 1189 3731 ro.

271 3998 286 4032 a
290 3989 307 4052 5
377 3965 590 4048 scriptoribus
604 3966 789 4046 illustribus,
805 3969 858 4052 qui
875 3969 907 4031 in
923 3970 1104 4056 Doxologia
1117 3971 1278 4036 afferenda
1292 3995 1363 4038 oum

319 4076 441 4161 Spiritu
461 4076 493 4140 S.
510 4077 652 4140 vooulam
671 4080 728 4141 σὺν
745 4077 792 4142 vel
815 4080 862 4143 καὶ
883 4079 1058 4165 posuerint,
1076 4090 1267 4145 annumerat
1286 4082 1363 4146 Dio-

317 4187 441 4270 nysium
458 4187 636 4250 Romanum
651 4187 683 4249 S.
702 4187 838 4251 Basilius
854 4189 903 4249 M.
922 4188 1019 4251 Libro
1035 4189 1084 4252 Da
1102 4190 1225 4274 Spiritu
1241 4192 1273 4254 S.
1292 4213 1363 4277 oap.

320 4319 370 4382 29.
386 4319 471 4361 num.
489 4317 538 4380 71.
555 4307 589 4360 ot
606 4313 655 4378 72.
674 4318 745 4383 pag.
763 4301 813 4362 60.
831 4300 907 4364 edit.
924 4299 1123 4364 Benedictin.
