3700 5667
588 1750 1182 1850 ANNOTATIONES

426 2032 489 2111 IN
525 2033 858 2115 CONCILIUM
894 2033 1343 2117 ANTIOCHENUM

466 2328 660 2391 CONTRA
685 2328 891 2391 PAULUM
916 2327 1295 2392 SAMOSATENUM.

771 2597 990 2633 ——Q—

403 2836 439 2898 P.
465 2837 538 2919 285.
565 2836 585 2898 l.
611 2856 638 2900 1.
664 2836 837 2901 Οοποτιιοιι
864 2838 1098 2900 Αντιοοιιιιιισιι
1123 2833 1197 2920 δια]
1228 2834 1279 2900 Ut
1306 2834 1401 2920 hujus

358 2938 559 3024 priorumque
581 2939 791 3016 conciliorum,
815 2961 885 3024 quae
909 2939 942 3002 in
965 2961 1061 3002 causa
1085 2936 1176 3002 Pauli
1201 2937 1400 3002 Samosateni

358 3037 442 3102 inter
465 3061 584 3103 annum
609 3043 680 3119 264.
703 3047 736 3104 et
761 3059 832 3120 270.
857 3040 1037 3104 Antioohiae
1062 3039 1172 3104 habita
1197 3045 1281 3112 sunt,
1306 3039 1401 3102 detur

358 3141 485 3214 notitia,
501 3142 578 3204 nihil
592 3143 723 3226 perinde
737 3143 809 3216 erit,
824 3165 862 3206 αα
881 3142 907 3204 si
926 3143 1080 3207 afferatur
1097 3142 1166 3225 ipsa
1182 3140 1312 3204 Eusebii
1327 3157 1399 3204 nar-

357 3243 441 3306 ratio
466 3265 505 3306 ex
528 3244 582 3307 lib.
601 3244 651 3307 vii.
675 3244 759 3308 Hirr.
783 3245 851 3327 ejus
874 3244 958 3307 Εασί.
984 3245 1161 3326 desumpta.
1206 3243 1325 3307 Ξύστον
1349 3246 1400 3320 τῆς

356 3341 508 3423 Ῥωμαίων
530 3348 688 3424 ἐκκλησίας
710 3347 809 3410 ἔτεσιν
833 3347 939 3409 ἕνδεκα
961 3344 1143 3426 προστάντα,
1167 3343 1335 3427 διαδέχεται
1357 3349 1398 3429 τῷ

358 3446 417 3510 κατ’
435 3446 666 3529 Ἀλεξάνδρειαν
683 3450 835 3527 ὁμώνυμος
857 3449 1025 3513 Διονύσιος.
1050 3448 1084 3509 ἐν
1105 3447 1197 3529 τούτῳ
1218 3448 1250 3509 δὲ
1271 3446 1319 3508 καὶ
1338 3453 1399 3524 Δη-

354 3553 514 3630 μητριανοῦ
536 3547 596 3612 κατ’
611 3549 800 3633 Ἀντιόχειαν
822 3551 875 3613 τδν
896 3552 968 3628 βίον
988 3548 1240 3628 μεταλλάξαντος,
1256 3547 1312 3626 τὴν
1333 3550 1396 3612 ἔπι-

355 3652 469 3730 σκοπην
496 3656 618 3720 Παῦλος
643 3655 660 3716 ὀ
687 3655 719 3716 ἐκ
747 3651 933 3732 Σαμοσάτων
962 3650 1202 3733 παραλαμβάνει.
1238 3653 1341 3715 τούτου
1364 3653 1398 3716 δὲ

354 3756 478 3816 ταπεινά
501 3754 548 3816 καὶ
571 3758 737 3835 χαμαιπετῆ
760 3757 827 3835 περὶ
850 3758 903 3818 τοῦ
925 3760 1056 3834 Χριστοῦ
1079 3757 1160 3835 παρὰ
1181 3753 1236 3833 τὴν
1259 3754 1395 3834 ἑιιιιλησιι

354 3854 477 3932 αστικὴν
494 3859 688 3919 διδασκαλίαν
705 3857 923 3938 φρονήσαντος,
938 3859 977 3924 ὦς
991 3860 1090 3921 κοινοῦ
1107 3856 1161 3935 τὴν
1175 3858 1269 3938 φύσιν
1283 3858 1395 3937 άνθριά-

352 3981 410 4018 που
429 3958 602 4037 γενομένου,
620 3960 637 4021 δ
657 3961 713 4036 μὲν
733 3957 794 4022 κατ’
812 3958 1043 4040 Ἀλεξάνδρειαν
1064 3960 1225 4025 Διονύσιος
1244 3966 1394 4040 παρακλη-

352 4060 413 4125 θεὶς
427 4061 465 4126 ὡς
479 4059 517 4123 δν
532 4062 580 4124 ἐπὶ
594 4060 647 4139 τὴν
663 4063 790 4124 σύνοδον
805 4063 958 4143 ἀφίκοντο·
976 4066 1069 4144 γῆρας
1082 4064 1156 4140 ὁμοῦ
1171 4061 1219 4124 καὶ
1234 4060 1394 4125 ἀσθένειαν

351 4166 403 4224 τοῦ
420 4164 555 4239 σώματος
575 4162 794 4242 αἰτιασάμενος,
815 4165 986 4227 ἀνατίθεται
1005 4164 1059 4241 τὴν
1080 4162 1257 4242 παρουσίαν,
1277 4159 1313 4224 δι’
1332 4164 1394 4225 ἔτι·

351 4268 460 4343 στολῆς
481 4265 535 4343 τὴν
559 4265 648 4328 αὐτοῦ
667 4265 787 4345 γνάμην
805 4263 843 4341 ἣν
862 4265 929 4347 ἔχοι
948 4265 1016 4345 περὶ
1035 4268 1088 4327 τοῦ
1105 4262 1282 4342 ζητουμένου
1301 4287 1395 4344 παρα.

350 4367 471 4445 στήσας.
496 4369 525 4429 oi
545 4370 576 4430 δὲ
598 4367 700 4430 λοιποὶ
720 4372 779 4429 τῶν
800 4369 966 4444 ἐκκλησιῶν
982 4364 1131 4445 ποιμένες,
1148 4365 1244 4431 άλλος
1262 4365 1396 4429 άλλοθεν

349 4469 387 4534 ὡς
409 4469 456 4531 ἐπὶ
476 4473 615 4547 λυμεῶνα
635 4472 685 4546 τῆς
705 4472 836 4549 Χριστοῦ
854 4469 979 4550 ποίμνης
998 4465 1154 4541 συνίεσαν,
1169 4468 1199 4530 οί
1217 4464 1327 4533 πάντες
1346 4467 1396 4530 ἐπὶ

348 4569 401 4647 τὴν
426 4569 616 4653 Ἀντιόχειαν
646 4573 832 4637 σπεύδοντες.
865 4572 977 4634 τοῦτον
1006 4570 1035 4633 οἳ
1063 4568 1196 4647 μάλιστα
1224 4567 1393 4649 διίπρεπον,
