3700 5667
450 666 516 733 262
753 668 1002 747 RELIQUIAE
1029 668 1207 732 SACRAE.

450 847 596 940 μᾶλλον
621 845 882 943 δυστυχοῦντος
906 843 965 919 καὶ
989 841 1182 938 πολεμίους
1208 837 1413 944 φεύγοντος,
1442 846 1501 920 καὶ

573 969 780 1001 »tat

452 971 544 1053 κατά
561 1006 721 1074 αναγκην
738 1007 785 1051 τα
804 973 873 1051 ἰδία
891 975 1209 1075 ἐγκαταλείποντος
1227 1007 1238 1070 3

851 1221 1035 1296 ΚΑΝΩΝ
1065 1223 1107 1299 Ε.

502 1374 642 1456 Ἀλλοι
674 1375 712 1455 δὲ
742 1373 887 1459 ἑαυτοὺς
916 1375 1158 1481 ἐξωτατῶσιν,
1189 1378 1269 1454 ἀντὶ
1300 1383 1372 1457 τῶν
1406 1378 1503 1457 ἰδίων

451 1519 524 1593 τῶν
542 1512 816 1611 ἀπολλυρενων,
836 1508 860 1589 ἀ
879 1511 982 1614 εὗρον
1005 1510 1183 1615 ἀλλότρια
1208 1513 1426 1617 κατέχοντες.
1458 1515 1500 1593 ἵν’
1511 1548 1527 1606 5

451 1645 571 1745 ἐπειδὴ
591 1649 708 1729 αὐτοῖς
728 1644 880 1746 Βοράδοι
903 1649 962 1724 καὶ
981 1644 1110 1724 Γότθοι
1132 1645 1178 1724 τά
1202 1647 1362 1743 πολέμου
1381 1648 1500 1748 εἰργά-

451 1815 577 1878 σαντο,
608 1783 707 1861 αάτοὶ
735 1781 862 1865 ἀλλοις
891 1781 1045 1882 Βοράδοι
1071 1783 1131 1860 καὶ
1159 1779 1288 1861 Γότθοι
1316 1780 1499 1883 γένωνται.

452 1916 715 2015 ἀπεστείλαμεν
740 1918 803 1995 οὖν
827 1913 890 1995 τὸν
915 1913 1077 2022 ἀδελφὸν
1102 1919 1161 1994 καὶ
1179 1915 1404 2017 συγγέροντα
1424 1916 1499 1996 Εὐ·

453 2051 638 2157 φρόσυνον
661 2049 719 2129 διά
740 2057 853 2129 ταῦτα
875 2048 967 2152 πρὸς
991 2052 1093 2147 ὑμᾶς,
1113 2051 1171 2129 ἵνα
1189 2048 1280 2130 κατά
1296 2048 1360 2130 τὸν
1378 2050 1501 2130 ε’νθάδε

451 2185 575 2283 τύπον,
593 2189 652 2265 καὶ
670 2187 778 2265 αὐτοῦ
797 2184 870 2290 δώῃ
888 2186 1028 2282 ὁμοίως,
1048 2189 1106 2264 καὶ
1124 2182 1174 2264 ὧν
1193 2189 1248 2265 δεῖ
1261 2184 1325 2268 τάς
1345 2220 1497 2287 κατηγο-
1514 2217 1549 2254 10

452 2321 530 2423 ρίας
547 2320 775 2423 προσίεσθαι,
796 2323 855 2397 καὶ
873 2317 934 2403 οὓς
952 2317 1141 2425 ἐκκηρύξαι
1158 2327 1231 2398 τῶν
1249 2321 1373 2423 εὐχῶν.

851 2570 1035 2645 ΚΑΝΩΝ
1063 2565 1110 2651 τ’.

508 2723 722 2825 Ἀπηγγέλη
750 2721 787 2802 δὲ
815 2725 850 2800 τὶ
878 2724 962 2821 ἡμῖν
990 2726 1048 2802 καὶ
1079 2723 1236 2801 ἀπιστον
1263 2726 1301 2800 ἐν
1327 2729 1373 2825 τῇ
1399 2723 1502 2827 χώρᾳ

454 2861 552 2956 ὑμῶν
570 2855 760 2958 γενόμενον
772 2855 915 2937 πάντως
930 2888 1002 2933 που
1015 2854 1085 2935 ὑπὸ
1104 2856 1268 2934 ἀπίστων
1282 2859 1340 2934 καὶ
1355 2860 1423 2934 ἀσε
1462 2864 1502 2934 Αἱν

453 2995 511 3071 καὶ
535 2990 585 3090 μὴ
609 2989 753 3068 εἰδότων
777 2987 865 3088 μηδὲ
894 2986 1007 3086 ὄνομα
1036 2986 1181 3089 Κυρίου,
1200 2986 1254 3066 ὅτι
1273 2989 1343 3090 ἀρα
1361 2995 1409 3071 εἰς
1435 3023 1497 3067 το-
1513 3022 1547 3078 ¹5

453 3134 587 3206 σοῦτον
613 3123 703 3209 τινὲς
728 3123 982 3225 ἀπανθρωπίας
1004 3127 1063 3203 καὶ
1085 3120 1266 3221 ὠμότητος
1290 3121 1496 3224 προεχώρη-

453 3423 544 3502 magia
564 3423 600 3482 ab
619 3442 654 3481 eo
671 3421 722 3500 qui
741 3423 827 3481 rebus
847 3422 951 3481 adver.
1002 3421 1130 3481 cundum
1147 3420 1270 3477 sormam
1293 3439 1357 3496 quta
1378 3418 1425 3476 hic
1445 3429 1499 3487 est,

453 3504 492 3564 aia
513 3505 664 3584 premitur,
686 3514 716 3561 et
738 3503 825 3582 fugit,
846 3515 876 3562 et
900 3524 951 3562 ne·
1003 3503 1090 3561 etiam
1106 3501 1146 3559 ibi
1161 3500 1211 3558 det
1225 3500 1368 3557 similiter.
1384 3510 1414 3556 et
1429 3519 1499 3574 quo·

452 3585 586 3643 cessitate
600 3595 717 3643 coactus
731 3585 848 3663 propria
861 3583 951 3643 relin·
1002 3603 1067 3640 rum
1087 3581 1283 3638 accusationes
1301 3578 1455 3636 admittere
1469 3600 1501 3634 o-

453 3665 543 3741 quit?
1001 3671 1125 3797 gorteat,
1140 3671 1170 3718 et
1184 3678 1258 3735 quos
1271 3679 1288 3716 a
1302 3659 1436 3735 precibus
1450 3658 1499 3716 ab·
1511 3672 1548 3709 20

1022 3759 1107 3799 reare.

595 3854 747 3912 CANON
768 3853 808 3912 V.

503 3984 564 4043 Alii
594 3995 692 4043 autem
726 3985 835 4062 aeipaoa
862 3983 949 4041 aedu-

452 4077 534 4134 cunt‚
558 4086 610 4144 pro
634 4066 760 4144 propriis
784 4084 848 4140 qua
873 4064 951 4141 peri-
1042 4062 1260 4122 Denunciatum
1277 4075 1375 4121 autem
1389 4077 1434 4123 eat
1448 4085 1501 4122 no·

452 4157 549 4212 crunt,
564 4145 659 4204 aliena
680 4166 744 4222 quoe
765 4146 951 4212 invenerunt,
1000 4143 1055 4210 bia,
1076 4142 1226 4220 quidpiam
1249 4144 1359 4201 factum
1385 4164 1447 4202 ease
1469 4145 1501 4201 in

453 4226 625 4285 detinentes.
669 4225 712 4284 Ut
733 4225 869 4302 quoniam
891 4222 950 4280 Βο-
1002 4233 1100 4281 noatra
1120 4224 1240 4301 regione
1261 4223 1431 4282 incredibile
1454 4222 1545 4297 vela5

451 4306 514 4364 radi
527 4317 557 4364 et
568 4306 673 4364 Gotthi
688 4307 729 4364 eia
744 4304 860 4363 hostilia
873 4304 950 4361 fece·
999 4304 1102 4380 utique
1113 4303 1149 4361 ab
1160 4302 1326 4361 infidelibus
1335 4304 1381 4361 vel
1392 4305 1498 4382 impiis,

452 4396 523 4443 runt
532 4408 541 4454 ;
563 4385 619 4464 ipsi
639 4385 698 4443 aint
717 4385 781 4443 aliis
796 4382 904 4441 Boradi
919 4393 950 4441 et
1000 4394 1031 4441 et
1049 4384 1100 4460 qui
1118 4403 1156 4442 ne
1174 4404 1279 4441 nomen
1299 4383 1417 4459 quidem
1437 4383 1500 4440 Do-

453 4465 567 4522 Gotthi.
587 4465 745 4542 Propterea
753 4484 822 4541 ergo
830 4463 950 4521 fratrem
1001 4463 1072 4520 mini
1100 4483 1225 4522 novere:
1257 4462 1335 4539 quod
1365 4463 1499 4520 nonnulli

452 4553 483 4601 et
493 4563 646 4602 consenem
662 4554 793 4602 nostrum
806 4542 949 4621 Eufrcsy·
1001 4561 1036 4601 eo
1052 4544 1283 4608 inhumanitatis,
1304 4542 1498 4601 crudelitatis·

452 4642 522 4680 num
548 4623 583 4680 ad
607 4643 657 4682 voa
681 4623 822 4688 misimus,
847 4635 881 4680 ut
906 4643 951 4681 se·
1002 4643 1059 4699 que
1071 4643 1243 4700 processere,
1255 4634 1288 4681 ut
1303 4623 1431 4699 captivos
1446 4621 1547 4695 ali-30

1133 3932 1286 3991 CANON
1307 3933 1365 3992 VI.
