3700 5667
640 641 690 704 IN
712 643 943 708 CONClLIA
968 646 1215 709 CARTHAG.
1386 649 1450 714 187

401 805 450 871 Do
475 805 689 889 Ιῳαίἰοιιὶὂιιι
713 808 934 873 Ecclesiasticis
959 812 990 892 ξ.
1014 810 1098 875 xviii.
1128 833 1159 896 p.
1183 831 1234 895 94.
1280 812 1391 876 Adisis
1416 821 1450 878 ct

401 905 578 970 Mamaehii
603 909 741 994 Otipines
761 921 789 974 st
810 912 996 996 Antiquitct.
1023 912 1226 989 Otr-letiense,
1245 912 1306 976 vol.
1322 913 1355 975 ii.
1376 935 1450 999 pag.

401 1009 477 1093 316.
498 1008 551 1093 qui
567 1009 635 1092 ipsc
654 1011 773 1094 optime
792 1013 848 1089 ait,
865 1013 891 1076 si
910 1014 959 1077 fas
979 1014 1022 1077 sit
1039 1023 1244 1078 monumenta
1258 1014 1326 1079 haeo
1341 1023 1451 1080 vetera

401 1110 434 1174 in
459 1111 576 1197 spuriis
600 1134 778 1192 numerare,
802 1114 921 1179 nullum
948 1138 1024 1179 sane
1047 1124 1116 1179 tam
1139 1117 1295 1180 sincenrm
1319 1126 1450 1202 tamque

400 1212 572 1296 genuinum
594 1214 736 1278 futurum
759 1238 838 1292 esse,
861 1218 946 1300 qued
969 1217 1099 1302 rejicere
1121 1218 1234 1302 cuique
1257 1241 1320 1282 nen
1342 1219 1448 1285 liceat.

403 1313 494 1378 Nunc
515 1337 600 1391 vero,
619 1317 703 1400 quod
724 1319 841 1382 referre
860 1319 960 1403 piget,
977 1320 1040 1382 vidi
1060 1327 1188 1384 tantum
1207 1320 1342 1385 valuisse
1362 1324 1449 1406 apud

403 1414 591 1479 Mercellum
627 1416 820 1500 praejudicia,
854 1426 890 1481 ut
925 1418 959 1480 in
988 1416 1109 1500 Africa
1139 1418 1317 1482 Christiana
1353 1419 1449 1482 modo

402 1515 497 1589 dicta,
513 1538 609 1600 opere
629 1540 705 1581 sane
725 1519 862 1603 egregie,
880 1518 1023 1582 Missorii
1040 1519 1121 1583 scita
1138 1520 1341 1604 approbaret.
1385 1520 1449 1584 Sed

402 1617 442 1680 de
462 1617 522 1682 hac
544 1640 579 1682 re
601 1618 673 1704 plus
697 1619 772 1683 alibi
796 1619 862 1682 dixi
887 1620 930 1682 ed
953 1620 1129 1683 Firmiliaui
1158 1622 1336 1707 Epistulam
1362 1624 1448 1707 apud

405 1719 565 1804 Optem,
582 1722 642 1785 vol.
658 1722 677 1784 i.
697 1744 727 1806 p.
747 1740 819 1805 259.
851 1722 960 1786 Alium
981 1725 1139 1806 quendam
1157 1745 1221 1786 uon
1240 1723 1377 1801 nomino,
1394 1725 1449 1808 qui

403 1820 550 1906 indignus
571 1821 643 1897 luit,
665 1832 702 1886 ut
727 1845 748 1887 a
772 1823 958 1888 Gottefrido
980 1824 1138 1910 Lumpero
1162 1825 1194 1887 iu
1219 1826 1365 1889 Hbteria
1390 1848 1449 1889 sua

407 1922 716 2009 recepta-cetea
730 1933 798 1991 tam
813 1947 944 2010 operose
959 1926 1187 1991 confutaretur.

445 2026 483 2090 P.
504 2044 573 2111 115.
589 2026 608 2090 l.
627 2048 677 2109 24.
700 2027 876 2114 confessus]
898 2029 1011 2105 Solius,
1031 2029 1116 2114 quod
1138 2029 1246 2105 sciam,
1268 2028 1447 2095 Baluzianoe

402 2127 550 2193 editionis
571 2128 634 2194 lide
652 2130 767 2194 nititur
786 2131 846 2195 hoc
866 2131 1007 2207 verbum,
1024 2131 1181 2214 confecere,
1195 2130 1262 2194 sine
1281 2132 1447 2196 admonitu

401 2227 434 2292 in
456 2229 542 2294 illam
563 2240 736 2318 receptum.
781 2232 879 2297 Haud
902 2241 993 2297 extet
1015 2232 1048 2295 in
1070 2240 1218 2315 quatuor,
1234 2233 1348 2317 quibus
1362 2241 1448 2312 utor,

401 2330 571 2396 codicibus.
601 2332 713 2396 Versio
728 2334 885 2397 Actorum
900 2333 1014 2397 Graeea
1032 2339 1159 2395 tuntum
1179 2332 1286 2404 habet,
1303 2333 1448 2397 ἀλλὰκαὶ

402 2437 438 2519 τῇ
462 2435 622 2515 ἐπιγνώσει
646 2439 698 2514 τῆς
721 2436 861 2514 ἀληθείας
884 2434 974 2518 χάριν
997 2435 1202 2514 ὡμολόγησεν.
1238 2435 1348 2518 Mejus
1373 2456 1447 2498 vero

401 2537 563 2621 estquod
582 2536 650 2601 loca
671 2544 784 2601 extant
802 2537 866 2601 alia
885 2538 917 2600 in
937 2537 998 2601 heo
1018 2536 1160 2600 Concilio
1179 2537 1305 2600 circiter
1324 2559 1447 2615 novem,

400 2657 534 2721 quorum
548 2637 816 2701 immutandorum
833 2638 982 2702 Baluzius
999 2644 1250 2722 praetermorem
1268 2659 1360 2700 suum
1379 2637 1447 2701 nul-

400 2737 464 2804 lum
478 2739 617 2803 reddidit
630 2740 795 2804 rationem.
834 2740 939 2821 Quum
954 2763 1027 2804 vero
1042 2742 1090 2804 vir
1104 2739 1305 2803 doctissimus
1322 2739 1446 2803 cedices

400 2842 536 2926 scriptos
558 2841 601 2905 ad
623 2842 756 2927 triginta
779 2843 883 2906 minus
906 2843 939 2906 in
963 2843 1136 2907 subsidium
1161 2841 1308 2906 hebuerit
1330 2842 1363 2905 iu
1386 2840 1445 2927 cy-

400 2942 511 3026 priano
531 2965 589 3006 suo
608 2944 740 3020 edendo,
751 2945 833 3008 'mihi
853 2952 924 3008 erat
939 2944 1048 3029 religio
1069 2944 1231 3009 eliminare
1247 2944 1347 3007 bonas
1366 2943 1443 3007 alio·

401 3045 476 3128 quin
496 3044 658 3121 lectiones,
676 3047 716 3110 de
736 3068 870 3130 quarum
891 3068 987 3110 eausa
1007 3047 1040 3110 in
1060 3046 1208 3110 absentia
1225 3047 1357 3111 testium
1373 3067 1447 3130 pru·

400 3145 510 3210 deuter
518 3146 664 3232 judicare
678 3169 741 3211 nen
752 3148 879 3212 licebat.
902 3148 1210 3213 Commemoratione
1225 3170 1300 3232 erge
1312 3148 1446 3210 istarum

399 3256 568 3313 contentus
581 3249 637 3312 fui.
683 3249 747 3313 Sed
768 3249 838 3313 aliae
859 3256 1017 3334 praeterea
1032 3271 1141 3334 paueoe
1162 3248 1314 3313 lectiones
1332 3254 1409 3311 suut
1425 3268 1447 3310 a

400 3349 529 3414 Baluzm
553 3353 643 3430 (nam
669 3358 793 3414 textum
816 3351 966 3436 Cypriani
996 3358 1072 3415 ante
1102 3357 1238 3414 mortem
1264 3350 1332 3432 ejus
1360 3347 1446 3432 typis

399 3451 586 3536 impressum
605 3451 700 3515 fuisse
720 3452 872 3516 Praefatie
892 3453 1048 3533 ostendit)
1065 3474 1136 3515 cum
1157 3450 1283 3514 silentio
1301 3448 1446 3512 similiter

400 3555 600 3630 introductae,
631 3576 710 3637 quos
739 3554 877 3638 quidem,
905 3576 977 3617 cum
1007 3555 1092 3617 haud
1124 3575 1215 3638 aequc
1244 3550 1336 3613 benae
1362 3548 1446 3612 vidc-

399 3667 518 3730 reutur‚
542 3656 667 3720 ratione
690 3657 729 3719 de
753 3656 792 3719 iis
816 3656 954 3731 reddita,
980 3655 1187 3719 dimittendas
1212 3674 1280 3716 esse
1304 3673 1325 3713 a
1351 3657 1444 3714 textu

399 3759 518 3843 putavi.
549 3757 639 3822 conf.
655 3779 752 3840 supra
768 3781 798 3842 p.
812 3777 865 3835 41.
890 3755 973 3820 Cum
988 3778 1063 3821 vero
1078 3757 1193 3820 ibidem
1209 3755 1285 3830 dixi,
1296 3753 1447 3839 Cypriani

399 3868 523 3925 textum
548 3880 610 3922 neu
635 3861 739 3922 tetum
765 3882 785 3922 a
808 3859 939 3923 Baluzio
965 3866 1111 3923 curatum
1137 3859 1243 3935 luisse,
1266 3857 1309 3921 ibi
1334 3855 1446 3919 melius

398 3961 582 4046 posuissem,
597 3960 685 4023 illum
703 3961 872 4046 aliquunde
890 3960 931 4023 ab
949 3961 1124 4024 editoribus
1141 3959 1357 4024 Benedictinis
1372 3965 1445 4041 pest

398 4070 532 4127 mertem
556 4061 678 4125 Baluzii
702 4069 861 4126 mutatum
888 4084 978 4133 esse;
1011 4062 1095 4145 quod
1120 4061 1248 4146 quidem
1270 4060 1302 4121 in
1328 4057 1444 4121 celebri

397 4164 466 4228 loce
480 4163 576 4229 Libri
590 4164 627 4227 ds
647 4164 771 4227 Uoitele
783 4164 926 4227 Ecclesia
942 4185 962 4226 a
982 4164 1150 4227 selectum
1166 4162 1225 4248 ipsi
1241 4159 1443 4245 profitentur,

397 4289 451 4330 eos
472 4289 547 4331 vero
569 4273 606 4330 ut
628 4266 687 4329 hoc
709 4288 747 4329 eo
769 4266 838 4329 leco
860 4265 1012 4340 lacerent,
1033 4285 1136 4328 causae
1159 4270 1320 4326 extraneae
1342 4259 1443 4343 impu·

397 4366 512 4433 lerunt.
544 4367 693 4432 Ceterum
709 4374 801 4431 extat
817 4366 964 4451 Epistola
979 4366 1030 4430 bic
1046 4372 1223 4428 memorata
1237 4360 1387 4446 Cypriani
1402 4361 1444 4423 ad

396 4469 420 4532 J
422 4470 602 4545 ubaienum,
620 4489 705 4531 num.
721 4491 814 4532 cxxx.
831 4470 966 4553 signata.
1295 4488 1301 4501 ·

441 4570 523 4635 Ibin
541 4571 561 4634 1.
580 4573 630 4634 26.
646 4578 704 4635 aut
723 4592 743 4633 a
756 4570 828 4654 jure
850 4561 1383 4648 communicationis-amoventes]
1401 4564 1441 4627 ld

877 4694 894 4734 a
909 4672 931 4734 b
945 4675 966 4733 2
