3700 5667
495 664 559 730 170
827 664 1206 729 ANNOTATIONES

494 858 566 920 quae
589 836 647 898 nisi
670 857 735 900 uno
756 858 921 920 superesse
944 858 1007 899 uon
1029 843 1145 920 potest.
1171 836 1302 898 Furnos.
1340 836 1471 900 Oertum
1494 840 1546 899 est

494 960 643 1022 magnum
663 959 703 1001 ea
724 945 917 1022 tempestato
939 938 1034 1002 fuisse
1055 938 1303 1003 controversiam
1324 940 1408 1002 iuter
1424 938 1545 1022 episco-

493 1061 552 1124 pos
575 1037 715 1103 ecclesius
738 1039 891 1103 Romonae
918 1046 952 1102 ot
975 1039 1234 1125 Osmhuginensis
1258 1061 1301 1103 sn
1327 1035 1468 1103 haeretici
1494 1062 1545 1103 ve-

494 1142 615 1205 nientes
646 1142 689 1205 sd
717 1141 881 1205 ecclesiam
911 1141 1051 1204 debeant
1078 1141 1280 1225 rebaptizari.
1326 1141 1424 1206 Initia
1449 1141 1546 1227 hujus

494 1241 717 1308 controversiae
738 1243 831 1328 vulgo
853 1244 1035 1309 reseruntur
1054 1246 1095 1308 ad
1114 1244 1334 1330 pontificatum
1354 1244 1453 1330 Papae
1474 1245 1546 1309 Ste-

493 1347 601 1432 phani.
640 1346 689 1409 At
704 1345 839 1409 Rufinus
854 1345 908 1410 lib.
923 1347 976 1409 vii.
992 1369 1062 1431 osp.
1080 1366 1109 1411 2.
1125 1348 1236 1412 scribit
1251 1369 1322 1412 eom
1337 1349 1470 1432 coepisse
1484 1348 1544 1412 sub

492 1449 684 1535 pontificatu
708 1448 858 1513 Cornelii.
904 1450 997 1531 Quod
1023 1451 1182 1515 Batonius
1207 1451 1372 1515 contendit
1395 1473 1464 1514 csse
1487 1450 1544 1514 fel-

494 1575 574 1616 sum.
619 1553 682 1617 Sed
699 1552 829 1616 Beronii
851 1552 1043 1617 senteutiam
1064 1553 1193 1637 quidam
1209 1552 1266 1616 viri
1282 1553 1366 1616 docti
1387 1560 1543 1637 putsmnt

493 1676 557 1718 non
584 1676 653 1718 esse
677 1675 794 1718 verum.
841 1654 991 1719 Profecto
1021 1655 1197 1718 auctoritas
1227 1654 1334 1717 Rufini
1363 1653 1479 1717 veteris
1508 1661 1543 1718 et

493 1756 580 1821 docti
600 1755 763 1842 scriptoris
786 1778 850 1819 non
868 1758 965 1821 debet
985 1757 1073 1842 rejici
1093 1758 1214 1841 absque
1230 1759 1321 1822 bonis
1340 1756 1542 1822 testimoniis.

493 1860 607 1924 Potest
627 1867 735 1924 sutem
754 1858 808 1923 ills
822 1860 1002 1924 confirmari
1025 1860 1220 1924 auctoritato
1240 1859 1380 1944 epistolae
1402 1858 1542 1922 Cornelii

492 1963 534 2027 od
551 1962 757 2047 Cyprianum,
775 1983 870 2047 quam
893 1962 1045 2047 descripsi
1065 1984 1105 2026 ex
1127 1963 1250 2025 duobus
1267 1960 1409 2044 antiquis
1428 1962 1543 2025 codici·

492 2066 552 2130 bus
568 2066 802 2149 manuscriptis,
817 2087 952 2149 quorum
966 2088 1048 2128 unus
1063 2072 1112 2128 est
1127 2065 1158 2127 in
1174 2065 1366 2127 bibliotheca
1380 2074 1541 2128 monaste-

491 2167 564 2231 terii
585 2167 687 2231 sancti
704 2166 839 2250 Remigii
855 2166 1030 2241 Romensis‚
1046 2166 1127 2230 elius
1141 2166 1173 2228 in
1192 2166 1384 2229 bibliothece
1398 2164 1542 2228 illustris-

491 2270 563 2333 simi
584 2278 617 2333 ct
638 2267 810 2333 doctissimi
826 2269 883 2331 viri
899 2268 920 2331 J
922 2269 1032 2332 oannis
1048 2269 1189 2333 Bohierii
1207 2268 1352 2353 praesidis
1369 2268 1494 2331 infulati
1508 2268 1541 2330 in

491 2372 690 2457 parlamento
706 2371 908 2455 Burgundiae.
957 2370 1056 2434 Edita
1077 2379 1126 2435 est
1141 2380 1249 2435 autom
1264 2393 1361 2456 supro
1375 2392 1448 2455 pag.
1468 2375 1540 2452 167.

494 2472 559 2538 Ubi
582 2496 657 2537 vero
679 2474 823 2558 Rophuel
845 2471 1073 2538 Volatermnus
1096 2474 1250 2537 invenerit
1272 2474 1452 2538 Cornelium
1475 2497 1540 2538 oes-

491 2575 569 2640 sisse
598 2575 758 2660 Cypriane
787 2578 928 2640 nondum
957 2577 1097 2640 invenire
1126 2576 1225 2661 potui.
1280 2577 1438 2641 cecorum
1468 2577 1541 2641 istic

491 2678 639 2743 annotari
665 2686 771 2762 potest
791 2681 961 2755 Armenos‚
976 2688 1013 2743 ut
1032 2680 1134 2743 trudit
1150 2679 1258 2743 Guido
1280 2681 1320 2742 de
1337 2678 1541 2763 Perpiniano,

491 2782 608 2845 dixisse
622 2782 705 2865 quod
722 2803 831 2845 verum
853 2782 1014 2866 baptismo
1033 2783 1134 2845 solum
1155 2790 1225 2846 emt
1245 2782 1277 2845 in
1297 2783 1428 2846 ecclesia
1442 2781 1543 2866 majo-

491 2883 536 2947 ris
551 2884 722 2960 Armenios,
738 2891 772 2949 ct
787 2906 850 2947 non
865 2884 896 2946 in
912 2884 994 2957 aliis,
1010 2892 1142 2969 propter
1157 2886 1241 2968 quod
1256 2884 1335 2948 alios
1349 2885 1391 2947 od
1406 2906 1440 2947 se
1455 2883 1540 2948 veni-

383 2970 386 2974 Δ
491 2994 581 3050 entes
610 2985 858 3069 rebaptizabant.
894 2986 1061 3051 Bsnuzms.
1117 2986 1217 3050 Haud
1246 3008 1430 3072 germanum
1459 3009 1540 3062 esse,

492 3088 549 3152 sed
571 3086 698 3150 omnino
718 3087 878 3172 repudiari
899 3088 1024 3162 debere,
1041 3088 1206 3172 epistolem
1226 3089 1321 3152 istom
1338 3088 1476 3152 Cornelii
1496 3090 1539 3152 nd

493 3191 685 3275 Cypriorum
711 3213 732 3254 a
755 3190 885 3255 Baluzio
908 3191 1045 3276 primum
1072 3191 1201 3268 editam,
1226 3191 1351 3255 ostendi
1376 3191 1418 3255 od
1442 3191 1538 3254 finem

492 3295 524 3359 S.
541 3293 691 3358 Oonrnuu
707 3293 941 3379 Excerptomm
957 3317 988 3378 p.
1006 3294 1057 3355 88.

537 3398 572 3460 P.
593 3417 662 3480 109.
679 3397 699 3461 l.
722 3414 768 3480 15.
782 3397 866 3460 locus
879 3395 1013 3479 detritos]
1030 3394 1187 3478 Rigaltius
1201 3395 1268 3466 ait3
1293 3395 1419 3461 λάκκους
1434 3420 1539 3459 συντε-

491 3498 674 3579 τριμμένους.
706 3499 798 3583 Vulg.
829 3499 974 3562 cisternas
1002 3497 1178 3581 dissupatas,
1207 3497 1266 3559 hcc
1295 3504 1355 3571 est,
1386 3496 1539 3558 rimamm

489 3599 610 3685 plenos,
633 3601 691 3665 hac
713 3601 846 3684 illacque
868 3601 1068 3685 perfluentes.
1116 3599 1274 3662 Pncisnus
1296 3599 1388 3684 epist.
1411 3599 1455 3661 iii.
1478 3619 1539 3661 non

489 3712 658 3765 consecrato
681 3703 749 3766 sodc
773 3713 931 3776 contentus,
959 3702 1101 3765 detritum
1128 3702 1227 3765 mocon
1252 3703 1421 3765 adclmrini
1436 3702 1539 3783 fortiis

489 3803 658 3867 adamavit.
715 3803 931 3887 Hieronymus
957 3805 1108 3866 advorsus
1136 3803 1373 3867 Luoiserianos:
1407 3805 1539 3866 Onustus

489 3915 530 3969 cst
550 3916 577 3969 ct
599 3904 699 3969 tonos
721 3907 896 3991 Cyprianus
918 3906 1058 3969 emeritos
1077 3906 1161 3969 hrono
1170 3908 1292 3991 supero,
1312 3928 1364 3969 nec
1385 3904 1481 3970 bitere
1500 3906 1539 3969 do

490 4030 572 4093 aquo
595 4008 710 4085 alieno,
725 4019 753 4072 ct
775 4009 890 4073 idcirco
912 4008 1120 4071 doereticorum
1139 4008 1289 4093 baptisma
1307 4006 1541 4091 repromissuri

489 4112 674 4197 Stephanum
693 4122 764 4176 tunc
778 4114 930 4177 Rornanae
948 4110 1033 4174 ordis
1050 4112 1228 4196 episcopum,
1243 4112 1296 4195 qui
1310 4134 1331 4174 c
1346 4109 1427 4174 docto
1442 4112 1539 4174 Petro

488 4215 646 4300 cipcsimm
673 4224 771 4278 sectus
790 4215 872 4298 fuit,
901 4235 992 4298 sirpo
1019 4213 1076 4276 duc
1101 4235 1136 4306 rc
1163 4214 1350 4296 Africanam
1380 4213 1537 4295 Syoodcm

488 4317 621 4381 directi:
647 4318 701 4381 ssd
722 4327 843 4380 conotus
867 4316 931 4400 ejus
946 4317 1074 4400 frustra
1090 4317 1170 4400 fcit.
1201 4315 1376 4378 chnsrms
1401 4337 1421 4379 u
1445 4315 1537 4378 Feilo

486 4419 612 4483 allatus.
658 4419 812 4504 Reposuit
841 4419 872 4481 S.
899 4418 1098 4502 Hieronymo
1128 4417 1231 4481 editor
1256 4418 1324 4501 ejus
1349 4416 1537 4480 novissimus

486 4520 525 4584 cl.
545 4521 718 4585 Vollarsius
737 4522 891 4585 ciccdmus
910 4520 1065 4596 scomsdus,
1080 4542 1138 4604 pro
1159 4520 1318 4604 siparium
1337 4527 1442 4582 emtus.
1490 4519 1537 4583 Et
1641 4523 1650 4536 “

488 4623 617 4688 Eusebii
638 4623 821 4687 Chronioum
842 4631 908 4687 tam
932 4623 1208 4704 Hieronymicnum
1231 4642 1327 4704 quom
1349 4622 1537 4685 Armenium
