3700 5667
392 607 436 685 86
736 610 1094 680 ANNOTATIONES

393 811 490 876 porro
510 787 693 852 Erasistum
714 785 810 849 fuisse
831 806 931 849 unum
952 805 993 848 ex
1015 784 1251 849 ordinatoribus
1268 780 1440 849 Novatiaui

392 890 520 975 collegit
536 912 577 953 ex
596 888 732 974 epistole
751 888 816 952 ista
831 886 991 950 Henrieus
1007 886 1151 950 Valesius
1172 886 1205 949 in
1225 885 1441 951 annotationi·

394 994 453 1057 bus
478 992 521 1056 ad
546 991 662 1054 librum
683 991 723 1054 vi.
739 1012 808 1075 cap.
822 1009 875 1073 43.
892 989 1033 1054 historice
1056 989 1277 1054 ecelesiastieae
1300 990 1441 1054 Eusebii.

395 1096 441 1176 (h.
458 1115 484 1158 e.
500 1093 541 1157 cd
557 1092 692 1157 Cornelii
709 1091 813 1177 Epist.
829 1092 870 1154 ad
886 1089 1032 1167 Fabium,
1049 1113 1145 1175 quarn
1167 1091 1251 1156 inira
1264 1091 1441 1168 collocavi.)

394 1195 561 1259 Bsauzms.
603 1196 641 1256 ln
656 1194 791 1278 epistole
806 1193 949 1278 proxime
964 1193 1108 1276 sequenti
1123 1193 1245 1258 dumis
1258 1204 1395 1257 eadm
1407 1188 1444 1259 se

394 1297 489 1362 luisse
506 1297 694 1360 confitentes
714 1295 814 1358 habes
833 1295 1038 1371 consessores,
1055 1294 1108 1378 qui
1124 1295 1295 1360 Novatiani
1316 1296 1443 1360 ordina-

394 1399 473 1464 tioni
488 1397 630 1462 consensi
646 1403 760 1460 essent.

439 1504 477 1565 P.
489 1520 534 1582 17.
545 1501 566 1563 l.
577 1520 608 1584 3.
624 1507 658 1562 et
673 1519 885 1562 successorem
900 1498 996 1582 plebi]
1016 1499 1120 1562 Oxou.
1132 1498 1208 1562 edit.
1221 1519 1442 1573 samm,-

394 1613 429 1669 et
458 1604 490 1666 in
517 1602 611 1677 notis,
634 1621 835 1676 successorem,
864 1601 989 1663 suanae.
1012 1602 1111 1663 Veron.
1129 1601 1215 1683 forts
1235 1622 1441 1665 mousom

395 1703 608 1768 Retinendum
628 1723 698 1765 cum
719 1701 789 1765 aliis
808 1700 897 1764 libris
915 1721 1125 1764 eumenem
1148 1723 1219 1784 quae
1235 1722 1296 1764 vox
1316 1723 1380 1764 non
1399 1702 1442 1767 ad

396 1803 589 1880 Evaunum,
613 1803 668 1867 sed
693 1803 735 1866 ad
758 1803 875 1865 Zetum
898 1801 971 1864 huic
999 1801 1164 1865 suffectum
1190 1801 1339 1865 refertur.
1362 1801 1447 1865 Ocu.

394 1930 499 1969 srsnr.
545 1910 755 1971 Successorem.
803 1905 858 1966 lta
873 1924 982 1965 omnes
997 1902 1068 1965 libri
1084 1912 1205 1966 veteres
1220 1911 1253 1965 et
1275 1903 1442 1968 editiones.

396 2008 506 2093 Angli,
521 2008 626 2071 nescio
642 2029 705 2090 qua
720 2005 924 2079 auctoritate,
937 2012 1110 2088 posuerunt
1124 2026 1331 2080 scoocmrsm,
1345 2004 1456 2083 nullo,-

394 2118 432 2173 nt
454 2111 602 2185 arbitror,
619 2130 724 2183 sensu,
739 2115 904 2170 monentes
927 2105 1054 2169 iuterim
1078 2105 1244 2190 legendum
1267 2105 1351 2169 sorte
1373 2127 1443 2170 esee

393 2231 603 2275 secuereorem.
649 2209 711 2271 Sed
727 2229 787 2292 ego
803 2206 907 2270 nescio
927 2206 981 2269 ubi
1003 2206 1180 2269 invenerint
1194 2227 1302 2268 vocem
1321 2207 1444 2270 mocer-

395 2331 487 2374 sersm
502 2308 618 2392 alioqui
635 2309 725 2372 volde
740 2307 883 2372 inutilem
898 2308 931 2371 in
951 2309 1011 2370 hoc
1031 2306 1110 2370 loco.
1154 2307 1214 2370 Ait
1234 2306 1317 2370 enim
1332 2307 1446 2392 cypria

396 2432 477 2475 auus
491 2412 607 2474 Zetum
622 2410 654 2472 in
669 2410 771 2473 locum
787 2410 928 2473 Evaristi
943 2410 1126 2495 episcopum
1141 2431 1209 2472 esse
1229 2410 1444 2474 constitutum

396 2522 431 2578 et
446 2534 658 2577 successorem
669 2511 752 2597 plebi
764 2513 874 2576 datum
886 2511 936 2574 cui
948 2510 975 2574 is
986 2520 1062 2574 ante
1074 2511 1254 2595 praeluernt.
1272 2511 1443 2576 Bssuzrus.

396 2617 614 2691 boensem,
638 2614 768 2678 verbum
795 2614 973 2698 antiquum,
997 2613 1082 2695 quod
1107 2635 1142 2676 re
1167 2613 1237 2697 ipsa
1262 2615 1447 2698 conjecerat

399 2717 428 2781 F
429 2718 507 2782 ellus
529 2717 708 2799 legendum,
724 2715 756 2778 in
779 2736 905 2778 sensum
928 2714 1085 2776 coemiterio
1106 2735 1162 2777 seu
1181 2715 1379 2791 cumeanus,
1399 2715 1444 2780 vi-

398 2820 493 2884 detur
514 2820 556 2882 ab
572 2840 611 2881 eo
630 2824 808 2901 acceptum,
828 2816 940 2879 Glossis
957 2816 1014 2878 Vel.
1030 2818 1188 2890 Socerum,
1209 2817 1365 2880 Κατασείω
1387 2817 1444 2882 he·

398 2921 557 2984 bentibus.
603 2919 732 2981 Videsis
748 2917 868 2981 Valesii
889 2925 958 2981 not.
972 2917 1013 2980 ad
1030 2917 1156 2981 Geumi.
1173 2918 1329 2980 Anrrocu.
1351 2919 1444 2984 infra.

397 3022 461 3085 Sed
477 3020 549 3083 huic
563 3019 754 3102 conjecturae
770 3017 821 3079 vix
836 3017 1001 3080 assentior.

440 3120 524 3185 Ibid.
541 3118 636 3204 plebi,
655 3117 704 3181 cui
729 3123 806 3180 ante
831 3117 1004 3200 praefuernt
1029 3120 1158 3202 Zetum]
1191 3121 1232 3182 In
1254 3119 1325 3183 MS.
1346 3120 1442 3185 Gorb.

394 3224 684 3306 consecrantum
706 3245 727 3286 a
749 3222 852 3306 prima
872 3244 969 3286 manu
987 3225 1106 3299 ledam,
1122 3223 1267 3286 secundis
1287 3223 1370 3286 curis
1384 3224 1444 3288 Zo-v

394 3346 489 3399 eem,·
514 3326 599 3410 quod
617 3332 651 3388 et
666 3324 826 3389 Pamelius
847 3325 879 3388 in
895 3326 1085 3390 Camberon.
1101 3325 1214 3410 legisse
1236 3347 1270 3388 se
1292 3334 1442 3390 testatur.

395 3429 532 3493 Praelert
557 3450 639 3492 uuus
664 3428 787 3513 Anglic.
811 3428 960 3492 Zoticcm.
1008 3427 1124 3511 (Errat
1150 3427 1201 3490 hle
1223 3428 1442 3506 Constantius,

394 3552 470 3595 nam
489 3531 628 3594 Zoticam
650 3553 708 3615 pro
727 3531 911 3613 Dionysium
934 3530 996 3614 legi
1018 3539 1094 3594 ante
1116 3531 1149 3592 in
1171 3530 1224 3592 lin.
1246 3550 1294 3610 ¹4·
1310 3529 1343 3592 in
1365 3530 1443 3595 edit.

396 3633 497 3696 Oxou.
514 3639 661 3695 notatum
676 3639 750 3712 est.)
785 3633 915 3708 Eorum,
933 3633 986 3716 qui
1003 3631 1186 3695 Evaristum
1201 3632 1243 3696 ab
1258 3631 1445 3718 episcopatu

394 3742 602 3807 removerent,
618 3733 813 3795 auctoritate
831 3754 1043 3796 successorem
1064 3733 1123 3818 ipsi
1144 3734 1327 3796 ordinatum
1347 3734 1444 3798 fuisse

394 3833 468 3896 bine
482 3832 591 3916 liquet.
614 3831 785 3895 Oousrnnr.
830 3835 949 3897 Zetem.
995 3833 1068 3898 Hoc
1090 3856 1204 3898 nomen
1224 3834 1314 3898 deest
1334 3834 1368 3897 in
1388 3857 1444 3899 an·

396 3933 494 4017 tiquis
514 3932 707 3996 editionibus
727 3940 761 3997 et
783 3934 816 3997 in
839 3936 1028 4020 quibusdam
1051 3937 1210 4000 veteribus
1231 3936 1329 3999 libris.
1374 3938 1445 4000 Hs·

394 4035 491 4099 betur
511 4042 619 4099 tamen
643 4034 675 4097 in
697 4057 762 4099 une
784 4058 854 4101 meo
876 4045 911 4102 et
933 4038 965 4100 in
988 4039 1127 4103 editione
1154 4039 1356 4103 Manutiana.
1403 4040 1445 4103 Iu

398 4136 540 4200 Funensi
555 4137 709 4222 scriptum
727 4146 776 4202 est
796 4139 932 4202 Gentem.
978 4140 1189 4216 Corbciensis,
1205 4140 1237 4203 in
1258 4163 1321 4223 quo
1341 4144 1444 4225 primo

395 4237 549 4322 scriptum
564 4237 624 4301 suit
639 4239 758 4314 Zetum,
778 4239 899 4317 (confer
915 4241 1141 4305 Constantium
1164 4242 1274 4325 supra)
1291 4241 1390 4306 habet
1403 4263 1445 4306 ex

396 4337 618 4402 emendatione
632 4339 762 4402 Zeuam.
809 4339 883 4426 Quo
903 4340 1001 4404 etiam
1020 4343 1116 4404 modo
1131 4341 1284 4424 scriptum
1300 4341 1396 4404 luisse
1411 4341 1444 4404 in

396 4438 644 4504 Camberonensi
660 4446 801 4504 testatur
816 4442 988 4506 Pamelius.
1032 4443 1106 4507 Zeti
1121 4443 1295 4527 cujusdam,
1311 4443 1365 4506 sed
1388 4464 1444 4506 an·

395 4536 554 4622 tiquioris,
573 4538 694 4602 mentio
718 4547 768 4604 est
793 4543 878 4625 apud
902 4543 1107 4627 Propertium
1128 4543 1241 4607 libili.
1265 4541 1345 4627 eleg.
1361 4563 1391 4626 3.
1409 4549 1444 4606 eb
