3700 5667
480 662 546 724 238
829 658 1181 725 ANNOTATIONES

526 826 563 889 Ρ.
582 845 652 906 224.
669 825 689 889 l.
711 846 737 888 1.
759 826 832 907 πρὸς
847 827 901 904 τῆν
916 827 1192 910 ἀλεκτοροφωνίαν]
1215 827 1270 890 Ita
1291 827 1433 910 proxime
1454 836 1527 911 post

480 926 534 991 lin.
553 945 581 991 2.
597 949 669 1011 pag.
686 949 751 1010 seq.
773 926 965 1006 περιμένουσι
981 927 1033 988 τὸν
1048 926 1206 1007 ἀλέκτορα,
1223 929 1283 991 hoo
1300 936 1359 1000 est,
1377 928 1409 990 ni
1424 929 1525 1000 fallor,

480 1030 599 1116 gallum
629 1030 767 1095 seeundo
796 1035 974 1100 manentem,
1006 1051 1060 1091 seu
1090 1050 1193 1092 mane.
1254 1030 1336 1092 Nam
1366 1030 1528 1094 Christum

481 1153 585 1207 mane,
600 1131 664 1194 sive
679 1132 720 1194 ad
736 1130 865 1194 tertiam
881 1130 993 1193 horam
1009 1131 1211 1206 matutinam,
1228 1132 1434 1195 resurrexisse
1456 1155 1527 1195 een-

480 1234 663 1299 sentiebent
685 1234 809 1310 Latini,
832 1233 974 1317 exeeptis
997 1233 1168 1296 Ambrosio
1190 1242 1288 1317 atquo
1312 1234 1525 1317 Hieronymo;

480 1358 616 1422 querum
636 1336 795 1420 posterior
813 1335 846 1398 in
863 1337 975 1398 Oomm.
992 1335 1024 1398 in
1040 1334 1140 1398 Matt.
1158 1358 1231 1399 xxv.
1248 1340 1278 1400 6.
1295 1357 1334 1398 ex
1355 1335 1528 1399 traditione

483 1438 669 1523 Apostoliea
690 1439 723 1501 id
746 1443 851 1500 ortum
873 1459 942 1499 esse
965 1436 1021 1508 ait,
1040 1447 1074 1500 ut
1091 1437 1125 1499 in
1143 1437 1193 1500 die
1211 1437 1390 1522 eie-iliarum
1406 1437 1528 1521 ραςοΙιια

479 1549 550 1603 ante
569 1540 662 1602 boetis
683 1538 849 1601 dimidium
873 1538 917 1620 (h.
934 1558 963 1601 e.
987 1544 1062 1601 ante
1085 1545 1210 1602 noctem
1234 1538 1385 1620 mediam)
1402 1540 1529 1623 populos

459 1713 460 1719 η
479 1639 632 1704 dimittere
646 1662 704 1704 ιιοιι
718 1640 808 1704 liceat
822 1648 1006 1724 αυρααιαιιιας
1019 1640 1181 1703 adverae-m
1197 1640 1321 1716 Ohm’eti,
1333 1650 1361 1703 et
1368 1651 1529 1725 postquam

480 1742 564 1808 illud
580 1753 694 1828 ιοιιηιιιι
713 1743 880 1820 ιναιιςὶοιάι,
902 1743 1059 1806 seueritate
1077 1752 1267 1827 ρναιυυιρια
1280 1745 1394 1826 sestam
1413 1752 1530 1808 euectos

481 1867 570 1930 affere
589 1846 679 1931 diem
718 1845 798 1908 Vide
813 1846 837 1906 J
839 1844 951 1908 oannis
966 1843 1115 1917 Durenti
1133 1845 1189 1920 vel,
1206 1855 1242 1909 ut
1257 1846 1362 1908 lerunt
1377 1846 1528 1921 nonnulli,

484 1948 574 2013 Petri
591 1947 732 2026 Danesii,
747 1947 801 2010 lib.
818 1947 866 2009 De
881 1945 1008 2009 Ritibus
1021 1947 1167 2010 Ecclesia
1184 1947 1300 2011 Cethel.
1316 1947 1370 2011 lib.
1385 1948 1428 2012 iii.
1444 1971 1469 2011 ο.
1487 1952 1516 2013 ό.

529 2050 613 2114 Ibid.
637 2049 690 2131 ἀφ’
715 2049 856 2134 ἑσπέρας]
881 2048 954 2112 Hoe
976 2057 1026 2112 est
1044 2050 1196 2134 temperis
1218 2058 1371 2134 punctum
1393 2051 1528 2114 alterum

480 2160 674 2230 extremum,
698 2173 754 2215 seu
776 2152 856 2215 hora
878 2159 970 2215 sexta
991 2152 1251 2234 postmeridiana,
1269 2154 1364 2236 juxta
1387 2161 1528 2216 nostram

483 2255 636 2340 temporis
664 2252 947 2338 eomputatienem,
971 2253 1046 2314 dum
1072 2253 1208 2317 alterum
1233 2263 1411 2318 extremum
1437 2276 1528 2320 mane

489 2364 551 2433 est,
567 2377 622 2419 seu
638 2355 718 2418 hora
735 2363 847 2419 nestra
861 2354 959 2418 tertia
978 2355 1145 2417 matutina.
1180 2355 1297 2419 Confer
1316 2364 1426 2419 notam
1446 2357 1529 2421 infra

484 2459 526 2521 ad
544 2456 651 2533 verba,
669 2458 717 2519 καὶ
732 2456 788 2536 πρὸ
804 2457 907 2522 νυκτὸς
924 2456 1012 2536 ἐγγὺς
1031 2456 1085 2535 ἤδη
1104 2459 1254 2535 μεσούσης
1274 2459 1419 2525 ἀνιέντας.
1443 2460 1462 2522 l.
1480 2479 1527 2523 12.

487 2580 518 2644 p.
536 2559 609 2621 228.

530 2661 612 2726 Ibid.
640 2659 659 2722 l.
684 2679 715 2739 4.
742 2660 861 2743 τάχιον]
890 2659 1047 2741 Opinatos
1072 2682 1140 2722 esse
1164 2661 1294 2724 Graeeos
1318 2662 1529 2725 resurrexisse

485 2764 658 2828 Dominum
672 2762 775 2834 eitius,
787 2783 882 2846 quam
899 2762 1086 2825 statuebant
1102 2762 1221 2836 Latini,
1237 2762 1317 2824 bene
1334 2770 1442 2825 netum
1459 2771 1527 2834 est;

483 2866 541 2929 sed
566 2887 641 2928 vero
668 2863 839 2946 Dionysius
865 2864 1049 2926 Graeeerum
1074 2884 1202 2926 suerum
1227 2863 1393 2926 nonnullos
1419 2871 1530 2947 posteo

484 2965 687 3040 memorabit,
703 2964 756 3048 qui
772 2985 871 3046 usque
886 2964 928 3026 ad
945 2973 1093 3047 quartam
1109 2964 1259 3048 vigiliam,
1276 2986 1346 3047 queo
1362 2971 1412 3027 est
1427 2986 1529 3051 mane,

479 3068 665 3154 jejunantes
682 3086 883 3150 perseverare
899 3065 1128 3128 consueverint

530 3169 617 3239 Ibid.
637 3171 744 3249 ἀκριβῆ
767 3170 798 3230 δὲ
825 3169 897 3247 ὅρον
924 3167 1086 3230 ἐπιτιθέναι
1113 3165 1216 3250 ζητεῖς]
1241 3167 1296 3228 lta
1321 3186 1360 3227 ex
1385 3165 1529 3226 omnibus

485 3271 584 3347 libris,
605 3279 738 3354 exeepto
759 3268 933 3332 Bodleiano
954 3269 1007 3331 ille
1025 3285 1095 3350 205,
1117 3267 1219 3330 looum
1243 3266 1362 3331 mutavi
1384 3289 1442 3350 pro
1465 3266 1528 3329 eul-

480 3383 562 3461 ραιο,
578 3375 686 3454 ἀκριβῆ
703 3373 736 3434 δὲ
755 3372 835 3452 ὤραν
849 3370 963 3433 τιθέναι
978 3371 1129 3447 ἐπιζητεῖς.
1169 3372 1279 3452 Atque
1296 3368 1448 3431 invenisse
1468 3369 1529 3430 Ζο-

485 3496 597 3539 naram
621 3474 828 3558 interpretem
851 3474 998 3536 Graeeum
1020 3470 1186 3535 lectionem
1209 3481 1351 3537 nostram
1373 3493 1413 3534 ex
1436 3474 1530 3533 Com-

485 3577 643 3642 mentario
657 3578 725 3661 ejus
739 3583 886 3651 oonstat;
910 3574 991 3655 Πρὸς
1005 3573 1039 3635 τὸ
1054 3575 1197 3652 ἐρώτημα,
1213 3576 1303 3637 ταύτό
1319 3573 1391 3655 (lor.
1406 3573 1528 3656 legend.

485 3681 587 3765 τοῦτό)
603 3689 697 3760 φησιν
711 3682 727 3741 ὁ
744 3679 907 3759 έρωτηθεὶς,
923 3679 969 3739 ὅτι
985 3675 1126 3753 έξῆτησας
1141 3677 1249 3756 ἀκριβῆ
1264 3678 1334 3756 ὅρον
1350 3677 1529 3752 ἐπιτεθῆναι,

485 3782 579 3863 ἤγουν
598 3782 709 3844 κανόνα
729 3781 777 3842 καὶ
796 3782 887 3843 τύπον
908 3781 1072 3858 ὁρισθῆναι,
1091 3779 1139 3840 καὶ
1159 3780 1382 3857 σαφηνισθῆναι
1404 3779 1532 3856 ἀκριβῶς

484 3884 540 3962 τῆν
561 3884 641 3962 ὥραν
662 3885 712 3959 τῆς
733 3881 926 3946 ἀναστάσεως
948 3885 999 3940 τοῦ
1023 3882 1140 3958 Κυρίου,
1156 3881 1229 3959 ὅπερ
1251 3879 1299 3942 καὶ
1317 3880 1466 3942 δύσκολον
1485 3881 1532 3941 καὶ

485 3985 644 4066 σφαλερόν
668 3985 759 4045 ἐστιν.
805 3980 953 4044 (leterani
979 3980 1205 4063 Theophylaot.
1232 3981 1341 4042 Oemm.
1368 3981 1403 4043 ιἰι
1426 3981 1530 4042 Mero.

486 4086 549 4151 xvi.
566 4107 595 4168 9.
610 4085 667 4161 ait,
684 4083 758 4147 Εἶτα
774 4082 839 4145 εἶπέ
853 4082 1033 4166 (Marcus):
1055 4081 1133 4160 epol
1145 4082 1244 4161 πρώτη
1259 4081 1419 4160 σαββάτου
1435 4082 1531 4161 έφάνη

488 4189 590 4271 Μαρίᾳ
607 4190 643 4272 τῆ
662 4187 858 4264 Μαγδαληνῇ,
875 4184 910 4246 οὐ
930 4187 988 4264 γὰρ
1006 4181 1117 4260 ἀνέστη
1132 4182 1215 4260 πρωΐ.
1239 4183 1282 4248 τίς
1302 4185 1359 4263 γὰρ
1378 4182 1439 4244 οἶδε
1459 4184 1531 4242 πότε

484 4287 618 4365 ἀνέστη;
644 4309 674 4370 p.
700 4305 771 4368 205.
796 4285 845 4348 ed.
870 4285 961 4347 Rom.
1017 4284 1113 4347 Nune
1139 4285 1246 4347 firunat
1271 4305 1379 4346 voeem
1406 4283 1531 4366 quidem

482 4388 557 4467 θρον
572 4387 747 4462 Pedalium,
761 4387 844 4470 quod
860 4387 959 4450 habet
972 4389 1081 4466 ἀκριβῆ
1095 4389 1127 4448 δὲ
1142 4389 1213 4466 ὅρον
1227 4385 1340 4448 τιθέναι
1355 4389 1504 4462 ἐπιζητεῖς.

530 4487 613 4552 Ibid.
630 4486 650 4548 l.
671 4508 719 4551 11.
742 4490 790 4550 καὶ
809 4493 867 4550 τῶν
888 4490 976 4551 θείων
991 4487 1175 4567 εὐαγγελίων
1189 4486 1371 4571 ᾐσθημένος]
1391 4485 1443 4548 lta
1458 4491 1531 4564 post

487 4587 693 4672 Beveregium
718 4588 802 4651 edidi
829 4587 1099 4652 consentientibus
1126 4587 1214 4650 libris
1239 4588 1327 4663 meis,
1355 4585 1531 4667 codicisque
