3700 5667
477 656 542 723 106
775 652 1025 730 RBLIQUIAE
1052 650 1229 714 SACRAE.

475 825 681 909 frequentata
696 828 729 886 et
743 819 826 884 filios
846 820 878 883 in
897 820 1009 883 eodem
1030 817 1162 903 collegio
1182 822 1365 880 exteramm
1384 813 1529 899 gentium

476 959 563 1001 more
592 935 678 1021 apud
707 933 874 1020 prophana
902 931 1070 1017 sepulchra
1100 929 1262 1014 depositos
1286 935 1321 992 et
1344 925 1529 1012 alienigenis

477 1038 690 1123 consepultos,
711 1035 794 1100 actis
819 1035 918 1099 etiam
943 1033 1066 1119 publice
1092 1033 1212 1097 habitis
1232 1031 1319 1116 apud
1342 1036 1528 1115 procurato·

477 1170 545 1214 rem
567 1146 772 1212 ducenarium
794 1145 1031 1228 obtemperasse
1052 1165 1086 1206 se
1106 1141 1294 1206 idololatriae
1316 1146 1349 1205 et
1364 1137 1530 1202 Christum

478 1281 612 1344 negasse
634 1261 835 1321 contestatus
856 1255 911 1330 sit,
925 1273 1060 1337 eumque
1081 1252 1145 1317 alia
1166 1252 1268 1316 multa
1286 1251 1350 1314 sint
1370 1256 1404 1313 et
1420 1248 1558 1333 gravies

479 1371 597 1436 delicta
620 1369 735 1455 quibus
760 1365 917 1432 Basilides
943 1372 977 1429 et
1002 1364 1163 1428 Martialis
1188 1361 1340 1446 implicati
1369 1367 1530 1436 tenentur,

479 1473 600 1538 frustra
630 1472 712 1536 tales
740 1469 960 1554 episcopatum
989 1467 1046 1531 sibi
1078 1488 1232 1551 usurpare
1261 1475 1428 1540 conantur,
1457 1483 1529 1526 cum

480 1583 684 1647 manifestum
699 1581 741 1645 sit
756 1579 910 1664 ejusmodi
925 1578 1069 1643 homines
1084 1599 1141 1641 nec
1155 1575 1294 1640 eeclesia
1305 1575 1424 1640 Christi
1438 1595 1530 1658 posse

479 1712 616 1777 praeesse
637 1712 695 1754 neo
717 1690 788 1756 Deo
810 1688 967 1754 sacrificia
989 1687 1102 1752 offerre
1127 1687 1262 1761 debore,
1298 1685 1436 1749 maxime
1459 1705 1530 1748 cum

476 1801 669 1887 jampridem
700 1800 865 1865 nobiscum
891 1808 926 1865 et
957 1822 1029 1864 cum
1054 1798 1200 1863 omnibus
1223 1797 1352 1861 omuino
1376 1794 1580 1881 episcopiam

480 1913 516 1978 in
536 1919 609 1979 toto
632 1912 751 1977 mundo
773 1911 958 1976 constitutis
975 1910 1074 1976 etiam
1092 1909 1255 1976 Cornelius
1277 1908 1399 1993 collega
1422 1915 1532 1972 noster

480 2024 629 2089 sacerdos
654 2023 804 2109 pacificus
826 2043 865 2086 ac
886 2021 1004 2106 justus,
1029 2026 1064 2085 et
1089 2021 1243 2106 martyrio
1267 2041 1392 2106 quoque
1422 2019 1531 2105 digna·

480 2133 569 2198 tione
589 2131 718 2196 Domini
741 2131 925 2207 honoratus,
947 2130 1121 2194 decreverit
1144 2129 1299 2215 ejusmodi
1323 2129 1466 2194 homines
1489 2128 1531 2192 ad

483 2241 705 2329 poenitentiam
730 2240 858 2326 quidem
880 2240 1038 2326 agendam
1063 2263 1156 2326 posse
1178 2240 1317 2314 admitti,
1341 2240 1383 2304 ab
1406 2239 1532 2304 ordina·

481 2353 569 2418 tione
582 2359 690 2416 autem
706 2350 781 2415 cleri
796 2357 893 2434 atque
908 2351 1099 2417 sacerdotali
1114 2351 1235 2415 honore
1248 2349 1419 2436 prohiberi.
1466 2348 1579 2420 Nec15

482 2484 539 2527 vos
558 2469 694 2539 moveat,
711 2462 827 2527 iratres
847 2461 1052 2538 dilectissimi,
1068 2461 1094 2525 si
1109 2462 1195 2546 apud
1213 2460 1369 2546 quosdam
1382 2461 1415 2524 in
1430 2459 1532 2523 novis-

481 2571 570 2636 simis
593 2572 790 2658 temporibus
813 2578 871 2637 aut
893 2571 1016 2637 lubrica
1038 2572 1117 2636 lidos
1143 2578 1249 2648 nutat,
1272 2577 1330 2636 aut
1352 2571 1413 2634 Dei
1436 2570 1533 2636 timor

481 2680 674 2766 irreligiosus
700 2683 782 2765 (for.
801 2682 835 2745 in
856 2681 1048 2768 irreligiosis,
1067 2681 1143 2746 Vid.
1165 2689 1284 2760 notam)
1310 2680 1450 2757 vacillat,
1475 2687 1533 2745 aut

483 2790 617 2876 pacifica
636 2794 805 2858 eoncordia
820 2815 883 2857 non
900 2800 1092 2877 perseverat.
1140 2791 1361 2855 Praenuntiata
1375 2797 1452 2854 sunt
1466 2791 1534 2855 hese

484 2901 594 2966 sutura
614 2903 647 2965 in
669 2904 775 2968 saeculi
797 2904 868 2982 fine,
890 2911 923 2969 et
939 2904 1069 2969 Domini
1095 2926 1171 2967 voce
1193 2909 1292 2988 atque
1316 2902 1583 2986 apostolorumro

483 3012 718 3076 contestatione
740 3014 928 3098 pradictum
949 3022 1000 3079 est
1022 3013 1188 3078 deficiente
1205 3013 1273 3096 jam
1292 3012 1421 3089 mundo,
1436 3018 1535 3095 atque

485 3123 763 3208 appropinquante
784 3124 984 3203 antichristo,
1008 3125 1093 3189 bona
1116 3145 1249 3208 quoeque
1274 3121 1419 3199 deficere,
1449 3122 1535 3186 mala

485 3254 559 3295 vero
574 3239 608 3297 et
623 3234 757 3300 adversa
776 3235 941 3320 proficere.
986 3235 1059 3299 Non
1073 3234 1118 3298 sio
1135 3241 1253 3310 tamen,
1269 3232 1412 3316 quamvis
1431 3231 1536 3296 novis·

486 3341 575 3406 simis
602 3343 808 3428 temporibus,
835 3344 868 3408 in
892 3344 1026 3409 ecclesia
1052 3343 1114 3408 Dei
1139 3350 1198 3407 aut
1223 3342 1421 3427 evangelicus
1446 3341 1536 3426 vigor

485 3450 612 3527 cecidit,
627 3459 686 3516 aut
702 3452 891 3518 Christianae
907 3453 1036 3518 virtutis
1049 3460 1108 3518 aut
1125 3451 1199 3516 fidei
1220 3452 1318 3515 robur
1332 3451 1483 3536 elanguit,
1499 3457 1537 3514 ut
1547 3472 1562 3510 2
1567 3469 1583 3530 5

485 3581 549 3624 non
564 3561 701 3645 supersit
720 3562 826 3646 portio
841 3564 1043 3627 sacerdotum
1057 3585 1128 3648 quae
1148 3561 1276 3626 minime
1289 3563 1331 3626 ad
1352 3562 1411 3626 has
1430 3584 1537 3626 rerum

485 3670 594 3733 ruinas
615 3677 649 3734 et
672 3670 745 3735 fidei
767 3672 934 3757 naufragia
955 3673 1152 3750 succumbat,
1167 3672 1223 3736 sed
1245 3671 1337 3736 fortis
1358 3679 1392 3736 et
1414 3672 1537 3736 stabilis

486 3779 640 3843 honorem
668 3780 782 3844 divinae
819 3782 997 3868 majestatis
1024 3791 1058 3846 et
1087 3781 1316 3847 sacerdotalem
1346 3782 1537 3866 dignitatem

486 3889 581 3974 plena
600 3890 724 3954 timoris
742 3892 963 3957 observatione
985 3900 1123 3958 tueatur.
1169 3892 1375 3956 Meminimus
1396 3899 1430 3956 et
1450 3898 1538 3956 tene-

486 4020 566 4076 mus,
584 4001 860 4068 succumbentibus
881 4003 957 4067 licet
979 4010 1012 4067 et
1033 4002 1219 4067 cedentibus
1238 4001 1372 4079 ooeteris,
1388 4001 1537 4066 “Matha-
1546 4024 1586 4079 30

487 4107 598 4186 thiam,
626 4110 727 4195 legem
757 4112 819 4176 Dei
849 4113 1024 4177 vindicasse
1052 4112 1189 4191 fortiter,
1219 4112 1382 4190 bHelium,
1413 4113 1436 4175 J
1439 4111 1538 4177 udaeis

487 4219 707 4285 deficientibus
723 4229 823 4306 atque
836 4244 857 4286 a
872 4222 1024 4306 religione
1038 4222 1144 4286 divina
1163 4222 1394 4299 recedentibus,
1411 4222 1538 4287 stetisse

487 4337 521 4393 et
544 4339 684 4396 certasse
706 4333 891 4410 sublimiter,
915 4333 1103 4397 cllanielem
1128 4355 1185 4396 nec
1208 4333 1377 4397 solitudine
1401 4331 1538 4418 regionis

522 4581 536 4610 ι
553 4587 560 4618 ι
578 4572 655 4620 llaec.
668 4575 691 4620 ii.
710 4589 747 4635 ¹9·
762 4589 800 4623 ao.
890 4578 1005 4640 b3ch.
1019 4579 1068 4626 xix.
1084 4594 1118 4627 ια
1209 4578 1300 4625 enan.
1313 4577 1345 4623 vi.
1363 4589 1504 4636 ro‚21,22.
