3700 5667
548 674 733 739 CONCIL.
759 675 1008 738 CARTHAG.
1024 675 1104 738 VII.
1291 677 1354 741 127

300 845 384 909 idola
414 843 530 919 colant,
561 851 668 907 tamen
699 865 855 906 summum
887 844 990 907 Deum
1020 852 1144 928 patrem
1175 850 1352 907 creatorem

300 962 496 1041 cognoscunt
511 963 544 1019 ct
565 956 766 1020 confitentur.
814 957 855 1018 In
874 956 958 1019 hunc
974 955 1122 1018 Marcion
1143 953 1353 1040 blasphemat,

302 1076 335 1131 et
357 1067 486 1150 quidam
509 1089 572 1129 non
588 1066 777 1130 crubescunt
795 1066 971 1129 Marcionis
993 1066 1186 1149 baptismum
1209 1065 1355 1151 probare.

304 1177 471 1258 Quomodo
487 1177 568 1241 tales
583 1178 765 1241 sacerdotes
780 1177 993 1241 sacerdotium
1007 1177 1067 1241 Dei
1082 1184 1140 1241 aut
1156 1184 1284 1241 servant
1298 1185 1357 1239 aut

276 1288 466 1365 5vindicant
488 1287 541 1371 qui
564 1287 672 1350 hostes
694 1287 754 1351 Dei
777 1309 841 1350 non
863 1286 1040 1371 baptizant,
1065 1295 1098 1351 et
1122 1288 1165 1351 sic
1188 1286 1249 1350 illis
1273 1308 1355 1350 com·

306 1400 491 1463 municanti

348 1508 451 1570 LIII.
477 1507 648 1570 Marcellus
668 1530 688 1571 a
707 1509 808 1571 Zama
829 1507 920 1571 dixit.
968 1509 1047 1573 cum
1069 1517 1200 1592 peccata
1215 1530 1278 1572 non
1296 1507 1356 1572 nisi

306 1619 337 1681 in
353 1617 492 1682 ecclesiae
507 1619 665 1703 baptismo
685 1618 901 1694 remittantur,
917 1618 971 1702 qui
992 1618 1177 1683 haereticum
1194 1642 1259 1683 non
1279 1620 1357 1705 bap-

305 1729 386 1793 tizat
401 1729 560 1814 peccatori
577 1728 798 1793 communicat.

261 1865 297 1904 10
351 1839 443 1901 LIV.
468 1839 610 1902 Irenaeus
629 1838 671 1901 ab
692 1837 797 1900 Ululis
813 1837 902 1902 dixit.
951 1838 984 1901 Si
1002 1838 1073 1902 ideo
1088 1839 1219 1903 ccclesia
1234 1838 1358 1904 hareti-

307 1970 379 2012 cum
394 1970 457 2011 non
471 1948 615 2035 baptizat
627 1948 711 2032 quod
727 1948 853 2011 dicatur
863 1948 932 2032 jam
945 1948 1126 2033 baptizatus
1140 1971 1219 2026 esse,
1230 1949 1360 2013 haeresis

307 2060 410 2144 major
425 2067 483 2124 est.

353 2172 423 2234 LV.
448 2171 595 2234 Donatus
609 2193 629 2234 a
645 2171 810 2235 Oibaiiana
822 2171 912 2235 dixit.
952 2171 1022 2256 Ego
1037 2192 1134 2234 unam
1149 2171 1311 2235 ecclesiam
1327 2179 1360 2236 et

308 2304 406 2345 unum
421 2281 581 2366 baptisma
600 2283 668 2365 ojus
687 2281 769 2345 novi.
816 2282 850 2345 si
866 2291 915 2345 est
936 2281 990 2366 qui
1005 2281 1093 2345 dicat
1114 2303 1182 2345 esse
1196 2282 1282 2366 apud
1297 2281 1361 2346 hae-

263 2393 424 2473 15reticos
445 2391 593 2476 baptismi
616 2392 765 2477 gratiam,
789 2399 865 2456 ante
887 2399 937 2455 est
959 2400 996 2456 ut
1019 2392 1169 2456 ostendat
1190 2399 1225 2457 et
1246 2393 1361 2477 probet

310 2526 378 2566 esso
394 2502 457 2566 illic
472 2502 645 2567 ecclesiam.

355 2613 447 2676 LVI.
482 2613 628 2676 Zosimus
656 2635 675 2676 a
706 2613 865 2677 Tharassa
895 2613 988 2677 dixit.
1045 2612 1251 2677 Revelatione
1276 2613 1363 2677 facto

312 2722 466 2797 veritatis,
482 2724 576 2786 cedat
595 2744 684 2786 error
703 2723 848 2794 veritati;
874 2737 890 2768 ¹
901 2724 975 2807 quia
995 2729 1029 2787 ct
1044 2724 1171 2798 Petrus,
1187 2722 1262 2807 quia
1276 2723 1364 2808 prius

313 2832 567 2908 circumcidebat,
584 2834 679 2896 cessit
696 2832 797 2896 Paulo
812 2832 980 2896 veritatem
996 2832 1192 2917 praedicanti.

264 2967 303 3005 20
359 2944 471 3007 LVII.
494 2943 825 3028 JulianusaTeIepte
841 2943 933 3007 dixit.
980 2944 1220 3028 scriptumest:
1240 2944 1365 3007 rNenw

308 3065 405 3141 porea
429 3055 553 3140 cb‘qaid
576 3055 721 3140 conpore,
746 3054 938 3118 tiridatem
953 3055 1056 3136 fucrit
1076 3054 1127 3118 illi
1149 3055 1186 3118 da
1206 3054 1284 3119 calo.
1330 3053 1366 3118 Si

314 3165 444 3230 haeresis
459 3164 499 3227 de
514 3164 591 3227 caelo
606 3172 665 3239 est,
682 3170 789 3248 potest
806 3170 839 3226 et
854 3163 1015 3248 baptisma
1029 3164 1115 3227 dare.

359 3276 492 3340 LVIII.
517 3275 658 3339 Faustus
674 3297 694 3338 a
710 3274 835 3338 Timida
850 3274 938 3360 regia
954 3274 1044 3338 dixit.
1081 3275 1154 3338 Non
1170 3275 1228 3340 sibi
1245 3275 1365 3339 blandi-

315 3393 412 3450 antur
445 3385 499 3470 qui
534 3384 693 3449 haereticis
724 3384 977 3469 patrocinantur.
1030 3384 1091 3464 Qui
1120 3407 1179 3469 pro
1209 3385 1367 3450 haereticis

268 3518 284 3557 α
287 3513 305 3576 5
317 3497 530 3561 ecclesiastico
552 3496 739 3581 baptismati
761 3496 942 3572 intercedit,
957 3496 1025 3560 illos
1047 3495 1236 3561 christianos
1258 3506 1292 3561 et
1312 3519 1369 3561 uos

318 3604 486 3670 haereticoe
502 3605 589 3669 facit.

363 3718 464 3782 LIX.
488 3717 651 3781 Geminius
680 3739 701 3781 a
726 3716 842 3780 Fumis
872 3717 964 3781 dixit.
1010 3716 1147 3798 Quidam
1173 3718 1213 3781 de
1243 3715 1369 3802 collegis

317 3829 485 3895 haereticos
500 3850 684 3913 praeponere
704 3827 764 3891 sibi
782 3834 926 3912 possunt,
943 3828 1034 3892 nobis
1053 3850 1116 3891 non
1136 3837 1279 3913 possunt.
1324 3829 1371 3892 Et

318 3942 390 4005 idco
406 3941 491 4027 quod
507 3941 602 4004 semel
623 3940 817 4004 decrevimus
832 3947 987 4013 tenemus,
1005 3946 1042 4003 ut
1056 3941 1098 4003 ab
1114 3939 1271 4004 baeretiois
1287 3940 1371 4004 veni-

267 4069 308 4126 30
318 4059 408 4115 entes
424 4050 631 4135 baptizemus.

363 4162 441 4225 LX.
479 4161 678 4246 Rogatianus
707 4183 727 4225 a
757 4160 846 4224 Nova
876 4160 967 4223 dixit.
1021 4158 1196 4223 Ecclesiam
1225 4157 1372 4223 Christus

319 4272 469 4348 instituit,
486 4270 631 4334 haeresim
647 4270 801 4334 diabolus.
847 4270 1014 4350 Quomodo
1033 4275 1141 4353 potest
1158 4268 1277 4332 habere
1292 4270 1370 4355 bap-

318 4385 449 4449 tismum
465 4381 585 4447 (bristi
601 4393 763 4467 synagoga
779 4381 928 4446 Satanae?

519 4648 533 4677 ¹
547 4637 599 4684 Gal.
612 4652 663 4699 esp.
676 4637 700 4683 ii.
