3700 5667
795 721 828 785 S.
851 721 1117 787 CORNELIUS.
1440 727 1481 793 17

432 897 623 974 perpetuam
638 911 765 975 posnam
785 899 993 965 reservatum,
1007 890 1146 954 eeclesiae
1166 892 1311 975 deposita
1332 914 1396 955 nou
1415 914 1481 956 mo-

432 1000 505 1063 dica
526 999 716 1072 abstulissc;
747 1000 928 1064 Evaristum
951 1023 1025 1064 vero
1047 1010 1209 1065 auctorem
1232 1001 1411 1066 schismatis
1434 1003 1480 1067 iu-

432 1110 515 1183 isse3
542 1118 576 1173 et
598 1131 808 1173 successorem
830 1110 925 1196 plebi,
941 1112 990 1174 cui
1013 1118 1088 1175 ante
1110 1111 1293 1195 praefuerat,
1310 1114 1424 1177 Zetum
1447 1113 1479 1177 in

432 1218 537 1282 locum
557 1220 625 1301 ejus
645 1220 824 1304 episcopum
849 1242 917 1284 esse
939 1221 1158 1285 constitutum.
1206 1222 1333 1305 Majora
1353 1243 1427 1286 vero
1446 1231 1480 1287 et

404 1330 581 1415 sgraviera
595 1330 647 1393 hic
662 1330 838 1415 designavit
853 1331 974 1394 malitia
989 1339 1022 1395 et
1040 1331 1218 1416 inexplebili
1239 1334 1398 1417 pravitate
1413 1339 1478 1410 sub,

433 1462 528 1525 quam
544 1462 615 1523 quae
631 1439 692 1502 illic
706 1441 791 1524 apud
806 1463 880 1504 suos
895 1463 1019 1526 semper
1034 1443 1175 1506 exercuit
1183 1467 1193 1517 3
1214 1452 1250 1506 ut
1270 1443 1351 1506 seius
1372 1443 1479 1528 quales

432 1552 529 1614 duces
550 1558 585 1613 et
604 1558 801 1635 protectores
821 1551 881 1615 iste
901 1553 1119 1617 schismaticus
1139 1564 1172 1617 et
1195 1553 1362 1616 haeretieus
1385 1553 1478 1617 lateri

432 1681 490 1722 suo
519 1680 645 1742 semper
669 1659 797 1742 junctos
827 1660 955 1724 habeat.
1002 1661 1088 1746 Opto
1117 1671 1162 1738 te,
1180 1661 1279 1726 irater
1308 1664 1477 1739 carissime,

434 1790 558 1852 semper
572 1768 652 1830 bene
667 1768 779 1831 valere.
825 1773 914 1829 Extat
929 1773 989 1829 baec
1007 1773 1100 1851 Epist.
1113 1775 1189 1852 apud
1202 1776 1232 1831 S.
1245 1777 1375 1850 Cypriani
1388 1776 1478 1851 Opem

390 1894 424 1932 ιο
437 1901 464 1957 p.
480 1881 529 1936 6⁴2.
549 1882 589 1935 ed.
606 1880 723 1944 Balazii,
744 1881 805 1938 sive
829 1881 1073 1947 Benedictiaorum,
1093 1897 1212 1936 xuvrn.
1233 1879 1268 1936 ad
1288 1881 1360 1937 Felli
1380 1892 1477 1937 sutem

435 2004 569 2041 illimem
584 2004 614 2040 L.

861 2149 1046 2179 --.4...

735 2375 958 2440 EPISTOLA
990 2375 1174 2439 ALTERA

762 2537 802 2574 AD
817 2536 945 2575 EUNDEM
961 2534 1149 2575 exsularunt.

473 2669 637 2735 cornelius
657 2669 818 2754 Cypriane
840 2669 932 2732 fratri
955 2668 1099 2732 salutern.
1145 2669 1306 2749 Quantam
1328 2668 1476 2733 sollicitu-

389 2794 418 2851 ¹5
429 2779 534 2842 dinem
556 2788 589 2842 ct
609 2779 804 2842 anxietatem
825 2778 1031 2842 sustinuimus
1050 2778 1090 2840 de
1112 2776 1150 2840 iis
1172 2777 1400 2841 confessoribus
1422 2777 1475 2861 qui

428 2889 502 2952 dolo
524 2899 558 2953 et
582 2889 703 2953 malitia
724 2890 860 2953 hominis
882 2889 986 2952 callidi
1009 2898 1042 2953 et
1057 2889 1246 2953 veteratoris
1268 2891 1394 2952 fuerant
1416 2887 1474 2952 cir-

429 2998 588 3062 cumventi
615 3006 648 3061 et
670 3021 748 3083 pene
771 2999 894 3083 decepti
918 3006 952 3063 et
973 2999 1015 3062 ab
1042 2998 1172 3062 eeclesia
1197 2998 1346 3071 alienati;
1381 3005 1476 3061 tanta

430 3107 543 3171 laetitia
575 3108 692 3171 adfecti
722 3130 840 3183 sumus,
870 3117 904 3171 ct
934 3107 1004 3171 Deo
1034 3108 1252 3192 omnipotenti,
1283 3116 1316 3172 et
1346 3107 1474 3171 Christe

430 3219 569 3282 Domino
584 3228 693 3284 nostro
707 3220 830 3304 gratias
844 3219 976 3304 egimus,
992 3241 1062 3283 cum
1083 3219 1115 3294 ii,
1132 3220 1259 3304 cognito
1279 3242 1336 3283 suo
1357 3241 1473 3294 errore,

386 3336 463 3392 wet
478 3328 640 3391 intellecta
657 3329 792 3392 hominis
813 3329 942 3414 maligni
963 3329 1048 3393 velut
1068 3329 1224 3413 serpentis
1244 3328 1364 3392 astutia
1379 3349 1472 3391 vene·

429 3445 518 3512 nata,
533 3437 575 3499 ad
594 3437 755 3499 ecelesiam
776 3438 859 3501 unde
879 3438 1034 3513 exierant,
1049 3437 1142 3500 sicuti
1163 3436 1222 3520 ipsi
1243 3458 1282 3498 ex
1303 3457 1360 3497 suo
1380 3435 1474 3498 corde

428 3545 632 3629 profitentur,
658 3545 789 3630 simplici
814 3547 978 3610 voluntate
1002 3556 1165 3609 venerunt.
1211 3545 1256 3607 Et
1279 3544 1380 3628 primo
1406 3544 1473 3628 qui-

429 3656 500 3718 dem
516 3658 632 3719 fratres
646 3657 746 3719 nostri
762 3656 906 3740 probatae
920 3655 1005 3732 fidei,
1021 3663 1165 3718 amantes
1180 3676 1300 3739 pacem,
1317 3654 1473 3717 unitatem

429 3774 590 3850 optantes,
609 3773 766 3829 tumorem
791 3765 879 3828 illum
905 3766 1017 3827 horum
1041 3764 1196 3828 mollitum
1215 3765 1283 3847 jam
1305 3765 1473 3828 adnuntia-

383 3890 417 3949 25
428 3874 519 3950 bant,
543 3874 606 3938 fide
632 3882 740 3938 tamen
762 3896 825 3937 non
849 3874 971 3949 idonea,
995 3880 1032 3936 ut
1059 3873 1150 3936 facile
1175 3874 1266 3936 nobis
1291 3875 1474 3937 crederetur

427 3985 497 4048 illos
519 3987 645 4070 penitus
667 4008 735 4048 esse
757 3992 907 4049 mutatos.
955 3984 1074 4047 Postea
1095 4006 1169 4047 vero
1192 3984 1344 4047 Urbanus
1369 3995 1403 4047 et
1426 3983 1474 4046 Si-

426 4094 540 4157 deuius
569 4094 764 4157 confessores
792 4095 834 4157 ad
861 4093 1132 4177 compresbyteros
1158 4101 1284 4155 nostres
1309 4102 1472 4169 venerunt,

424 4204 621 4268 affirmantes
638 4203 815 4267 Maximum
839 4203 1051 4266 confessorem
1070 4211 1103 4265 et
1124 4204 1344 4286 presbyterum
1367 4224 1472 4265 seeum

423 4315 547 4399 pariter
557 4335 672 4397 cupere
687 4312 719 4375 in
729 4312 892 4376 ecclesiam
907 4312 1026 4384 redire;
1044 4312 1099 4374 sed
1114 4311 1263 4395 quoniam
1279 4310 1380 4373 muita
1394 4331 1473 4394 prm·

378 4432 587 4507 3oeesserant
608 4423 650 4486 ab
673 4423 718 4484 eis
740 4422 917 4505 designata,
940 4442 1011 4504 quae
1034 4429 1070 4483 tu
1093 4441 1217 4503 quoque
1239 4442 1260 4482 a
1281 4418 1474 4501 coepiscopis

423 4534 541 4598 nostris
564 4541 598 4597 et
620 4555 660 4596 ex
681 4532 798 4596 litteris
820 4531 898 4594 meis
924 4531 1108 4615 cognovisti,
1133 4540 1170 4593 ut
1196 4551 1258 4593 non
1285 4538 1404 4591 temere
1427 4525 1472 4588 eis

422 4643 500 4707 fides
515 4644 699 4719 haberetur,
714 4664 753 4706 ex
769 4641 908 4726 ipsorum
923 4663 978 4704 ore
994 4651 1027 4704 et
1041 4640 1235 4704 consessione
1249 4640 1313 4701 istu
1328 4654 1399 4717 quae
1416 4655 1474 4717 per

466 4767 533 4808 rou.
552 4767 598 4806 ιιι.
936 4766 956 4803 n
