3700 5667
726 761 758 826 S.
781 760 1047 826 CORNELIUS.
1365 765 1407 827 28

358 933 584 1034 τεταγμένων
616 934 826 1033 ἀνθρώπων,
859 934 935 1038 ὥρᾳ
967 932 1094 1037 δεκάτῃ
1126 933 1319 1030 μεθύοντας
1350 939 1407 1012 καὶ

357 1074 644 1168 κραιπαλῶντας,
661 1066 751 1162 μετὰ
765 1069 847 1161 βίας
865 1065 1070 1167 ἠνάγκασεν
1088 1071 1239 1170 εἰκονικῇ
1257 1071 1324 1144 τινὶ
1349 1071 1408 1144 καὶ

357 1204 492 1306 ματαίᾳ
529 1204 769 1306 χειρεπιθεσίᾳ
805 1199 1005 1298 ἐπισκοπὴν
1049 1201 1145 1305 αὐτῷ
1188 1203 1318 1278 δοῦναι·
1363 1199 1408 1298 ἢν

358 1335 482 1439 ἐνέδρᾳ
534 1337 591 1412 καὶ
632 1336 841 1440 πανουργίᾳ,
887 1332 937 1432 μὴ
984 1333 1259 1426 ἐπιβάλλουσαν
1309 1336 1407 1440 αὐτῷ

332 1471 494 1548 ὅέκδικεῖ.
536 1469 580 1574 ἐξ
605 1466 655 1546 ὧν
682 1467 730 1550 εἷς
755 1471 828 1566 μετ’
849 1470 890 1547 οὐ
917 1466 1014 1547 πολὺ
1041 1471 1241 1564 ἐπανῆλθεν
1268 1473 1317 1551 εἷς
1344 1467 1409 1565 τὴν

359 1603 566 1700 ἐκκλησίαν,
599 1602 861 1704 ἀποδυρόμενος
897 1607 956 1680 καὶ
996 1600 1323 1707 ἐξομολογούμενος
1367 1601 1410 1679 τὸ

358 1738 486 1814 ἑαυτοῦ
515 1736 717 1837 ἁμάρτημα·
753 1732 782 1840 ᾧ
810 1739 866 1813 καὶ
897 1735 1179 1835 ἐκοινωνήσομεν
1207 1738 1255 1818 ὡς
1283 1741 1408 1841 λαῖκῲ,

362 1869 450 1970 ι’τπέρ
482 1871 589 1948 αὐτοῦ
625 1869 806 1967 δεηθέντος
837 1869 970 1955 παντὸς
1003 1879 1066 1949 τοῦ
1097 1868 1274 1971 παρόντος
1306 1879 1408 1950 λαοῦ.

361 2007 420 2081 καὶ
447 2010 520 2081 τῶν
549 2011 686 2082 λοιπῶν
718 2003 755 2082 δέ
788 2004 994 2083 ἐπισκόπων
1028 2004 1212 2107 διαδόχους
1245 2010 1294 2087 εἱς
1327 2002 1411 2086 τοὺς

318 2134 493 2218 10τόπους
541 2140 578 2215 ἐν
626 2136 679 2219 οἷς
720 2135 815 2235 ἦσαν
856 2136 1178 2241 χειροτονήσαντες,
1217 2137 1405 2218 ἀπεστάλ-

360 2305 483 2369 καμεν.

417 2402 467 2503 γ’.
487 2406 538 2482 ‘O
556 2402 736 2501 ἐκδικητὴς
755 2405 818 2482 οὖν
836 2413 900 2484 τοῦ
919 2407 1138 2507 εὐαγγελίου,
1149 2407 1212 2483 οὐκ
1230 2407 1410 2504 ἠπίστατο

360 2536 421 2614 ἕνα
436 2538 633 2615 ἐπίσκοπον
652 2542 723 2615 δεῖν
742 2533 828 2615 εἶναι
846 2542 883 2616 ἐν
908 2545 1081 2641 κοθολικῇ
1105 2540 1292 2645 ἐκκλησίᾳ·
1322 2544 1359 2618 ἐν
1383 2543 1412 2646 ᾔ

361 2673 424 2750 οὐκ
442 2671 575 2772 ἠγνόει·
606 2679 683 2754 πῶς
701 2670 793 2774 γάρ,
823 2673 1088 2774 πρεσβυτέρους
1111 2669 1197 2751 εἶναι
1222 2674 1410 2775 τεσσαρά-

318 2832 471 2888 Ι5κοντα
500 2808 553 2912 ἕξ·
585 2807 767 2890 διακόνους
794 2808 896 2887 ἑπτά·
929 2806 1179 2891 ὑποδιακόνους
1204 2808 1305 2902 ἐπτδ,
1324 2812 1408 2889 οἱκο-

362 2941 515 3023 λοόθους
544 2943 607 3021 δόο
635 2945 693 3021 καὶ
720 2940 1006 3043 τεσσαράκοντα·
1046 2941 1258 3047 ἐξορκιστδις
1289 2943 1326 3022 δέ
1355 2949 1412 3022 καὶ

361 3079 598 3177 ἀναγνώστας
616 3077 690 3174 ἅμα
707 3084 885 3179 πυλωροῖς
912 3076 976 3156 δύο
995 3081 1053 3155 καὶ
1078 3078 1311 3176 πεντήκοντα·
1342 3078 1408 3182 χή-

363 3407 443 3465 triti:
467 3428 517 3466 eos
531 3408 580 3466 ille
598 3429 615 3466 a
632 3410 803 3485 quibusdam
818 3413 864 3468 sui
914 3411 969 3468 iam
996 3408 1111 3467 duobus
1135 3408 1277 3486 episcopis
1301 3428 1415 3466 suooes-

363 3486 521 3546 simillimis
535 3507 608 3564 quos
621 3489 658 3546 nd
672 3489 701 3546 id
716 3510 861 3567 eompara-
914 3511 993 3548 sores
1021 3489 1227 3552 ordinavimus,
1252 3508 1358 3563 eosque
1383 3488 1415 3545 in

319 3571 453 3633 2θτειτοτ,
484 3566 610 3626 inclusos
642 3569 712 3625 hora
743 3569 863 3639 decima,
913 3569 1107 3628 locaillorum
1123 3567 1290 3626 direximus.

363 3645 541 3704 temulentos
561 3658 592 3705 et
610 3648 727 3725 crapula
745 3669 862 3727 oppres·
957 3668 985 3724 3.
1002 3650 1083 3726 Ergo
1106 3647 1155 3705 ille
1181 3647 1323 3723 evangelii
1350 3649 1414 3705 vin.

363 3745 419 3790 sos,
434 3725 605 3784 adumbrata
619 3729 741 3803 quadam
759 3741 789 3788 et
803 3728 864 3787 ina·
915 3729 982 3795 dex,
1009 3728 1159 3806 ignorabat
1188 3747 1278 3784 unum
1302 3728 1416 3806 episoo.

363 3804 393 3860 ni
423 3825 561 3862 manuum
591 3807 775 3884 impositione
803 3811 861 3886 epi·
914 3829 984 3886 pum
1007 3828 1069 3865 esse
1087 3819 1222 3879 oportere
1244 3807 1273 3863 in
1294 3808 1413 3866 ecclesia

364 3896 515 3962 scopatum
534 3886 588 3943 sibi
609 3886 721 3945 tradere
740 3891 863 3966 pervim
914 3888 1064 3945 catholica.
1109 3886 1144 3943 In
1159 3907 1216 3963 qua
1230 3899 1326 3945 tamen
1342 3889 1410 3945 scie·

320 3964 458 4040 ²Soogit:
482 3984 607 4041 eumque
625 3966 708 4023 nullo
726 3969 780 4026 sibi
797 3971 864 4045 jure
914 3968 965 4024 bat
992 3966 1151 4043 (quomodo
1174 3967 1249 4023 enim
1271 3965 1342 4023 illud
1364 3988 1415 4025 ne-

364 4056 577 4120 oompetentem
599 4066 651 4123 per
669 4047 798 4106 fraudem
819 4060 863 4106 at·
914 4049 987 4105 scire
1017 4047 1199 4124 potuisset?)
1232 4048 1415 4123 presbyteros

363 4123 692 4199 queinsidiasvindioat.
713 4126 863 4185 Neomul-
915 4126 1031 4202 quidem
1050 4146 1112 4183 esse
1133 4138 1259 4201 quatuor
1283 4130 1360 4200 (sex)
1384 4137 1414 4184 et

363 4212 396 4260 to
409 4213 476 4280 post
495 4223 571 4262 unus
589 4225 626 4262 ex
645 4205 702 4263 illis
721 4208 864 4285 episcopis
914 4206 1124 4284 quadraginta:
1168 4215 1277 4282 septem
1316 4219 1412 4263 autem

363 4280 400 4339 ad
427 4283 577 4342 ecclesiam
606 4285 702 4351 rediit,
724 4286 862 4345 delictum
915 4285 1050 4344 diaconos
1068 4284 1249 4360 totidemque
1264 4285 1415 4343 subdiaco-

319 4369 448 4425 sonuum
462 4384 529 4422 cum
544 4364 680 4423 lamentis
696 4387 729 4423 ac
749 4366 865 4424 fletibus
915 4385 985 4423 nos:
1020 4364 1170 4423 acoluthos
1193 4364 1266 4422 duos
1291 4379 1320 4421 et
1343 4385 1412 4441 qua·

363 4443 515 4502 confitens.
531 4444 627 4515 Quem
644 4466 707 4511 uos,
718 4467 782 4503 cum
799 4447 863 4502 uni·
915 4444 1065 4523 draginta:
1094 4445 1251 4501 exorcistas
1271 4455 1302 4502 et
1325 4444 1415 4502 leoto-

366 4541 463 4589 ,versus
485 4524 612 4602 populus
632 4546 685 4603 pro
704 4525 755 4583 illo
774 4526 863 4582 iuter.
916 4545 962 4582 res
976 4545 1041 4582 cum
1061 4524 1186 4582 ostiariis
1205 4523 1415 4599 quinquaginta

365 4603 504 4668 cessisset.
516 4604 554 4662 ad
565 4606 798 4662 communionem
815 4604 865 4661 lai'.
917 4603 1005 4662 duos:
1033 4603 1134 4661 viduas
1148 4602 1274 4679 denique
1288 4621 1353 4658 cum
1371 4601 1412 4654 in-

322 4758 325 4765 *
366 4700 426 4739 oum
439 4685 628 4764 suscepimus,
673 4684 806 4760 Reliquis
822 4696 865 4742 et·
919 4685 1008 4743 firmis
1032 4696 1062 4743 et
1086 4683 1238 4760 egentibus
1264 4681 1415 4758 plusquam
