3700 5667
483 654 534 717 ΙΝ
560 654 793 717 SYNODUM
819 653 1194 718 ANTIOCHENAM.
1300 659 1365 722 347

315 823 348 886 in
362 822 423 884 hoo
437 828 545 886 tamen
562 825 767 902 ἐμποπεόοντα
782 824 919 908 positum
936 832 995 888 est.
1032 825 1153 890 Fecere
1169 835 1275 890 sutem
1292 850 1363 891 eum

315 925 384 988 odit.
402 925 502 1009 soeph.
520 925 604 988 codd.
621 927 693 1009 Ιίαρ.
715 932 748 988 et
767 935 924 1009 utrumque
941 927 1148 990 Parisiensem
1169 928 1266 992 refert
1286 929 1366 991 Bur·

316 1033 420 1089 tonus.
471 1025 589 1088 Vooem
617 1027 847 1110 interpretetus
876 1036 926 1091 est
954 1028 1134 1112 Hesychius
1164 1034 1364 1110 θριαμβεύειν.

317 1128 408 1208 Quod
438 1127 481 1189 ad
511 1125 618 1189 Rufini
651 1127 878 1190 correctionem
913 1129 1042 1203 attinet,
1074 1130 1105 1191 in
1136 1131 1233 1193 veteri
1266 1131 1366 1194 MSto

317 1229 422 1292 Rufini
453 1250 549 1314 penes
579 1227 752 1311 Collegium
785 1239 940 1300 nostrum,
971 1231 1076 1294 deleta
1105 1232 1232 1314 penitus
1266 1233 1363 1316 priori

316 1332 475 1413 scriptura
491 1331 700 1413 (quaeeunque
721 1329 850 1392 tandem
871 1353 909 1393 es
923 1331 1031 1406 suerit,
1047 1334 1078 1393 in
1098 1333 1193 1396 editis
1214 1333 1297 1396 enirn
1313 1356 1365 1396 ex·

317 1443 367 1497 tat
390 1442 486 1496 artem
511 1435 561 1512 αο)
587 1431 765 1514 antiquitus
790 1432 831 1493 ad
858 1454 947 1495 orum
972 1433 1088 1495 eodiois
1115 1434 1290 1517 repositum
1314 1443 1364 1498 ost

317 1535 497 1599 Artemonis.
544 1533 717 1596 Posteriori
740 1541 847 1596 autern
870 1534 940 1597 loeo
963 1544 1129 1598 exoratum
1153 1544 1214 1611 est,
1233 1546 1366 1599 ανίοιιιου

318 1638 388 1721 (sed
402 1658 472 1699 mon
488 1635 601 1699 ultime
616 1635 737 1718 syllaba
752 1656 848 1718 supra
864 1635 998 1713 inserts)
1014 1635 1118 1699 scribit
1132 1646 1158 1698 et
1173 1636 1259 1698 illius
1272 1637 1365 1700 lcers-

316 1760 374 1801 οσον
402 1748 554 1801 netum
583 1737 788 1799 communicat·
844 1737 921 1816 Quae
952 1736 1077 1818 quidem
1108 1759 1190 1799 verse
1221 1737 1364 1801 lectionis

316 1839 449 1923 vestigia
470 1846 554 1903 sunt.
600 1839 769 1924 Ipsumque
792 1860 899 1901 vooem
923 1850 1020 1901 αντα-οι
1043 1839 1110 1901 sine
1132 1861 1170 1900 ae
1191 1839 1289 1903 habet
1311 1863 1362 1904 ve·

317 1940 511 2003 tustissimus
535 1940 641 2002 Rufini
666 1941 775 2011 codex,
799 1961 891 2023 quern
916 1940 1004 2002 libris
1030 1939 1107 2002 meis
1135 1961 1217 2003 nune
1242 1942 1363 2016 addidi,

316 2042 481 2124 posteriori
496 2052 604 2105 autem
620 2041 688 2104 loeo
704 2040 841 2125 positum
857 2053 917 2115 est,
934 2051 1030 2102 artem
1045 2049 1072 2102 σί
1087 2039 1216 2115 scribat,
1233 2050 1260 2103 et
1274 2041 1325 2104 ι’ίίί

316 2143 436 2206 loeresis
450 2164 622 2206 αυαασςοονος
636 2143 664 2205 σι’
679 2143 901 2205 communicent.

363 2245 398 2306 P.
414 2263 487 2327 310.
503 2243 523 2307 l.
539 2261 569 2327 5.
584 2242 687 2328 μόλις]
705 2243 815 2306 Vertit
832 2242 979 2305 Valesius
996 2243 1137 2314 tanden-
1162 2242 1363 2326 suffraganti·

317 2347 377 2408 bus
392 2345 561 2409 Glosseriis
577 2354 637 2407 vet.
655 2367 725 2427 quae
740 2345 879 2408 hubent:
907 2347 1014 2410 Μόλις.
1036 2345 1179 2407 Tandem.
1205 2346 1276 2407 Vir.
1301 2347 1364 2408 Vin

316 2448 444 2510 tandem.
467 2450 553 2526 μόλις
575 2450 616 2519 δὲ,
643 2448 706 2508 vu
719 2447 802 2509 dum.
824 2450 910 2526 μόλις
933 2449 1014 2519 ποτὲ,
1038 2448 1170 2509 Tandem
1184 2447 1361 2531 olt'qerando.

316 2550 370 2611 αῖν
383 2549 514 2613 london.
559 2548 716 2611 Scribitur
738 2551 824 2628 μόγις
845 2548 876 2609 in
891 2549 965 2610 Ms.
983 2549 1121 2631 Norsolc.
1145 2548 1193 2610 vel
1209 2549 1365 2613 referente

318 2651 463 2713 Burtono
488 2650 633 2731 μέγιστον
660 2658 810 2733 corrupte
839 2671 897 2732 pro
925 2651 1012 2728 μόγις
1042 2653 1103 2713 τόν.
1159 2649 1259 2712 Paulo
1289 2659 1364 2714 ante

316 2752 435 2816 habent
454 2757 507 2815 τοῦ
519 2751 648 2831 Ἀρτεμᾶ
668 2774 726 2836 pro
745 2757 781 2838 τῇ
795 2751 924 2829 Ἀρτεμῖι
946 2750 1075 2834 Syneoll.
1097 2758 1130 2814 et
1150 2750 1279 2834 Nic-oph.
1296 2751 1363 2833 qui·

316 2855 446 2917 buseum
461 2853 618 2917 eonsentit
633 2854 695 2916 eod.
709 2853 799 2916 Flor.
811 2853 912 2936 prior.
930 2860 1013 2915 teste
1026 2851 1179 2924 Buitono,
1196 2853 1251 2914 sed
1266 2874 1363 2917 manu

316 2956 463 3019 secunda.

361 3058 444 3120 Ibid.
460 3057 480 3121 l.
498 3078 542 3120 ιι.
559 3059 639 3135 Φησὶ
654 3059 754 3120 τοίνυν
770 3057 839 3140 tre]
856 3055 1008 3119 Leontius
1023 3055 1217 3140 Byzantinus
1232 3055 1264 3118 in
1280 3056 1361 3120 libro

316 3181 412 3243 suprs
435 3160 576 3234 laudate,
598 3158 790 3242 comparetis
808 3157 877 3241 jam
900 3157 993 3219 Pauli
1016 3157 1118 3220 effatis
1143 3178 1214 3218 euni
1237 3157 1363 3219 haereti·

316 3282 424 3324 eorum
436 3261 484 3324 sui
493 3260 645 3344 temporis
657 3259 866 3343 opinionibus,
877 3257 981 3341 pergit
991 3257 1169 3339 Epistolurn
1180 3257 1362 3338 synodieum

316 3384 492 3447 excerpere,
509 3383 580 3444 quae
601 3361 726 3444 integre
743 3382 841 3444 usque
862 3361 903 3422 ud
922 3357 1005 3420 illius
1022 3366 1169 3439 tempora
1183 3378 1363 3438 permanse-

316 3471 377 3527 rat.
417 3463 532 3536 Verba,
548 3483 617 3545 quse
639 3462 795 3545 synodicis
815 3461 885 3523 istis
900 3457 1053 3542 praemisit
1070 3456 1234 3531 Leontius,
1252 3458 1363 3519 Graeee

316 3586 398 3627 nune
414 3565 548 3649 primurn
570 3563 729 3647 praestabo
743 3586 782 3625 ex
798 3561 905 3624 oodiee
922 3560 1020 3622 Msto
1036 3558 1208 3621 Bodleiano
1224 3564 1362 3642 sumpts.

315 3672 418 3730 Ταῦτα
435 3668 517 3744 ἡμεῖς
532 3667 570 3730 ὣς
589 3666 678 3744 ὀλίγα
694 3668 726 3726 ἐκ
741 3670 800 3727 τῶν
814 3668 938 3726 πολλῶν
954 3659 1236 3740 ὰντιπαρεθήκαμεν
1260 3662 1313 3738 τὴν
1329 3663 1363 3725 ἓν

316 3772 357 3851 τῷ
373 3769 449 3852 κακῷ
465 3768 642 3845 συμφωνίαν
657 3767 729 3845 πρὸς
743 3765 811 3830 τοὺς
825 3764 969 3828 παλαιοὺς
983 3768 1041 3824 τῶν
1056 3766 1219 3840 αίρετικῶν,
1234 3762 1364 3842 πατέρας

316 3871 436 3940 τούτων,
452 3871 642 3946 παραστῆσαι
661 3868 853 3944 βουλόμενοι.
877 3865 976 3942 ἔξεστι
991 3866 1022 3927 δὲ
1039 3867 1078 3946 τῷ
1094 3864 1213 3927 θέλοντι
1228 3867 1364 3946 ἐντυχεῖν

315 3973 350 4047 τῇ
371 3973 445 4031 κατὰ
465 3973 517 4031 τοῦ
538 3967 736 4045 Σαμοσατέως
757 3969 908 4052 γραφείσῃ
931 3969 1074 4049 ἐγκυκλίιρ
1092 3969 1234 4044 ἐπιστολῇ
1250 3971 1300 4042 τῆς
1316 3968 1365 4029 αὖ·

316 4070 368 4132 τὸν
383 4072 567 4147 καθελοόσης
588 4070 675 4148 ἁγίας
693 4069 829 4138 συνόδου,
848 4069 894 4129 καὶ
916 4069 1018 4145 μέντοι
1042 4069 1089 4129 καὶ
1110 4071 1150 4148 τῷ
1174 4068 1305 4148 διαλόγῳ
1328 4067 1364 4128 δν

315 4172 388 4249 πρὸς
402 4171 492 4233 αὐτὸν
507 4173 523 4231 ὁ
539 4171 742 4247 πρεσβύτερος
759 4169 908 4248 Μαλχίων
924 4166 1117 4242 ίνεστήσατο.
1142 4166 1290 4244 γνώσεται
1305 4169 1363 4245 γὰρ

316 4273 471 4350 ἀσφαλῶς,
488 4273 527 4336 ὡς
546 4270 663 4349 γνήσιοι
684 4271 798 4330 ἐκείνου
816 4268 997 4349 τυγχάνουσι
1018 4266 1144 4343 μαθηταὶ
1158 4267 1186 4325 οἶ
1202 4266 1267 4342 περὶ
1286 4267 1364 4328 Θεό-

315 4376 409 4450 δωρον
424 4370 675 4455 (Mopsuestiae).
699 4369 811 4449 σχεδὸν
833 4368 891 4448 γάρ
913 4393 942 4429 τι
964 4370 1011 4429 καὶ
1034 4369 1083 4428 διὰ
1105 4371 1163 4427 τῶν
1185 4365 1282 4427 αὐτῶν
1304 4391 1363 4446 χω-

314 4477 400 4549 ροῦσι
414 4473 537 4551 λέξεων,
551 4473 588 4536 ὡς
602 4470 642 4548 μὴ
658 4471 837 4551 συγγραφὴν
853 4475 952 4533 δοκεῖν
967 4471 1043 4532 εἶναι
1058 4472 1094 4530 τὰ
1109 4469 1220 4530 τούτων
1236 4468 1364 4549 συντάγ-

311 4599 398 4650 ματα,
416 4578 498 4637 ἇλλδ
515 4573 710 4653 μεταγραφὴν
725 4577 844 4650 μᾶλλον
862 4574 899 4632 τὰ
919 4572 1034 4633 ἐκείνου
1051 4573 1093 4635 είς
1113 4573 1149 4631 τὰ
1165 4571 1259 4630 οίκεῖα
1274 4593 1363 4645 μετα-

791 4695 811 4732 s
827 4689 882 4753 ys
