3700 5667
491 655 543 719 IN
568 656 802 720 SYNODUM
827 656 1203 721 ANTIOCHENAM.
1305 661 1367 723 341

322 823 496 891 Concilium
518 824 731 889 Laodicenum
751 824 784 887 in
800 826 932 888 Conone
950 825 1069 909 penult.
1086 827 1132 888 ὅτι
1150 827 1185 890 οῦ
1204 831 1251 890 δεῖ
1266 830 1371 891 ἰδιωτι-

322 929 389 994 κοὺς
411 928 553 1008 ψαλμοὺς
576 927 722 1008 λέγεσθαι
746 930 780 990 ἐν
801 931 836 1013 τῇ
860 930 1013 1013 ἐκκλησίᾳ,
1029 929 1083 1013 qui
1105 929 1137 992 iu
1159 930 1222 994 Dei
1244 930 1371 1014 quidem

321 1029 472 1092 honorem
492 1028 568 1092 lacti
591 1028 666 1105 sint,
682 1028 809 1113 publica
829 1050 904 1091 vero
924 1029 1119 1094 auctoritate
1139 1030 1226 1094 houd
1247 1030 1370 1095 sanciti.

325 1129 459 1194 Utinam
484 1129 617 1213 antiquo
643 1130 716 1193 huie
747 1129 860 1194 cononi
886 1130 1031 1193 hodierni
1059 1130 1169 1196 fideles
1197 1131 1231 1195 in
1260 1138 1372 1196 nostra

322 1228 452 1292 ecclesio
466 1227 603 1313 Anglioa
616 1229 844 1293 auscultarent.

364 1331 402 1394 P.
418 1349 493 1416 307.
509 1330 530 1393 l.
550 1349 599 1394 ιν.
614 1331 761 1414 Χριστὸν]
780 1330 912 1395 Omittit
926 1330 1059 1416 Νίσυρόν.
1083 1331 1218 1396 summ.
1273 1369 1276 1375 ·

364 1432 447 1496 Ibid.
463 1432 485 1495 l.
506 1449 554 1517 15.
576 1430 633 1516 ὧν]
651 1434 689 1500 ῦς
705 1431 873 1497 Camellani
890 1433 961 1496 Cod.
986 1433 1118 1498 Srncrn.
1139 1442 1172 1498 et
1187 1442 1271 1500 teste
1287 1435 1369 1500 Bur·

321 1544 400 1601 tono
420 1535 481 1599 eod.
503 1536 584 1599 Por.
604 1555 631 1599 τ.
653 1536 700 1599 ito
721 1544 755 1598 at
776 1534 1003 1613 demeteretsi
1026 1534 1097 1620 quis
1118 1537 1255 1615 audiret,
1271 1538 1370 1604 habet

320 1640 452 1722 Rufhms
465 1648 518 1701 oet.
535 1638 646 1722 intem.

367 1740 449 1804 lbid.
465 1739 485 1805 l.
506 1741 567 1823 17.]
589 1741 766 1805 ἐπισκόπους
780 1744 838 1801 τῶν
853 1741 969 1820 ὁμόρων
984 1737 1099 1823 ἀγρῶν]
1117 1740 1369 1827 Chorepiscopos

322 1841 496 1927 intelligere
519 1840 655 1905 videtur.
699 1842 768 1903 Eos
791 1839 874 1903 enim
894 1839 1063 1924 distinguit
1085 1840 1220 1925 epistola
1241 1843 1283 1906 ab
1305 1843 1370 1928 epi·

322 1944 426 2028 scopis
452 1942 587 2006 urbium.
633 1946 706 2007 Hos
731 1942 829 2026 igitur
855 1941 887 2004 in
911 1941 1114 2005 concionibus
1140 1943 1181 2005 ad
1206 1943 1367 2028 populum,

322 2043 435 2107 similia
459 2066 497 2108 ao
519 2043 666 2107 mulieres
688 2043 757 2107 illas
780 2041 930 2127 psaltrias
953 2044 992 2106 de
1016 2043 1118 2107 Paulo
1143 2043 1260 2108 dixisse
1284 2067 1369 2108 asse-

321 2150 397 2206 runt
414 2151 544 2228 patres:
569 2146 655 2228 quod
670 2143 981 2229 christophorsonus
997 2167 1061 2209 non
1076 2146 1241 2211 intellexit.
1265 2148 1368 2210 Vxnn·

322 2266 393 2307 nos.

366 2350 403 2411 P.
420 2349 493 2433 308.
509 2349 531 2411 l.
553 2370 578 2412 1.
601 2349 655 2412 τὸν
671 2351 728 2428 μὲν
749 2352 806 2432 γῦρ
825 2349 892 2412 υἱὸν
910 2352 963 2412 τοῦ
983 2348 1077 2433 Θεοῦ]
1095 2348 1148 2411 τὸν
1164 2350 1221 2427 μὲν
1235 2349 1369 2431 Χριστὸν

321 2449 386 2513 υἱὸν
402 2455 484 2514 Θεοῦ
499 2450 573 2513 MS.
588 2451 726 2534 Norfhle.
773 2450 877 2515 Abest
898 2455 951 2512 τοῦ
974 2455 1056 2514 Θεοῦ
1078 2471 1098 2512 a
1120 2448 1266 2532 δυνασθῶ.
1310 2450 1368 2515 Oe-

323 2556 427 2612 terum
440 2549 481 2614 de
495 2551 565 2635 ipsa
580 2552 672 2615 Pauli
688 2552 856 2628 sententia,
874 2552 945 2616 vide
965 2573 1033 2635 quae
1054 2559 1231 2636 sequuntur
1245 2575 1275 2638 p.
1291 2572 1367 2638 300.

321 2651 406 2713 Dum
426 2673 501 2715 vero
523 2651 583 2716 hoo
605 2652 675 2716 loeo
698 2656 921 2732 κατεληλυθότα
943 2675 1001 2737 pro
1024 2655 1268 2734 κατεληλυθέναι,
1284 2655 1367 2719 siout

322 2752 403 2816 infra
418 2775 543 2837 qnoque
558 2754 612 2818 lin.
624 2775 653 2838 9.
669 2777 701 2839 p.
712 2756 786 2840 308.
803 2755 883 2819 idem
898 2756 973 2818 Me.
989 2755 1100 2833 habet,
1111 2756 1158 2820 ita
1172 2755 1318 2821 similiter
1332 2756 1366 2821 in

322 2854 482 2918 codicibus
498 2856 625 2940 scriptis
640 2879 729 2921 sacer
743 2865 852 2923 textus
866 2858 1010 2922 variatur
1024 2857 1110 2940 apud
1129 2878 1141 2920 1
1156 2859 1249 2922 [σου.
1264 2858 1303 2923 iv.
1322 2878 1350 2925 ν.

364 2956 446 3019 Ibid.
462 2956 482 3020 l.
498 2976 530 3041 3.
552 2960 771 3044 προλαβόντες]
793 2962 1023 3040 προσλαβόντες
1045 2960 1119 3022 MS.
1140 2960 1242 3045 sapt.
1263 2961 1365 3026 Otre-

319 3058 395 3142 apt.
412 3060 508 3122 Lecti.
522 3060 732 3146 Jereeeiooiqae
747 3062 944 3147 Ενοννρῖοτῦσ
961 3063 1066 3147 Μονη.
1114 3061 1194 3125 Mox
1214 3067 1274 3126 τῶν
1294 3072 1365 3142 μελ-

319 3164 435 3224 λόντων
459 3161 644 3242 ῥηθήσεσθαι
669 3163 714 3225 ed.
742 3164 845 3248 Sept.
878 3163 1033 3247 Stephani
1058 3162 1153 3227 lectio
1176 3185 1194 3226 e
1217 3185 1291 3227 mox
1318 3186 1365 3228 ee·

319 3270 436 3345 quente
454 3262 614 3344 ῥηθήσεται
633 3269 707 3327 orta
722 3263 857 3327 videtur.
881 3263 1016 3326 Srnorn.
1046 3262 1273 3341 προσλαβόντες
1288 3263 1364 3325 Me.

319 3364 417 3427 Soeil.
436 3385 492 3428 seu
511 3363 602 3427 Bodl.
647 3365 751 3429 Addit
768 3365 934 3428 Burtonus'
948 3362 1034 3426 Med.
1050 3364 1143 3425 Μαο.
1160 3362 1270 3424 Petet.
1286 3363 1364 3427 Flo·

319 3468 520 3550 remittasque.
553 3466 736 3548 λεχθήσεται
768 3489 826 3551 pro
859 3464 1028 3546 ῥηθήσεται,
1059 3462 1215 3526 relerente
1242 3464 1365 3541 eodem,

320 3575 453 3651 praeetat
468 3568 530 3632 ced.
549 3569 656 3631 Paris.
678 3589 705 3632 1.
721 3566 926 3649 λεχθήσεσθαι
942 3565 1066 3648 Παρίοις.

298 3734 309 3745 „
363 3668 444 3732 Ibid.
467 3669 487 3731 l.
508 3689 538 3752 5.
561 3664 792 3754 ὑπομνημάτων]
817 3668 909 3749 Quod
931 3689 1027 3751 supra
1050 3665 1294 3742 observavimus,
1316 3688 1365 3731 er-

318 3791 389 3833 rare
408 3770 501 3855 vulgo
522 3770 713 3855 interpretes
734 3771 767 3834 in
787 3771 881 3855 hujus
900 3769 986 3833 vocis
1007 3768 1225 3854 explicatione,
1241 3767 1274 3831 id
1294 3789 1364 3852 per-

318 3871 461 3955 spicuum
481 3870 519 3934 fit
544 3871 604 3934 hoc
631 3872 709 3934 loco.
755 3871 839 3936 Nam
865 3879 898 3936 et
925 3871 1054 3956 Longus
1080 3877 1113 3934 et
1139 3869 1303 3933 Musculus
1329 3876 1363 3933 et

317 3971 623 4058 (lhrietophorsouus
655 3974 878 4037 commentarios
911 3973 1115 4057 interpretati
1151 3980 1250 4043 sunt;
1289 3993 1361 4034 eum

317 4084 392 4139 acta
406 4098 462 4139 seu
476 4083 567 4160 gesta
583 4083 706 4139 vertere
722 4076 914 4141 debuissent.
947 4076 1035 4139 Acta
1049 4080 1158 4138 autem
1173 4073 1226 4136 illa
1241 4072 1362 4155 Synodi

317 4177 538 4250 Antiochense,
555 4177 631 4239 nihil
647 4176 732 4240 aliud
754 4185 846 4241 emnt
862 4199 957 4260 quam
977 4173 1152 4259 disputatio
1174 4172 1363 4236 Malchionis

316 4280 466 4342 adversus
492 4280 627 4343 Paulum
652 4280 904 4357 samosatenum,
930 4300 1001 4363 quae
1026 4299 1046 4340 a
1071 4274 1204 4338 notariis
1229 4281 1364 4356 excepto

316 4379 430 4455 fuerat,
447 4389 484 4447 ut
507 4381 707 4466 supradixit
730 4382 897 4445 Eusebius.
944 4382 995 4443 Ex
1017 4379 1056 4443 iis
1077 4377 1159 4441 actis
1182 4375 1365 4439 testimonia

316 4484 461 4564 quaedam
488 4484 611 4568 prolert
639 4483 795 4546 Leontius
821 4483 996 4568 Byzantius
1021 4481 1054 4544 in
1080 4478 1161 4542 libro
1182 4478 1226 4541 iii.
1251 4485 1364 4542 contra

316 4583 511 4663 Nestorium,
527 4606 627 4669 eaque
647 4583 841 4668 distinguere
857 4584 983 4647 videtur
1004 4604 1033 4646 a·
1045 4579 1261 4664 disputatione
1278 4579 1363 4644 Mal·
