3700 5667
543 673 593 737 ΙΝ
622 673 652 737 S.
671 675 924 737 VIC'l'ORINl
952 674 1315 738 FRAGMENTUM.
1385 674 1449 738 473

392 842 582 927 prospiciam
601 843 744 908 duritiem
756 843 868 928 populi
886 843 973 907 ill-ius
987 842 1132 923 (Israelis
1152 842 1279 907 Christo
1294 863 1446 925 novaeque

399 944 460 1029 legi
481 945 603 1021 infensi,
619 967 657 1009 ae
677 953 848 1031 propterea
866 944 1002 1029 rejiculi)
1019 945 1134 1008 idcirco
1155 945 1204 1008 dic
1224 942 1342 1007 sabbati
1363 942 1444 1006 leva

400 1046 457 1110 bat
477 1067 599 1123 manus,
614 1054 647 1111 et
670 1048 715 1112 sio
735 1048 839 1132 ipsum
858 1049 943 1112 cruci
956 1049 1041 1131 fierit.
1087 1048 1142 1111 Ad
1163 1046 1340 1131 posteriora
1361 1046 1446 1129 quod

398 1149 529 1226 attinet,
550 1150 705 1234 respicere
724 1149 849 1214 videtur
869 1149 1051 1213 Victorinus
1072 1149 1115 1213 ad
1137 1171 1184 1225 oa,
1204 1170 1275 1233 quae
1297 1171 1337 1211 ex
1359 1147 1448 1211 Mao-

400 1253 579 1316 cabaecrum
602 1252 673 1316 libri
698 1252 790 1336 primi
814 1252 918 1336 eapite
945 1252 1083 1315 secundo
1105 1260 1235 1315 enarrat
1260 1249 1446 1326 Sabellicus,

400 1352 434 1416 in
455 1353 597 1417 Ηάςίονὶα
617 1356 706 1418 Scor.
726 1376 765 1417 ex
784 1351 962 1417 Εαοαάίάνυ
980 1353 1048 1436 ejus
1063 1361 1181 1437 sumpt.
1197 1353 1251 1416 lib.
1267 1352 1307 1416 vi.
1324 1375 1355 1438 p.
1373 1368 1445 1434 279.

401 1456 450 1519 ed.
469 1456 569 1520 Lond.
595 1455 723 1520 Ethnici
737 1456 761 1519 J
763 1457 870 1520 adaeos
886 1477 902 1519 ο
918 1454 1065 1519 seremiles
1083 1455 1316 1518 dedecorarunt
1334 1454 1446 1518 conati.

403 1556 551 1619 Ceterum
565 1577 656 1640 quum
670 1577 760 1640 aeq-rw
772 1554 937 1619 Ιιονίαίίοαο
956 1576 1048 1639 αοηαο
1067 1555 1160 1618 rra-iaie
1169 1555 1256 1638 flecti
1271 1556 1447 1638 ροίυίοοοαί,

400 1655 590 1721 saltumn
606 1657 656 1721 άίο
675 1678 732 1742 qaae
749 1656 859 1721 Jedoel
875 1656 984 1741 ρναίὶίί
1002 1656 1139 1720 instituto
1153 1677 1295 1741 ροραανο
1308 1655 1449 1740 prolite-

401 1757 627 1837 contemtoris
643 1758 789 1823 moenibus
807 1759 968 1835 insinuet-i,
987 1759 1082 1822 αυίίίο
1100 1756 1334 1843 repugnantiae
1354 1781 1449 1843 αηονα

400 1861 484 1926 νιίίίο
502 1863 537 1925 ia
555 1861 704 1947 spel-uncis
716 1863 807 1946 serm
827 1872 855 1925 et
874 1861 941 1945 ἱραί
960 1860 1122 1925 crudeliter
1140 1860 1449 1924 aecumst—lala

401 1974 465 2028 tum
480 1965 620 2048 prinlum
639 1964 696 2039 les,
714 1973 748 2027 οί
767 1961 898 2029 adlatis
912 1985 974 2048 ρνο
993 1964 1059 2027 cita
1078 1963 1224 2027 αάυονυνυ
1241 1961 1333 2025 roua
1353 1962 1448 2027 ‹limi-

401 2089 471 2131 care
500 2067 609 2131 liceret.
664 2067 776 2151 Pergit
806 2088 882 2150 ergo
912 2067 961 2130 ita
989 2066 1128 2129 scribere
1153 2065 1351 2129 Victorinus.
1404 2068 1450 2129 Er

394 2169 508 2254 prelio
528 2157 749 2254 quaerebantur
770 2167 808 2232 αά
831 2168 991 2253 allophylis
1012 2167 1141 2245 οαάάαίο,
1160 2178 1194 2231 at
1216 2179 1402 2253 caperentur,
1421 2180 1450 2232 et

401 2270 482 2334 οοίαί
494 2271 653 2335 aventato
668 2270 739 2356 ίορίο
753 2271 798 2334 ed
810 2270 1006 2334 devitandam
1021 2270 1216 2354 άίοαρίίαανυ
1222 2272 1447 2355 scrutaremur,

402 2371 434 2435 h.
457 2395 485 2435 e.
510 2370 612 2456 legem
639 2371 896 2436 caeremonialem.
943 2371 1095 2455 Sequitur
1124 2371 1207 2434 euim
1236 2377 1310 2455 post
1338 2380 1446 2435 cetera

401 2473 546 2557 exempla
565 2474 664 2537 allata
683 2474 769 2538 istud
784 2473 882 2538 veteri
904 2474 1040 2537 sabbato
1057 2472 1327 2557 oppositum-ut
1342 2494 1444 2535 aarum

401 2575 483 2639 illud
498 2586 526 2640 οί
539 2576 657 2659 justum
675 2573 829 2639 sabbatum
847 2576 971 2660 οορίίποο
985 2575 1134 2639 ναὶίίὶανίο
1148 2596 1297 2639 annorum
1310 2572 1460 2638 obserca·'

401 2686 495 2753 retur,
511 2699 583 2762 pag.
598 2680 672 2761 458.
688 2677 708 2741 l.
730 2696 778 2740 11.
825 2679 976 2742 Ceterum
999 2676 1030 2739 in
1055 2676 1126 2741 MS.
1150 2676 1300 2740 scribitur
1321 2677 1445 2761 isuper

400 2781 538 2844 alterurn
553 2803 568 2845 ο
584 2779 616 2843 in
631 2780 802 2844 ιίοοοίααάο.

447 2884 486 2946 P.
507 2901 583 2967 457.
606 2884 626 2947 l.
648 2901 701 2968 32.
726 2882 777 2946 die
799 2884 928 2970 octavo]
953 2886 1157 2949 Annotatunr
1179 2884 1292 2948 estad
1315 2880 1444 2946 Oaviani

401 2985 577 3072 apographi
602 3007 702 3072 marg.
732 2997 751 3018 ‘⁴
769 2985 894 3050 Titulus
920 2984 974 3050 Ps.
999 2989 1030 3051 6.
1057 2995 1107 3050 est
1131 2988 1205 3067 ὑπὲρ
1230 2991 1281 3065 τῆς
1306 2982 1443 3066 ὀγδόης.”

401 3089 492 3154 Beda
513 3089 546 3152 iu
568 3089 763 3153 Ηοαοοναονο.
786 3089 913 3152 Dictum
934 3091 1014 3152 caim
1037 3088 1133 3152 estin
1156 3087 1242 3152 νὶίνίο
1264 3087 1386 3151 Psalmi
1409 3086 1443 3148 ia

392 3194 499 3274 ficara,
522 3192 557 3253 in
577 3190 704 3273 ίιγαοαίο,
722 3211 784 3273 ρνο
806 3201 913 3254 octava
935 3190 1073 3273 ροαίναοα
1094 3190 1211 3266 David,
1234 3187 1315 3272 qaod
1335 3187 1373 3250 de
1395 3186 1446 3248 die

394 3293 512 3374 ρἀάίοὶί
534 3293 679 3375 scriptum
701 3299 778 3353 totus
800 3291 947 3373 seque-rma
964 3290 1082 3373 ροαίναί
1103 3297 1199 3352 testas
1219 3289 1310 3362 decet,
1331 3287 1366 3348 ia
1388 3307 1447 3368 quo

402 3393 484 3455 iram
499 3392 617 3454 seruari
624 3390 744 3472 judicii
759 3390 864 3452 timens
872 3391 1024 3473 propheta
1038 3389 1196 3464 αυοίονιαί,
1211 3387 1347 3453 Domine
1362 3407 1402 3448 ne
1417 3385 1449 3447 in
1571 3448 1576 3456 ,

400 3490 519 3575 judicio
542 3499 598 3555 tuo
620 3511 746 3574 arguas,
763 3510 864 3573 neque
886 3489 919 3551 in
938 3488 1044 3552 lurore
1063 3496 1120 3553 tuo
1140 3487 1291 3572 corripias
1312 3507 1373 3557 me,
1391 3486 1446 3548 &a

403 3615 476 3678 pag.
494 3611 544 3653 21.
562 3591 620 3654 vol.
637 3592 676 3654 iv.
694 3590 866 3675 opilare
882 3590 1196 3655 Basileaecditorum.
1242 3589 1287 3653 Et
1302 3587 1356 3651 diu
1371 3593 1447 3650 auto

404 3693 541 3758 Basilius
556 3691 605 3756 M.
622 3693 654 3755 iu
669 3691 723 3756 lib.
742 3693 792 3755 De
812 3693 937 3777 spirea
959 3694 1081 3768 Soneio,
1096 3713 1166 3775 cap.
1182 3708 1234 3773 27.
1254 3690 1294 3754 de
1314 3688 1365 3751 die
1380 3687 1448 3750 Do-

404 3797 529 3873 minico,
553 3817 618 3868 sou,
643 3799 677 3874 τῇ
700 3796 753 3879 μία
774 3801 825 3857 τοῦ
851 3795 1022 3874 σαββάτου,
1045 3793 1093 3858 ita
1118 3793 1299 3880 scripserat,
1324 3791 1371 3855 καὶ
1393 3790 1448 3868 μία

403 3899 503 3962 τοίνυν
520 3899 538 3977 ἡ
557 3898 638 3975 αὐτὴ,
656 3898 703 3960 καὶ
718 3899 819 3979 ὀγδόη,
835 3899 888 3976 τὴν
907 3900 979 3976 μίαν
1000 3899 1092 3964 ὄντως
1109 3897 1225 3976 ἐκείνην
1240 3897 1288 3960 καλ
1302 3892 1447 3973 άληθίνην

403 4003 524 4082 ὀγδόην,
538 4000 573 4078 ἧς
596 4001 644 4063 καὶ
666 4001 683 4062 ὀ
705 3999 869 4083 ψαλμρδὸς
889 4000 922 4064 ἐν
941 4024 1021 4063 τισιν
1040 4002 1219 4079 ἐπιγραφαῖς
1238 4004 1296 4061 τῶν
1315 3999 1447 4077 ψαλμῶν

403 4102 586 4181 ἐπεμνήσθη,
605 4101 640 4165 δι’
658 4104 761 4179 ἑαυτῆς
781 4102 996 4181 ἐμφανίζουσα,
1012 4101 1066 4178 τὴν
1086 4103 1159 4179 μετὰ
1178 4099 1232 4163 τὸν
1252 4099 1363 4180 χρόνον
1382 4098 1448 4155 τοῦ·

403 4228 456 4264 που
481 4203 674 4279 κατάστασιν,
701 4202 756 4279 τὴν
785 4203 938 4265 ἄπαυστον
967 4200 1080 4281 ἡμέραν
1108 4199 1163 4278 τὴν
1188 4198 1368 4276 άνέσπερον,
1394 4194 1448 4271 τὴν

403 4307 574 4390 άδιάδοχον,
592 4306 643 4369 τὸν
661 4307 791 4384 ἄληκτον
811 4305 928 4367 ἐκεῖνον
943 4303 991 4366 καὶ
1009 4301 1109 4383 ἀγήρω
1125 4303 1226 4364 αἰῶνα.
1242 4320 1315 4383 pag.
1331 4297 1384 4379 56.
1400 4294 1449 4356 ed·

405 4409 603 4473 Benedictin.
644 4407 762 4471 Itidem
776 4406 874 4469 habet
890 4403 1039 4467 Asterius
1053 4402 1170 4467 Hamil.
1186 4402 1221 4465 in
1236 4402 1292 4465 Pe.
1309 4398 1348 4461 vi.
1364 4395 1450 4480 apud

403 4508 553 4572 (lotelerii
579 4507 691 4572 Eccles.
719 4507 817 4569 Grec.
843 4507 1042 4568 Monumearo
1065 4511 1142 4567 tom.
1166 4501 1198 4565 ii.
1223 4501 1276 4563 τὸν
1300 4499 1380 4575 ὑπὲρ
1399 4498 1450 4573 τῆς

405 4613 515 4691 ὀγδόης
539 4612 587 4675 καὶ
610 4613 661 4688 τῆς
686 4615 744 4673 τῶν
768 4614 879 4687 νεκρῶν
902 4607 1097 4672 ἀναστάσεως
1121 4603 1253 4685 ψάλλων
1276 4597 1450 4681 παρεκάλει.

452 4733 578 4774 vor..1n.
904 4729 923 4793 3
943 4731 958 4768 r
