<?xml version="1.0" encoding="UTF-8"?>
<!DOCTYPE html PUBLIC "-//W3C//DTD XHTML 1.0 Transitional//EN"
    "http://www.w3.org/TR/xhtml1/DTD/xhtml1-transitional.dtd">
<html xmlns="http://www.w3.org/1999/xhtml" xml:lang="en" lang="en">
 <head>
  <title>
</title>
<meta http-equiv="Content-Type" content="text/html;charset=utf-8" />
  <meta name='ocr-system' content='tesseract 3.04.00' />
  <meta name='ocr-capabilities' content='ocr_page ocr_carea ocr_par ocr_line ocrx_word'/>
</head>
<body>
  <div class='ocr_page' id='page_1' title='image "./reliquiaesacrae08routgoog_0457.png"; bbox 0 0 3700 5667; ppageno 0'>
   <div class='ocr_carea' id='block_1_1' title="bbox 411 1173 1308 1261">
    <p class='ocr_par' dir='ltr' id='par_1_1' title="bbox 411 1173 1308 1261">
     <span class='ocr_line' id='line_1_1' title="bbox 411 1173 1308 1261; baseline 0.007 -8"><span class='ocrx_word' id='word_1_1' title='bbox 411 1173 715 1255; x_wconf 86' lang='lat' dir='ltr'>EPISTOLAE</span> <span class='ocrx_word' id='word_1_2' title='bbox 746 1174 1016 1258; x_wconf 87' lang='lat' dir='ltr'><strong>THEONAE</strong></span> <span class='ocrx_word' id='word_1_3' title='bbox 1047 1178 1308 1261; x_wconf 87' lang='lat' dir='ltr'>EPISCOPI</span> 
     </span>
    </p>
   </div>
   <div class='ocr_carea' id='block_1_2' title="bbox 531 1400 1187 1462">
    <p class='ocr_par' dir='ltr' id='par_1_2' title="bbox 531 1400 1187 1462">
     <span class='ocr_line' id='line_1_2' title="bbox 531 1400 1187 1462; baseline 0.009 -6"><span class='ocrx_word' id='word_1_4' title='bbox 531 1400 851 1460; x_wconf 83' lang='lat' dir='ltr'><strong>INTERPRETATIO</strong></span> <span class='ocrx_word' id='word_1_5' title='bbox 873 1404 1026 1460; x_wconf 80' lang='lat' dir='ltr'><strong>LATINA</strong></span> <span class='ocrx_word' id='word_1_6' title='bbox 1047 1405 1187 1462; x_wconf 80' lang='lat' dir='ltr'>VETUS.</span> 
     </span>
    </p>
   </div>
   <div class='ocr_carea' id='block_1_3' title="bbox 379 1602 1332 1817">
    <p class='ocr_par' dir='ltr' id='par_1_3' title="bbox 379 1602 1332 1817">
     <span class='ocr_line' id='line_1_3' title="bbox 845 1602 875 1645; baseline 0.067 -2"><span class='ocrx_word' id='word_1_7' title='bbox 845 1602 875 1645; x_wconf 81' lang='lat' dir='ltr'><strong>IS</strong></span> 
     </span>
     <span class='ocr_line' id='line_1_4' title="bbox 379 1744 1332 1817; baseline 0.01 -19"><span class='ocrx_word' id='word_1_8' title='bbox 379 1744 519 1801; x_wconf 80' lang='lat' dir='ltr'>TERTIO</span> <span class='ocrx_word' id='word_1_9' title='bbox 539 1747 700 1803; x_wconf 80' lang='lat' dir='ltr'>SAECULO</span> <span class='ocrx_word' id='word_1_10' title='bbox 719 1750 772 1804; x_wconf 83' lang='lat' dir='ltr'><strong>AD</strong></span> <span class='ocrx_word' id='word_1_11' title='bbox 792 1749 914 1805; x_wconf 84' lang='lat' dir='ltr'><strong>FINEM</strong></span> <span class='ocrx_word' id='word_1_12' title='bbox 935 1750 1140 1806; x_wconf 83' lang='lat' dir='ltr'>VERGENTE</span> <span class='ocrx_word' id='word_1_13' title='bbox 1159 1752 1332 1817; x_wconf 85' lang='lat' dir='ltr'>FLORUIT‚</span> 
     </span>
    </p>
   </div>
   <div class='ocr_carea' id='block_1_4' title="bbox 307 1858 1338 2086">
    <p class='ocr_par' dir='ltr' id='par_1_4' title="bbox 307 1858 1338 2086">
     <span class='ocr_line' id='line_1_5' title="bbox 307 1858 1338 1983; baseline 0.007 -21"><span class='ocrx_word' id='word_1_14' title='bbox 307 1923 322 1978; x_wconf 85' lang='lat'>5</span> <span class='ocrx_word' id='word_1_15' title='bbox 374 1899 702 1983; x_wconf 75' lang='lat' dir='ltr'>EOOLESIAEQUE</span> <span class='ocrx_word' id='word_1_16' title='bbox 726 1858 957 1969; x_wconf 75' lang='lat' dir='ltr'><strong>FORTASSE</strong></span> <span class='ocrx_word' id='word_1_17' title='bbox 979 1906 1338 1971; x_wconf 83' lang='lat' dir='ltr'><strong>ALEXANDRINAE</strong></span> 
     </span>
     <span class='ocr_line' id='line_1_6' title="bbox 739 2022 972 2086; baseline 0 -2"><span class='ocrx_word' id='word_1_18' title='bbox 739 2022 972 2086; x_wconf 83' lang='lat' dir='ltr'>PRAEFUIT.</span> 
     </span>
    </p>
   </div>
   <div class='ocr_carea' id='block_1_5' title="bbox 368 2434 1337 2621">
    <p class='ocr_par' dir='ltr' id='par_1_5' title="bbox 368 2434 1337 2621">
     <span class='ocr_line' id='line_1_7' title="bbox 368 2434 1337 2521; baseline 0.003 -24"><span class='ocrx_word' id='word_1_19' title='bbox 368 2434 509 2519; x_wconf 74' lang='lat' dir='ltr'><strong>Epistola</strong></span> <span class='ocrx_word' id='word_1_20' title='bbox 528 2435 651 2499; x_wconf 73' lang='lat' dir='ltr'><strong>Theonoe</strong></span> <span class='ocrx_word' id='word_1_21' title='bbox 665 2436 810 2521; x_wconf 62' lang='lat' dir='ltr'><strong>Epuccpi</strong></span> <span class='ocrx_word' id='word_1_22' title='bbox 824 2435 869 2499; x_wconf 83' lang='lat' dir='ltr'><strong>ad</strong></span> <span class='ocrx_word' id='word_1_23' title='bbox 881 2434 1056 2499; x_wconf 70' lang='lat' dir='ltr'><strong>Luciumue</strong></span> <span class='ocrx_word' id='word_1_24' title='bbox 1072 2437 1337 2502; x_wconf 61' lang='lat' dir='ltr'><strong>Cubuuloriorum</strong></span> 
     </span>
     <span class='ocr_line' id='line_1_8' title="bbox 745 2539 961 2621; baseline -0.005 -21"><span class='ocrx_word' id='word_1_25' title='bbox 745 2539 961 2621; x_wconf 70' lang='lat' dir='ltr'><strong>Propositum.</strong></span> 
     </span>
    </p>
   </div>
   <div class='ocr_carea' id='block_1_6' title="bbox 332 2664 1376 2782">
    <p class='ocr_par' dir='ltr' id='par_1_6' title="bbox 332 2664 1376 2782">
     <span class='ocr_line' id='line_1_9' title="bbox 332 2664 1376 2782; baseline 0.003 -25"><span class='ocrx_word' id='word_1_26' title='bbox 332 2664 565 2759; x_wconf 79' lang='lat' dir='ltr'><strong>THEONAS</strong></span> <span class='ocrx_word' id='word_1_27' title='bbox 585 2694 749 2780; x_wconf 88' lang='lat' dir='ltr'><strong>episeopus</strong></span> <span class='ocrx_word' id='word_1_28' title='bbox 770 2696 910 2760; x_wconf 80' lang='lat' dir='ltr'><strong>Lucieno</strong></span> <span class='ocrx_word' id='word_1_29' title='bbox 925 2696 1097 2782; x_wconf 85' lang='lat' dir='ltr'><strong>praeposito</strong></span> <span class='ocrx_word' id='word_1_30' title='bbox 1115 2698 1376 2762; x_wconf 77' lang='lat' dir='ltr'>cubiculariorum</span> 
     </span>
    </p>
   </div>
   <div class='ocr_carea' id='block_1_7' title="bbox 280 2804 1377 4423">
    <p class='ocr_par' dir='ltr' id='par_1_7' title="bbox 286 2804 825 2889">
     <span class='ocr_line' id='line_1_10' title="bbox 286 2804 825 2889; baseline 0.006 -23"><span class='ocrx_word' id='word_1_31' title='bbox 286 2837 322 2876; x_wconf 79' lang='lat'><strong>10</strong></span> <span class='ocrx_word' id='word_1_32' title='bbox 332 2805 525 2869; x_wconf 81' lang='lat' dir='ltr'><strong>invictissimi</strong></span> <span class='ocrx_word' id='word_1_33' title='bbox 543 2804 699 2889; x_wconf 85' lang='lat' dir='ltr'><strong>Principis</strong></span> <span class='ocrx_word' id='word_1_34' title='bbox 715 2806 825 2870; x_wconf 78' lang='lat' dir='ltr'><strong>nostri.</strong></span> 
     </span>
    </p>

    <p class='ocr_par' dir='ltr' id='par_1_8' title="bbox 329 2917 1377 3329">
     <span class='ocr_line' id='line_1_11' title="bbox 376 2917 1374 3002; baseline 0.003 -22"><span class='ocrx_word' id='word_1_35' title='bbox 376 2918 403 2979; x_wconf 88' lang='lat'><strong>1.</strong></span> <span class='ocrx_word' id='word_1_36' title='bbox 427 2917 557 2980; x_wconf 77' lang='lat' dir='ltr'><strong>Gratius</strong></span> <span class='ocrx_word' id='word_1_37' title='bbox 577 2939 638 3002; x_wconf 86' lang='lat' dir='ltr'><strong>ago</strong></span> <span class='ocrx_word' id='word_1_38' title='bbox 653 2917 861 3002; x_wconf 80' lang='lat' dir='ltr'><strong>omnipotenti</strong></span> <span class='ocrx_word' id='word_1_39' title='bbox 878 2917 948 2982; x_wconf 89' lang='lat' dir='ltr'><strong>Deo</strong></span> <span class='ocrx_word' id='word_1_40' title='bbox 965 2925 999 2982; x_wconf 81' lang='lat' dir='ltr'><strong>et</strong></span> <span class='ocrx_word' id='word_1_41' title='bbox 1015 2919 1154 2982; x_wconf 90' lang='lat' dir='ltr'><strong>Domino</strong></span> <span class='ocrx_word' id='word_1_42' title='bbox 1168 2926 1280 2983; x_wconf 88' lang='lat' dir='ltr'><strong>nostro</strong></span> <span class='ocrx_word' id='word_1_43' title='bbox 1295 2921 1318 2982; x_wconf 88' lang='lat' dir='ltr'><strong>J</strong></span> <span class='ocrx_word' id='word_1_44' title='bbox 1320 2941 1374 2983; x_wconf 89' lang='lat' dir='ltr'><strong>esu</strong></span> 
     </span>
     <span class='ocr_line' id='line_1_12' title="bbox 330 3027 1377 3113; baseline 0.003 -23"><span class='ocrx_word' id='word_1_45' title='bbox 330 3027 467 3104; x_wconf 79' lang='lat' dir='ltr'><strong>Christo,</strong></span> <span class='ocrx_word' id='word_1_46' title='bbox 491 3028 544 3111; x_wconf 94' lang='lat' dir='ltr'><strong>qui</strong></span> <span class='ocrx_word' id='word_1_47' title='bbox 568 3028 662 3091; x_wconf 82' lang='lat' dir='ltr'><strong>fidem</strong></span> <span class='ocrx_word' id='word_1_48' title='bbox 687 3050 776 3092; x_wconf 80' lang='lat' dir='ltr'><strong>suurn</strong></span> <span class='ocrx_word' id='word_1_49' title='bbox 800 3050 857 3113; x_wconf 90' lang='lat' dir='ltr'><strong>per</strong></span> <span class='ocrx_word' id='word_1_50' title='bbox 879 3029 1059 3094; x_wconf 84' lang='lat' dir='ltr'><strong>universum</strong></span> <span class='ocrx_word' id='word_1_51' title='bbox 1081 3031 1190 3094; x_wconf 88' lang='lat' dir='ltr'><strong>orbem</strong></span> <span class='ocrx_word' id='word_1_52' title='bbox 1213 3030 1244 3093; x_wconf 93' lang='lat' dir='ltr'><strong>in</strong></span> <span class='ocrx_word' id='word_1_53' title='bbox 1268 3030 1377 3094; x_wconf 78' lang='lat' dir='ltr'><strong>solutis</strong></span> 
     </span>
     <span class='ocr_line' id='line_1_13' title="bbox 330 3138 1375 3221; baseline 0.003 -23"><span class='ocrx_word' id='word_1_54' title='bbox 330 3146 447 3200; x_wconf 84' lang='lat' dir='ltr'><strong>nostroe</strong></span> <span class='ocrx_word' id='word_1_55' title='bbox 470 3138 596 3200; x_wconf 84' lang='lat' dir='ltr'><strong>unicum</strong></span> <span class='ocrx_word' id='word_1_56' title='bbox 615 3138 789 3200; x_wconf 84' lang='lat' dir='ltr'><strong>remedium</strong></span> <span class='ocrx_word' id='word_1_57' title='bbox 809 3138 1022 3214; x_wconf 76' lang='lat' dir='ltr'><strong>manifestare,</strong></span> <span class='ocrx_word' id='word_1_58' title='bbox 1038 3159 1076 3201; x_wconf 82' lang='lat' dir='ltr'><strong>oo</strong></span> <span class='ocrx_word' id='word_1_59' title='bbox 1096 3138 1194 3201; x_wconf 76' lang='lat' dir='ltr'><strong>etiarn</strong></span> <span class='ocrx_word' id='word_1_60' title='bbox 1213 3139 1245 3199; x_wconf 93' lang='lat' dir='ltr'><strong>in</strong></span> <span class='ocrx_word' id='word_1_61' title='bbox 1266 3144 1375 3221; x_wconf 83' lang='lat' dir='ltr'><strong>tyron·</strong></span> 
     </span>
     <span class='ocr_line' id='line_1_14' title="bbox 329 3245 1375 3329; baseline 0.001 -23"><span class='ocrx_word' id='word_1_62' title='bbox 329 3268 441 3308; x_wconf 89' lang='lat' dir='ltr'><strong>norum</strong></span> <span class='ocrx_word' id='word_1_63' title='bbox 460 3247 730 3328; x_wconf 76' lang='lat' dir='ltr'><strong>persecutionibus</strong></span> <span class='ocrx_word' id='word_1_64' title='bbox 750 3245 902 3329; x_wconf 82' lang='lat' dir='ltr'><strong>ampliare</strong></span> <span class='ocrx_word' id='word_1_65' title='bbox 922 3268 986 3309; x_wconf 91' lang='lat' dir='ltr'><strong>non</strong></span> <span class='ocrx_word' id='word_1_66' title='bbox 1006 3245 1139 3308; x_wconf 86' lang='lat' dir='ltr'><strong>destitit.</strong></span> <span class='ocrx_word' id='word_1_67' title='bbox 1188 3246 1291 3307; x_wconf 90' lang='lat' dir='ltr'><strong>Immo</strong></span> <span class='ocrx_word' id='word_1_68' title='bbox 1306 3266 1375 3327; x_wconf 92' lang='lat' dir='ltr'><strong>per-</strong></span> 
     </span>
    </p>

    <p class='ocr_par' dir='ltr' id='par_1_9' title="bbox 280 3354 1375 4423">
     <span class='ocr_line' id='line_1_15' title="bbox 285 3354 1375 3437; baseline 0.003 -24"><span class='ocrx_word' id='word_1_69' title='bbox 285 3355 524 3431; x_wconf 79' lang='lat' dir='ltr'><strong>15soontionum</strong></span> <span class='ocrx_word' id='word_1_70' title='bbox 546 3354 690 3436; x_wconf 80' lang='lat' dir='ltr'><strong>procellis</strong></span> <span class='ocrx_word' id='word_1_71' title='bbox 712 3354 796 3415; x_wconf 85' lang='lat' dir='ltr'><strong>velut</strong></span> <span class='ocrx_word' id='word_1_72' title='bbox 819 3374 932 3415; x_wconf 83' lang='lat' dir='ltr'>aurum</span> <span class='ocrx_word' id='word_1_73' title='bbox 953 3354 984 3415; x_wconf 91' lang='lat' dir='ltr'><strong>in</strong></span> <span class='ocrx_word' id='word_1_74' title='bbox 1005 3355 1132 3416; x_wconf 82' lang='lat' dir='ltr'><strong>fornace</strong></span> <span class='ocrx_word' id='word_1_75' title='bbox 1152 3360 1375 3437; x_wconf 83' lang='lat' dir='ltr'><strong>expurgatum,</strong></span> 
     </span>
     <span class='ocr_line' id='line_1_16' title="bbox 329 3461 1374 3547; baseline -0.001 -22"><span class='ocrx_word' id='word_1_76' title='bbox 329 3463 465 3539; x_wconf 81' lang='lat' dir='ltr'><strong>enituit3</strong></span> <span class='ocrx_word' id='word_1_77' title='bbox 488 3472 521 3525; x_wconf 91' lang='lat' dir='ltr'><strong>et</strong></span> <span class='ocrx_word' id='word_1_78' title='bbox 536 3463 604 3547; x_wconf 80' lang='lat' dir='ltr'><strong>ejus</strong></span> <span class='ocrx_word' id='word_1_79' title='bbox 618 3461 736 3525; x_wconf 80' lang='lat' dir='ltr'><strong>veritos</strong></span> <span class='ocrx_word' id='word_1_80' title='bbox 751 3483 788 3524; x_wconf 87' lang='lat' dir='ltr'><strong>uo</strong></span> <span class='ocrx_word' id='word_1_81' title='bbox 804 3461 959 3526; x_wconf 83' lang='lat' dir='ltr'><strong>celsitudo</strong></span> <span class='ocrx_word' id='word_1_82' title='bbox 981 3464 1082 3547; x_wconf 83' lang='lat' dir='ltr'><strong>magis</strong></span> <span class='ocrx_word' id='word_1_83' title='bbox 1103 3484 1227 3546; x_wconf 86' lang='lat' dir='ltr'><strong>semper</strong></span> <span class='ocrx_word' id='word_1_84' title='bbox 1246 3483 1284 3525; x_wconf 82' lang='lat' dir='ltr'><strong>oo</strong></span> <span class='ocrx_word' id='word_1_85' title='bbox 1308 3483 1374 3524; x_wconf 81' lang='lat' dir='ltr'><strong>me-</strong></span> 
     </span>
     <span class='ocr_line' id='line_1_17' title="bbox 328 3569 1375 3656; baseline -0.003 -22"><span class='ocrx_word' id='word_1_86' title='bbox 328 3574 376 3656; x_wconf 86' lang='lat' dir='ltr'><strong>gis</strong></span> <span class='ocrx_word' id='word_1_87' title='bbox 396 3572 566 3656; x_wconf 87' lang='lat' dir='ltr'><strong>splenduit,</strong></span> <span class='ocrx_word' id='word_1_88' title='bbox 583 3578 619 3634; x_wconf 94' lang='lat' dir='ltr'><strong>ut</strong></span> <span class='ocrx_word' id='word_1_89' title='bbox 634 3571 703 3655; x_wconf 81' lang='lat' dir='ltr'><strong>jem</strong></span> <span class='ocrx_word' id='word_1_90' title='bbox 722 3592 800 3654; x_wconf 84' lang='lat' dir='ltr'><strong>pooe</strong></span> <span class='ocrx_word' id='word_1_91' title='bbox 822 3592 879 3655; x_wconf 87' lang='lat' dir='ltr'><strong>per</strong></span> <span class='ocrx_word' id='word_1_92' title='bbox 900 3570 1019 3633; x_wconf 89' lang='lat' dir='ltr'><strong>bonum</strong></span> <span class='ocrx_word' id='word_1_93' title='bbox 1041 3569 1215 3654; x_wconf 81' lang='lat' dir='ltr'><strong>prinoipem</strong></span> <span class='ocrx_word' id='word_1_94' title='bbox 1237 3569 1375 3632; x_wconf 82' lang='lat' dir='ltr'><strong>eeclesiis</strong></span> 
     </span>
     <span class='ocr_line' id='line_1_18' title="bbox 328 3678 1374 3766; baseline -0.004 -20"><span class='ocrx_word' id='word_1_95' title='bbox 328 3706 488 3757; x_wconf 80' lang='lat' dir='ltr'><strong>concessu,</strong></span> <span class='ocrx_word' id='word_1_96' title='bbox 512 3681 765 3747; x_wconf 79' lang='lat' dir='ltr'><strong>Christianorum</strong></span> <span class='ocrx_word' id='word_1_97' title='bbox 795 3696 910 3766; x_wconf 69' lang='lat' dir='ltr'><strong>aopera</strong></span> <span class='ocrx_word' id='word_1_98' title='bbox 940 3681 1037 3745; x_wconf 80' lang='lat' dir='ltr'><strong>etium</strong></span> <span class='ocrx_word' id='word_1_99' title='bbox 1064 3702 1170 3744; x_wconf 81' lang='lat' dir='ltr'><strong>eorum</strong></span> <span class='ocrx_word' id='word_1_100' title='bbox 1197 3678 1374 3743; x_wconf 80' lang='lat' dir='ltr'><strong>infidelibus</strong></span> 
     </span>
     <span class='ocr_line' id='line_1_19' title="bbox 328 3788 1375 3877; baseline -0.004 -22"><span class='ocrx_word' id='word_1_101' title='bbox 328 3793 456 3868; x_wconf 75' lang='lat' dir='ltr'><strong>incoant,</strong></span> <span class='ocrx_word' id='word_1_102' title='bbox 481 3803 507 3855; x_wconf 79' lang='lat' dir='ltr'><strong>et</strong></span> <span class='ocrx_word' id='word_1_103' title='bbox 532 3792 714 3877; x_wconf 68' lang='lat' dir='ltr'><strong>plorisiootur</strong></span> <span class='ocrx_word' id='word_1_104' title='bbox 743 3791 814 3854; x_wconf 79' lang='lat' dir='ltr'><strong>indo</strong></span> <span class='ocrx_word' id='word_1_105' title='bbox 835 3801 931 3876; x_wconf 78' lang='lat' dir='ltr'><strong>potor</strong></span> <span class='ocrx_word' id='word_1_106' title='bbox 959 3800 1052 3854; x_wconf 77' lang='lat' dir='ltr'><strong>nestor</strong></span> <span class='ocrx_word' id='word_1_107' title='bbox 1080 3790 1134 3875; x_wconf 80' lang='lat' dir='ltr'><strong>qui</strong></span> <span class='ocrx_word' id='word_1_108' title='bbox 1163 3790 1196 3852; x_wconf 84' lang='lat' dir='ltr'><strong>in</strong></span> <span class='ocrx_word' id='word_1_109' title='bbox 1225 3788 1306 3852; x_wconf 80' lang='lat' dir='ltr'><strong>coeiis</strong></span> <span class='ocrx_word' id='word_1_110' title='bbox 1334 3798 1375 3852; x_wconf 79' lang='lat' dir='ltr'><strong>est</strong></span> 
     </span>
     <span class='ocr_line' id='line_1_20' title="bbox 280 3898 1372 3985; baseline -0.003 -21"><span class='ocrx_word' id='word_1_111' title='bbox 280 3927 318 3964; x_wconf 82' lang='lat'><strong>20</strong></span> <span class='ocrx_word' id='word_1_112' title='bbox 329 3901 432 3973; x_wconf 87' lang='lat' dir='ltr'><strong>Deus;</strong></span> <span class='ocrx_word' id='word_1_113' title='bbox 458 3902 541 3985; x_wconf 92' lang='lat' dir='ltr'><strong>quod</strong></span> <span class='ocrx_word' id='word_1_114' title='bbox 558 3901 642 3963; x_wconf 87' lang='lat' dir='ltr'><strong>velut</strong></span> <span class='ocrx_word' id='word_1_115' title='bbox 657 3899 850 3984; x_wconf 87' lang='lat' dir='ltr'><strong>praeoipuum</strong></span> <span class='ocrx_word' id='word_1_116' title='bbox 871 3921 891 3962; x_wconf 80' lang='lat' dir='ltr'><strong>a</strong></span> <span class='ocrx_word' id='word_1_117' title='bbox 911 3899 1003 3962; x_wconf 86' lang='lat' dir='ltr'><strong>nobis</strong></span> <span class='ocrx_word' id='word_1_118' title='bbox 1018 3921 1076 3983; x_wconf 90' lang='lat' dir='ltr'><strong>pro</strong></span> <span class='ocrx_word' id='word_1_119' title='bbox 1091 3899 1194 3962; x_wconf 76' lang='lat' dir='ltr'><strong>salute</strong></span> <span class='ocrx_word' id='word_1_120' title='bbox 1210 3906 1331 3973; x_wconf 80' lang='lat' dir='ltr'><strong>nostra,</strong></span> <span class='ocrx_word' id='word_1_121' title='bbox 1347 3898 1372 3961; x_wconf 93' lang='lat' dir='ltr'><strong>si</strong></span> 
     </span>
     <span class='ocr_line' id='line_1_21' title="bbox 327 4007 1371 4092; baseline -0.006 -19"><span class='ocrx_word' id='word_1_122' title='bbox 327 4010 501 4073; x_wconf 78' lang='lat' dir='ltr'><strong>Christiani</strong></span> <span class='ocrx_word' id='word_1_123' title='bbox 524 4031 557 4071; x_wconf 87' lang='lat' dir='ltr'><strong>ro</strong></span> <span class='ocrx_word' id='word_1_124' title='bbox 581 4007 686 4092; x_wconf 87' lang='lat' dir='ltr'><strong>potius</strong></span> <span class='ocrx_word' id='word_1_125' title='bbox 711 4028 806 4090; x_wconf 85' lang='lat' dir='ltr'>quam</span> <span class='ocrx_word' id='word_1_126' title='bbox 829 4007 934 4070; x_wconf 88' lang='lat' dir='ltr'><strong>verbis</strong></span> <span class='ocrx_word' id='word_1_127' title='bbox 961 4028 1029 4069; x_wconf 81' lang='lat' dir='ltr'><strong>esse</strong></span> <span class='ocrx_word' id='word_1_128' title='bbox 1053 4007 1204 4090; x_wconf 84' lang='lat' dir='ltr'><strong>cupimus,</strong></span> <span class='ocrx_word' id='word_1_129' title='bbox 1229 4027 1371 4089; x_wconf 88' lang='lat' dir='ltr'><strong>quaeren·</strong></span> 
     </span>
     <span class='ocr_line' id='line_1_22' title="bbox 327 4119 1373 4203; baseline -0.003 -20"><span class='ocrx_word' id='word_1_130' title='bbox 327 4122 403 4183; x_wconf 86' lang='lat' dir='ltr'><strong>dum</strong></span> <span class='ocrx_word' id='word_1_131' title='bbox 427 4130 524 4203; x_wconf 83' lang='lat' dir='ltr'><strong>atque</strong></span> <span class='ocrx_word' id='word_1_132' title='bbox 550 4121 766 4203; x_wconf 80' lang='lat' dir='ltr'><strong>exoptandum</strong></span> <span class='ocrx_word' id='word_1_133' title='bbox 791 4127 850 4182; x_wconf 86' lang='lat' dir='ltr'><strong>est.</strong></span> <span class='ocrx_word' id='word_1_134' title='bbox 905 4120 990 4182; x_wconf 81' lang='lat' dir='ltr'><strong>Nom</strong></span> <span class='ocrx_word' id='word_1_135' title='bbox 1016 4119 1043 4181; x_wconf 90' lang='lat' dir='ltr'><strong>si</strong></span> <span class='ocrx_word' id='word_1_136' title='bbox 1070 4119 1204 4203; x_wconf 84' lang='lat' dir='ltr'><strong>gloriam</strong></span> <span class='ocrx_word' id='word_1_137' title='bbox 1230 4127 1373 4181; x_wconf 81' lang='lat' dir='ltr'><strong>nostram</strong></span> 
     </span>
     <span class='ocr_line' id='line_1_23' title="bbox 327 4228 1372 4312; baseline -0.001 -20"><span class='ocrx_word' id='word_1_138' title='bbox 327 4230 507 4312; x_wconf 71' lang='lat' dir='ltr'><strong>quaenmus,</strong></span> <span class='ocrx_word' id='word_1_139' title='bbox 534 4250 600 4292; x_wconf 88' lang='lat' dir='ltr'><strong>rem</strong></span> <span class='ocrx_word' id='word_1_140' title='bbox 630 4229 749 4291; x_wconf 80' lang='lat' dir='ltr'><strong>veriam</strong></span> <span class='ocrx_word' id='word_1_141' title='bbox 779 4229 993 4312; x_wconf 75' lang='lat' dir='ltr'>caducamque</span> <span class='ocrx_word' id='word_1_142' title='bbox 1022 4228 1212 4310; x_wconf 84' lang='lat' dir='ltr'><strong>appetimus,</strong></span> <span class='ocrx_word' id='word_1_143' title='bbox 1238 4234 1273 4290; x_wconf 88' lang='lat' dir='ltr'><strong>et</strong></span> <span class='ocrx_word' id='word_1_144' title='bbox 1301 4249 1372 4311; x_wconf 88' lang='lat' dir='ltr'><strong>quae</strong></span> 
     </span>
     <span class='ocr_line' id='line_1_24' title="bbox 328 4336 1371 4423; baseline -0.003 -22"><span class='ocrx_word' id='word_1_145' title='bbox 328 4340 488 4423; x_wconf 84' lang='lat' dir='ltr'><strong>nosipsos</strong></span> <span class='ocrx_word' id='word_1_146' title='bbox 510 4341 548 4402; x_wconf 85' lang='lat' dir='ltr'><strong>ad</strong></span> <span class='ocrx_word' id='word_1_147' title='bbox 574 4345 706 4401; x_wconf 87' lang='lat' dir='ltr'><strong>mortem</strong></span> <span class='ocrx_word' id='word_1_148' title='bbox 731 4338 895 4420; x_wconf 87' lang='lat' dir='ltr'><strong>perdueit;</strong></span> <span class='ocrx_word' id='word_1_149' title='bbox 918 4345 953 4401; x_wconf 84' lang='lat' dir='ltr'><strong>at</strong></span> <span class='ocrx_word' id='word_1_150' title='bbox 975 4337 1076 4421; x_wconf 83' lang='lat' dir='ltr'><strong>glorio</strong></span> <span class='ocrx_word' id='word_1_151' title='bbox 1100 4336 1208 4400; x_wconf 82' lang='lat' dir='ltr'><strong>Patris</strong></span> <span class='ocrx_word' id='word_1_152' title='bbox 1230 4344 1263 4399; x_wconf 86' lang='lat' dir='ltr'><strong>et</strong></span> <span class='ocrx_word' id='word_1_153' title='bbox 1287 4336 1371 4412; x_wconf 82' lang='lat' dir='ltr'><strong>Filii,</strong></span> 
     </span>
    </p>
   </div>
   <div class='ocr_carea' id='block_1_8' title="bbox 761 4591 938 4639">
    <p class='ocr_par' dir='ltr' id='par_1_10' title="bbox 761 4591 938 4639">
     <span class='ocr_line' id='line_1_25' title="bbox 761 4591 938 4639; baseline -0.006 0"><span class='ocrx_word' id='word_1_154' title='bbox 761 4602 775 4631; x_wconf 61' lang='grc' dir='ltr'><strong>ἃ</strong></span> <span class='ocrx_word' id='word_1_155' title='bbox 789 4592 849 4639; x_wconf 73' lang='lat' dir='ltr'><strong>Mat</strong></span> <span class='ocrx_word' id='word_1_156' title='bbox 864 4608 887 4638; x_wconf 88' lang='lat' dir='ltr'><strong>v.</strong></span> <span class='ocrx_word' id='word_1_157' title='bbox 902 4591 938 4638; x_wconf 79' lang='grc'><strong>16.</strong></span> 
     </span>
    </p>
   </div>
   <div class='ocr_carea' id='block_1_9' title="bbox 0 0 1854 5667">
    <p class='ocr_par' dir='ltr' id='par_1_11' title="bbox 0 0 1854 5667">
     <span class='ocr_line' id='line_1_26' title="bbox 0 0 1854 5667; baseline 0 4"><span class='ocrx_word' id='word_1_158' title='bbox 0 0 1854 5667; x_wconf 95' lang='lat' dir='ltr'><strong> </strong></span> 
     </span>
    </p>
   </div>
  </div>
 </body>
</html>
