3700 5667
329 647 393 714 260
624 647 874 726 RELIQUIAE
901 646 1080 711 SACRAE.

327 822 426 895 πῶσι
449 813 549 911 τινὲς,
569 815 804 915 κερδαίνοντες
828 813 872 919 ἐξ
892 814 1040 910 αἵματος
1060 816 1117 890 καὶ
1137 811 1289 912 ὀλέθρου
1309 813 1381 890 ἀν·

329 950 483 1052 θροῖπων
503 947 718 1029 ἀναστάτων
735 951 944 1050 γενομένων,
963 948 985 1048 ἢ
1005 946 1247 1052 αἰχμαλώτων
1264 943 1287 1046 ἢ
1308 979 1377 1025 πε·

329 1085 564 1192 φονενμεῖνων,
578 1085 616 1163 τί
631 1085 749 1186 ἕτερον
767 1089 977 1189 προσδοκᾷν
995 1080 1114 1187 mi)
1134 1085 1182 1164 ὡς
1197 1083 1378 1180 ἐπαγωνι-

329 1219 493 1324 ζομένονς
511 1224 556 1322 τῇ
574 1219 767 1325 πλεονεξίᾳ
778 1222 1020 1319 ἐπισωρεῦσαι
1039 1215 1153 1318 ὀργὴν
1166 1218 1224 1294 καὶ
1243 1218 1381 1298 ἑαυτοῖς

330 1357 388 1434 καὶ
406 1357 513 1434 παντὶ
531 1359 582 1458 τῷ
601 1360 706 1458 λοιῴ;
1391 1384 1410 1442 5

695 1575 904 1684 [κΑΝοΝ
934 1571 1005 1681 ς]

386 1762 477 1857 Οὐκ,
497 1758 583 1856 ἰδοὺ,
600 1771 616 1816 ⁸
625 1757 731 1860 Αχάρ
750 1761 770 1835 ὁ
788 1764 852 1835 τοῦ
873 1760 975 1856 Ζαρᾶ
992 1753 1223 1856 πλημμελείᾳ
1239 1753 1382 1850 έπλημ-

329 1896 489 1994 μέλησεν
514 1891 586 1972 ἀπὸ
613 1898 676 1970 τοῦ
701 1889 931 1985 ἀναθέματος,
952 1890 1010 1965 καὶ
1036 1888 1093 1965 ε’πὶ
1117 1892 1243 1964 πᾶσαν
1260 1918 1379 1962 συνα-

329 2027 453 2130 γωγὴν
470 2024 625 2128 Ἰσραὴλ
644 2022 791 2125 ἐγενήθη
814 2023 835 2120 ἡ
858 2019 975 2124 ὀργή;
1007 2024 1065 2098 καὶ
1084 2020 1186 2102 οὗτος
1204 2018 1253 2102 εἷς
1270 2018 1381 2115 μόνος

330 2162 476 2262 ἥμαρτε,
505 2159 555 2257 μὴ
582 2155 690 2255 μόνος
719 2155 893 2235 ἀπέθανεν
920 2157 958 2233 ἐν
985 2159 1031 2256 τῇ
1060 2154 1215 2258 ἁμαρτίᾳ
1241 2153 1349 2231 αὐτοῦ
1364 2186 1376 2249 ;
1394 2185 1433 2223 ιο

331 2294 413 2391 ἡμῖν
441 2292 479 2371 δὲ
507 2298 580 2371 πᾶν
609 2288 650 2368 τὸ
681 2287 731 2387 μὴ
760 2289 942 2391 ἡμέτερον,
971 2287 1071 2366 ἀλλά
1099 2285 1303 2388 ἀλλότριον,
1329 2295 1383 2393 τῷ

331 2433 441 2533 καιρῷ
466 2425 581 2531 τούτῳ
607 2425 738 2527 κέρδος,
767 2422 926 2519 ἀνάθεμα
954 2424 1162 2521 νενομίσθαι
1190 2419 1376 2523 προσήκει.

332 2564 489 2643 κάκεῖνος
507 2559 572 2659 μὲν
590 2558 662 2661 γάρ
681 2557 820 2662 ὁἈχάρ
840 2561 878 2636 ἐκ
896 2562 960 2655 τῆς
978 2561 1159 2659 προνομῆς
1178 2556 1300 2650 ἔλαβε·
1322 2559 1382 2634 καὶ

331 2696 430 2774 αὐτοὶ
455 2702 517 2773 νῦν
544 2697 582 2773 ἐκ
607 2697 799 2795 προνομῆς.
833 2694 990 2776 κάκεῖνος
1015 2691 1089 2790 μὲν,
1108 2691 1153 2771 τὰ
1174 2698 1246 2770 τῶν
1264 2702 1378 2769 πολε-

332 2829 436 2926 μίων·
467 2835 499 2907 οῖ
520 2827 559 2907 δὲ
583 2837 657 2925 νῦν,
675 2826 720 2906 τὰ
744 2834 817 2905 τῶν
839 2829 1018 2933 ἀδελφῶν,
1038 2828 1275 2928 κερδαίνοντες
1293 2825 1378 2903 ὀλέ-
1397 2856 1430 2915 ¹5

337 2969 437 3064 θριον
454 2961 586 3064 κέρδος.

334 3285 403 3343 porc
423 3284 523 3322 rursus
540 3264 576 3321 ad
596 3263 744 3321 avaritiam
763 3283 831 3320 con.
883 3263 984 3320 venit?
1015 3263 1108 3338 Atqui
1134 3262 1181 3319 hic
1203 3282 1279 3319 unus
1301 3263 1381 3321 solus

334 3355 511 3403 vertuntur:
548 3343 764 3402 lucrifacientes
795 3363 831 3400 cx
883 3343 1022 3421 peccavit,
1038 3342 1160 3400 sednon
1181 3341 1259 3399 solus
1277 3343 1307 3399 in
1326 3363 1381 3400 suo

334 3425 473 3502 sanguine
487 3435 518 3482 ct
529 3425 656 3502 pernicie
666 3443 831 3482 eversorum
883 3433 1001 3501 peccato
1030 3434 1073 3480 est
1100 3433 1242 3479 mortuus.
1285 3423 1381 3481 Nobis

334 3505 483 3563 hominum
519 3507 709 3582 captivorum,
742 3504 831 3561 inter·
883 3513 980 3560 autem
999 3502 1141 3579 quidquid
1159 3522 1217 3559 non
1237 3512 1379 3568 nostrum,
1393 3526 1433 3565 20

333 3585 496 3643 fectorum:
531 3583 601 3660 quid
626 3583 706 3641 aliud
727 3602 833 3662 expec·
884 3582 934 3640 sed
955 3582 1081 3640 alienum
1101 3592 1156 3648 est,
1174 3582 1210 3639 ab
1231 3582 1285 3639 hoc
1305 3593 1380 3640 tem.

334 3662 455 3721 tandum
478 3674 532 3728 est,
550 3683 635 3739 quam
658 3673 692 3721 ut
713 3663 834 3720 avaritia
884 3682 955 3739 pore
965 3662 1079 3720 lucrum
1091 3662 1158 3720 Deo
1168 3661 1294 3719 dicatum
1308 3682 1380 3727 esse,

335 3742 525 3807 decertantes,
546 3743 616 3799 iram
639 3743 693 3799 cibi
715 3753 745 3800 ct
767 3742 831 3798 uni·
884 3742 1109 3799 existimandum
1140 3753 1194 3800 cst.
1244 3739 1321 3799 Nam
1350 3754 1381 3801 ct

334 3842 417 3880 verso
431 3820 541 3899 populo
554 3821 759 3879 accumulent?
884 3821 935 3879 ille
959 3823 1076 3897 quidem
1098 3821 1199 3880 Achaz
1223 3842 1260 3880 ex
1284 3822 1382 3899 praeda

466 3947 699 4006 CAN0N111·
883 3914 1179 4060 {iffifizssffl
1182 3922 1239 4040 ¹31¹}ss
1251 3923 1430 4059 δείξῃ

376 4060 445 4119 Non
472 4081 539 4120 ecce
561 4060 672 4126 Achaz,
695 4061 777 4118 Zaroe
800 4060 832 4117 fi·
883 4063 1235 4138 eaquaecranthostium:
1252 4064 1381 4140 quivero

334 4141 401 4211 lius,
423 4142 452 4199 in
475 4141 608 4219 eoquod
632 4142 696 4199 Deo
717 4140 832 4199 dedica·
883 4162 961 4200 nunc
984 4155 1062 4208 sunt,
1086 4164 1120 4201 ea
1141 4163 1206 4219 quae
1230 4155 1299 4201 sunt
1322 4142 1380 4200 fra.

334 4233 397 4280 tum
417 4233 488 4289 crat,
505 4223 652 4300 peccavit:
674 4223 751 4281 etin
771 4242 831 4279 om·
883 4232 972 4288 trum,
988 4223 1068 4281 lucro
1084 4223 1244 4302 pernicioso
1261 4223 1380 4281 lucrifa-

334 4322 400 4360 ncm
417 4303 506 4361 Israc'l
521 4323 695 4382 synagogam
711 4302 753 4360 ira
767 4321 830 4380 per·
882 4302 1001 4361 cientes.
1392 4325 1433 4380 30

757 4525 771 4562 ε
786 4515 836 4562 θος.
851 4530 901 4576 cap.
915 4516 955 4561 vii.
