3700 5667
506 671 570 735 386
839 667 1216 731 ANNOTATIONES

507 842 586 907 satis
606 841 736 915 indicat,
755 860 867 922 nempe
887 838 1014 902 unicum
1036 839 1078 901 ab
1101 838 1232 901 ecclesia
1253 836 1338 900 credi
1359 857 1464 899 rcrurn
1485 856 1553 896 om-

506 943 593 1006 nium
616 940 815 1023 principium.
862 939 929 1002 Nec
953 939 994 1002 ab
1018 939 1077 1002 hac
1101 939 1259 1002 sententia
1283 937 1442 1020 discrepat
1466 936 1553 1020 quod

507 1043 720 1107 Tertullianus
735 1048 848 1103 contra
861 1043 1020 1103 Praxeam
1036 1063 1062 1103 c.
1075 1061 1105 1124 3.
1122 1040 1219 1104 dicit:
1239 1037 1455 1102 Mea-orchiam
1469 1037 1557 1101 aih-il

505 1145 596 1209 aliud
615 1143 785 1228 ripn-hicum
808 1142 877 1216 scio,
899 1164 990 1225 quem
1012 1141 1165 1226 rinpulare
1186 1151 1213 1204 et
1235 1142 1358 1204 articam
1379 1141 1551 1224 inrpemum.

508 1248 586 1310 Ideo
606 1245 689 1308 enim
709 1243 835 1305 unicum
855 1251 905 1306 est
925 1242 1101 1325 imperinm,
1118 1243 1192 1325 quia
1213 1242 1400 1327 principium
1418 1251 1467 1306 est
1482 1241 1552 1306 uni-

505 1369 586 1410 cum.
632 1346 816 1409 Notandum
839 1366 912 1407 vero
939 1345 1096 1428 quomodo
1121 1343 1334 1406 Tertullianus
1358 1342 1551 1407 monarchiae

504 1446 762 1531 praedicationem
792 1467 863 1507 cum
890 1444 1058 1508 Trinitatis
1084 1445 1146 1507 lide
1172 1442 1317 1506 conciliet
1342 1451 1440 1528 atque
1466 1464 1553 1505 com-

504 1556 612 1630 ponat.
658 1546 879 1631 Exprobrarat
904 1545 947 1608 illi
975 1547 1125 1617 Praxeas,
1150 1545 1235 1628 quod
1260 1544 1472 1607 monarchiam
1497 1544 1551 1606 de-

504 1656 653 1712 strueret.
692 1648 748 1711 Oui
772 1647 835 1723 illc,
856 1648 916 1725 Qui
930 1647 1047 1729 silicam,
1067 1646 1178 1730 inquit,
1198 1668 1255 1707 rien
1278 1645 1403 1707 aliunde
1425 1646 1550 1719 deduco,

503 1749 557 1811 scd
568 1748 605 1811 de
618 1770 801 1810 suaeranrm
819 1747 945 1820 Parsis,
961 1747 1042 1809 nili-il
1052 1747 1220 1829 facientem
1239 1748 1302 1809 siric
1318 1748 1427 1809 Patris
1443 1747 1549 1809 selten-

504 1860 577 1925 tcta
601 1871 712 1912 erearum
737 1871 757 1911 a
782 1851 880 1911 Patre
904 1858 1085 1910 consecutum
1108 1857 1291 1929 potestatem,
1316 1848 1456 1931 quomedo
1483 1870 1552 1931 pos-

503 1973 571 2015 sam
590 1950 627 2014 de
638 1950 703 2032 fide
722 1949 873 2012 destruere
892 1948 1108 2021 altercantium,
1124 1971 1215 2031 qaum
1233 1972 1253 2012 a
1272 1952 1370 2012 Patre
1383 1950 1469 2012 Filio
1484 1960 1550 2012 tra-

503 2051 602 2113 ditam
616 2051 651 2113 ia
665 2048 751 2111 Filio
765 2050 874 2110 cerco?
921 2050 991 2111 Hoc
1010 2049 1086 2110 aridi
1103 2058 1130 2111 et
1148 2050 1182 2110 in
1199 2050 1319 2111 tertium
1336 2049 1469 2133 predum
1483 2049 1549 2112 dic-

503 2162 567 2215 tnm
583 2152 631 2228 eit,
647 2151 721 2235 qnia
741 2149 896 2234 Spiritum
912 2170 971 2211 non
988 2149 1115 2212 aliunde
1127 2159 1216 2235 pure,
1232 2172 1323 2234 qaae-rc
1343 2173 1364 2211 o
1378 2151 1476 2212 Patre
1488 2172 1550 2233 per

503 2254 634 2319 Filiam.
667 2251 744 2313 Vide
762 2260 927 2335 erponem
942 2251 1046 2333 potius
1064 2250 1269 2314 rrwnorcltiam
1286 2251 1431 2314 detraes.
1476 2255 1549 2328 Quo

503 2378 543 2419 ex
563 2355 632 2417 loco
652 2352 850 2438 perspicuum
871 2359 930 2427 est,
950 2359 983 2414 ct
1002 2351 1233 2415 Tertullianum
1254 2360 1287 2415 et
1309 2352 1465 2416 Praxeam
1488 2354 1547 2417 sibi

502 2463 615 2519 mutuo
634 2454 819 2538 objectasse
836 2454 921 2537 quod
943 2452 1158 2516 monarchiam
1178 2454 1397 2524 destnrcrcnt;
1422 2456 1548 2540 utrique

503 2579 577 2620 vcro
599 2556 695 2619 luisse
717 2577 913 2639 persuasum,
935 2555 1029 2617 fidem
1051 2554 1093 2618 ah
1115 2576 1153 2618 eo
1176 2554 1318 2618 funditus
1340 2556 1473 2633 destrui,
1493 2559 1547 2641 qui

503 2659 718 2723 monarchiam
741 2660 929 2722 destrueret.
977 2657 1081 2720 Valde
1101 2657 1199 2742 igitur
1218 2657 1430 2721 hallucinatur
1450 2681 1547 2744 nupe-

502 2784 557 2823 rus
571 2762 715 2844 scriptor,
733 2761 786 2843 qui
802 2783 840 2823 cx
856 2760 938 2823 male
954 2759 1112 2823 intellecto
1128 2760 1199 2822 libri
1215 2768 1327 2823 contra
1343 2760 1439 2824 Prax.
1455 2784 1481 2824 c.
1498 2783 1547 2826 10.

501 2862 582 2938 loco,
592 2862 623 2924 in
636 2885 698 2945 quo
711 2864 854 2925 Praxeas
868 2863 998 2945 ejusque
1013 2862 1139 2925 asseclae
1155 2863 1314 2925 eeuimimi
1328 2864 1548 2928 lllonorcdiaai

502 2970 734 3046 nuncupantur,
750 2962 941 3024 monarchiae
959 2970 1134 3026 assertores
1152 2985 1214 3025 non
1230 2985 1319 3026 secus
1334 2972 1430 3048 atquc
1446 2966 1546 3030 haere-

501 3063 582 3126 ticos
608 3063 779 3139 habendos,
805 3071 838 3126 et
865 3064 911 3126 ita
936 3086 957 3126 a
983 3063 1184 3127 Tertulliano
1215 3066 1343 3129 habitos
1372 3089 1441 3130 esee
1470 3087 1547 3129 eon·

501 3164 613 3227 tendit.
659 3165 771 3246 Neque
787 3186 861 3226 vero
877 3164 928 3227 ille
946 3165 990 3228 eis
1008 3164 1086 3227 vitio
1103 3165 1210 3240 vertit,
1227 3169 1311 3249 quod
1331 3168 1547 3232 monarchiam

500 3276 610 3331 tenero
636 3289 670 3329 se
695 3267 918 3351 profiteantur,
945 3268 1000 3330 sed
1027 3268 1111 3350 quod
1138 3268 1265 3351 abjecta
1291 3270 1359 3353 ejus
1384 3292 1458 3333 vera
1483 3270 1545 3332 lide

500 3368 585 3431 illam
601 3369 761 3432 veniamne
777 3368 1008 3453 profiteantur;
1034 3391 1071 3432 eo
1086 3371 1152 3432 lore
1167 3370 1262 3433 modo
1277 3393 1340 3454 qno
1355 3371 1424 3454 quis
1440 3371 1546 3435 Ohris-

500 3470 623 3534 tionum
640 3469 700 3533 sihi
716 3492 830 3534 nomen
845 3480 1045 3556 arrogantes,
1060 3480 1157 3555 atque
1172 3472 1307 3535 alienam
1322 3495 1342 3536 a
1357 3474 1546 3537 (llrristianis

500 3572 640 3635 moribus
659 3594 697 3635 ao
712 3573 774 3635 fide
795 3574 945 3636 ducentes
960 3574 1068 3648 vitam,
1085 3581 1170 3636 recte
1188 3575 1284 3637 salsos
1306 3598 1343 3638 ac
1360 3576 1545 3640 vanissimos

499 3672 696 3735 Christianos
721 3672 906 3755 appellaret,
933 3696 1034 3756 neque
1059 3681 1167 3735 tamen
1192 3674 1407 3738 Christianum
1431 3699 1545 3740 nomen

499 3771 626 3854 culpare
646 3778 703 3833 ant
719 3793 866 3854 respuere
886 3781 1077 3835 censeretur.
1123 3772 1173 3835 Sic
1189 3796 1246 3835 nec
1263 3776 1442 3858 Prophetas
1457 3778 1544 3841 dam-

499 3878 565 3943 nat,
591 3869 645 3952 qui
671 3870 767 3932 salsos
794 3871 975 3955 Prophetas
1000 3872 1169 3954 vituperat.
1221 3873 1284 3935 Sed
1311 3874 1350 3936 de
1376 3874 1425 3938 his
1455 3878 1544 3941 satis.

499 3968 596 4032 Certo
620 3969 772 4054 Dionysio
795 3978 904 4035 nostro
927 3973 1103 4036 aweccrcdia
1123 3982 1163 4036 cst
1184 3975 1394 4059 aupaetiea'me
1416 3979 1546 4042 ccclesia»

499 4072 560 4135 Dei
568 4072 763 4155 predicatio.
801 4073 825 4135 J
827 4072 923 4137 ustini
940 4075 1089 4158 martyris
1104 4085 1211 4138 exstat
1227 4077 1305 4139 libor
1320 4079 1355 4140 de
1369 4082 1544 4144 monarchia

500 4175 561 4237 Dei
575 4173 616 4237 ab
634 4173 774 4237 Eusebio
790 4182 823 4238 et
839 4174 1036 4259 Hieronymo
1052 4176 1209 4241 laudatus
1250 4178 1388 4243 lrenaeus
1408 4204 1543 4264 quoque,

498 4277 609 4338 eodem
629 4276 767 4339 Eusebio
785 4284 869 4341 teste
888 4276 943 4338 lib.
960 4299 988 4338 v.
1004 4277 1076 4341 hist.
1094 4301 1119 4341 c.
1139 4298 1187 4340 20.
1203 4281 1368 4364 epistolam
1385 4283 1425 4344 ad
1444 4281 1544 4346 Flori-

498 4396 574 4437 num
606 4375 644 4437 de
676 4377 851 4439 tencarolia
884 4377 1095 4461 inscripserat.
1155 4381 1314 4444 Tatianus
1344 4382 1399 4445 Or.
1431 4391 1544 4446 contra

496 4482 609 4558 gentes
631 4475 714 4539 inter
728 4477 838 4549 multa,
855 4477 969 4560 quihus
992 4479 1050 4541 sibi
1074 4481 1272 4565 exploratam
1295 4483 1471 4547 divinarum
1492 4484 1542 4547 lit-

498 4583 638 4639 terarum
665 4577 832 4639 veritatem
861 4587 959 4661 atquo
988 4579 1202 4645 indubitatam
1230 4584 1334 4658 docet,
1360 4585 1419 4647 hoo
1445 4585 1542 4649 ctiam
