3700 5667
528 676 591 741 470
862 672 1239 735 ANNO'I'ATIONES

525 843 693 906 luminaria
712 841 839 926 quidem
861 839 1010 913 coelestia,
1028 862 1098 924 quae
1116 849 1232 925 quarto
1250 840 1301 904 die
1316 840 1406 904 lacta
1424 851 1520 920 sunt,
1538 843 1592 907 die

526 945 628 1028 primo
655 944 709 1007 lux
735 951 844 1006 ereata
873 949 932 1019 est,
959 944 1014 1006 sed
1040 965 1103 1006 non
1128 950 1205 1008 onte
1231 943 1346 1007 coelum
1371 952 1408 1008 et
1434 953 1567 1010 terram
1579 971 1590 1022 ;

526 1049 764 1129 ὰδιοργαυίστον,
790 1045 917 1130 scripsit
943 1045 1050 1109 Julius
1076 1045 1250 1110 Africanus
1275 1047 1308 1109 in
1336 1046 1488 1112 Odronici
1514 1049 1590 1113 loco

526 1171 622 1233 supra
637 1148 830 1233 inspiciendo
845 1170 916 1232 pag.
931 1149 1002 1232 238.
1018 1150 1077 1213 vol.
1095 1149 1126 1212 ii.
1142 1148 1216 1215 τέως
1231 1148 1348 1233 (primo
1364 1149 1432 1233 die)
1449 1152 1488 1214 τὸ
1504 1178 1588 1233 πρω-

525 1254 681 1314 τόκτιστον
695 1257 759 1333 φῶε
775 1252 822 1314 καὶ
838 1251 1011 1334 κεχυμένον.

569 1353 607 1418 Ρ.
622 1370 697 1437 457.
714 1352 733 1416 l.
747 1354 776 1416 8.
793 1353 986 1437 praeparatio
1001 1353 1120 1418 scilicet
1135 1354 1236 1440 regni]
1252 1357 1283 1417 h.
1295 1376 1323 1418 e.
1339 1354 1473 1419 sabbati
1491 1378 1584 1441 mug-

525 1457 568 1532 ni‚
583 1456 648 1520 sive
663 1456 751 1541 regni
767 1454 896 1531 Christi,
912 1456 952 1518 de
967 1478 1030 1540 quo
1045 1455 1128 1520 infra
1142 1456 1261 1542 aliquid
1276 1456 1405 1520 videbis.

568 1559 650 1622 Ibid.
677 1555 786 1642 quem]
813 1557 950 1621 Addunt
980 1558 1013 1621 in
1043 1558 1185 1643 margine
1211 1558 1315 1632 Oavci,
1345 1568 1367 1596 “
1384 1558 1501 1636 Deest,
1528 1561 1585 1625 dic

526 1671 632 1725 “secto
648 1671 765 1724 ocolus
779 1660 849 1723 ost.''
879 1660 944 1723 Sed
954 1660 1013 1724 levi
1026 1660 1203 1725 mutatione
1218 1661 1262 1725 sic
1272 1660 1355 1746 lego,
1366 1662 1480 1725 Adam
1494 1663 1583 1727 enim

524 1765 566 1828 ad
582 1763 1033 1847 imaginem-consummavit.
1078 1763 1194 1828 Deleto
1208 1785 1301 1848 qoem.
1329 1763 1494 1829 Wnnnsn.

570 1866 651 1930 Ibid.
671 1865 693 1927 l.
713 1883 761 1928 ιε.
782 1865 1019 1950 adseverarent]
1042 1865 1137 1930 Hanc
1153 1865 1297 1930 Wolkeri
1317 1867 1581 1932 emendationem

526 1967 775 2035 commemoravi.
827 1967 898 2031 MS.
927 1968 1025 2032 hebet
1053 1968 1235 2032 adseverant.
1285 1967 1463 2033 (larianum
1501 1992 1580 2056 apo·

525 2071 681 2157 graphum
700 2078 870 2133 mouent.
917 2070 1019 2133 Paulo
1040 2093 1137 2154 supra
1156 2071 1229 2134 MS.
1245 2080 1360 2134 crearat
1374 2092 1433 2156 pro
1450 2074 1579 2147 mett,

527 2174 611 2259 quod
626 2173 659 2236 in
673 2171 858 2256 apographo
874 2183 1052 2237 correctum
1067 2180 1126 2236 est.

570 2274 652 2338 Ibid.
668 2273 688 2335 l.
708 2293 756 2352 14.
780 2282 837 2337 eut
861 2274 1032 2339 stationem
1056 2275 1137 2350 Deo,
1160 2283 1219 2339 aut
1240 2273 1405 2359 jejunium,
1427 2274 1579 2361 iacimus]

527 2378 625 2441 Statio
648 2376 699 2440 hic
721 2376 806 2460 apud
827 2375 1029 2440 Victorinum
1052 2399 1116 2441 non
1139 2377 1241 2441 solum
1265 2399 1323 2463 pro
1345 2377 1482 2442 collecta
1505 2400 1578 2464 quae

526 2486 667 2552 vocatur,
684 2479 739 2543 sed
754 2478 851 2542 etiam
866 2500 923 2564 pro
938 2479 1141 2553 abstinentia,
1152 2480 1258 2563 posite
1272 2487 1332 2556 est,
1345 2479 1450 2543 minus
1465 2490 1578 2545 tamen

526 2583 686 2657 diuturna,
713 2588 750 2644 ut
775 2589 851 2644 ante
875 2579 954 2659 dixi,
980 2603 1076 2666 quam
1096 2580 1265 2666 jejunium.
1311 2581 1395 2646 Illud
1421 2583 1510 2647 enim
1534 2585 1577 2647 ad

527 2705 626 2768 usque
645 2703 808 2766 vesperam
830 2683 981 2761 durabat,
996 2704 1097 2768 neque
1116 2690 1154 2746 ut
1173 2684 1284 2760 statio,
1298 2684 1377 2746 hora
1395 2706 1483 2750 nona
1502 2707 1577 2749 con·

526 2786 721 2849 eludebatur.
769 2783 821 2848 Ita
847 2806 945 2868 supra
968 2785 1069 2848 tradit
1093 2792 1215 2858 auctor,
1241 2784 1432 2869 diequarte
1459 2809 1481 2851 a
1503 2787 1577 2851 cibo

526 2886 687 2950 abstinere
708 2884 805 2947 moris
825 2908 903 2962 esse,
918 2895 976 2950 aut
998 2888 1040 2950 ad
1057 2887 1169 2950 horam
1190 2909 1288 2971 usque
1310 2909 1435 2964 nonam,
1451 2898 1511 2954 aut
1534 2891 1576 2954 ad

527 3008 698 3070 vesperum.
714 3007 744 3069 p.
758 2989 832 3069 456.
848 2986 869 3048 l.
891 3007 938 3053 12.

572 3087 759 3152 lbid.l.16.
784 3088 856 3152 Hoc
878 3089 930 3153 die
952 3090 1088 3154 solemus
1111 3090 1338 3177 superponere]
1363 3091 1485 3156 Ooncil.
1509 3092 1578 3157 Eli·

527 3191 696 3254 beritinum
711 3190 786 3255 Oen.
804 3214 891 3255 xxvr.
914 3193 1060 3255 Errorem
1069 3193 1192 3277 placuit
1206 3192 1330 3279 corsici,
1345 3202 1380 3257 ot
1393 3195 1477 3257 moui
1491 3194 1576 3258 Sao.

526 3293 590 3358 tati
612 3294 663 3357 die
685 3292 796 3378 jejunii
822 3293 1090 3378 superpositiones
1114 3293 1298 3359 cehdromue.
1353 3295 1577 3361 Tertullianus

525 3419 599 3461 vero
614 3397 697 3460 hune
712 3417 832 3459 morem
843 3395 1007 3480 jejunandi
1023 3395 1167 3469 sabbato,
1184 3419 1279 3481 quem
1293 3397 1439 3460 Romana
1459 3397 1577 3463 saltem

525 3498 657 3564 ecclesia
676 3519 747 3562 eum
767 3497 837 3562 aliis
855 3496 981 3561 Latinis
1000 3496 1148 3581 amplexa
1162 3504 1222 3571 est,
1239 3498 1429 3582 improbavit
1444 3497 1478 3563 in
1492 3499 1577 3564 libro

526 3603 621 3666 Ades.
645 3600 816 3683 Psyclioos,
841 3621 910 3683 cap.
941 3620 986 3679 ¹4·
1018 3599 1074 3662 Vos
1097 3599 1190 3663 otiam
1213 3598 1390 3684 (catholici)
1416 3599 1577 3666 saltuem

524 3701 672 3785 siquando
694 3701 897 3773 continuatis,
920 3722 1077 3786 comeam
1099 3701 1162 3764 niet
1185 3702 1220 3765 in
1236 3701 1354 3786 pesclo
1367 3700 1577 3785 jejunandum

523 3801 685 3865 secondom
713 3802 860 3864 rationem
884 3802 962 3866 alibi
986 3802 1152 3867 redditam.
1199 3805 1254 3867 lta
1279 3803 1339 3869 illo.
1387 3803 1576 3870 Victorinus

524 3912 633 3967 autem
659 3902 796 3966 scribere
821 3905 936 3989 pergit,
961 3907 1006 3969 Et
1027 3927 1195 3991 parasceue
1219 3905 1416 3990 superpositio
1435 3907 1510 3987 fiet,
1538 3930 1577 3972 so

524 4005 602 4091 quid
618 4026 685 4068 com
698 4005 823 4070 choeis
841 4005 998 4071 sabbatum
1016 4005 1171 4072 odsoroore
1190 4008 1357 4071 υἱᾱεαιηιιν.
1404 4007 1484 4088 Quae
1505 4010 1575 4094 qui·

524 4109 596 4171 dem
614 4107 710 4171 verba
730 4106 777 4172 ito
796 4108 1000 4193 interpretor.
1037 4109 1099 4174 Die
1118 4119 1223 4187 sexto,
1240 4132 1296 4174 seu
1316 4131 1500 4194 parasceue,
1516 4111 1577 4178 fiat

524 4210 721 4276 continuatio
730 4211 843 4296 jejunii
860 4212 890 4274 in
907 4212 991 4275 diem
1009 4212 1189 4289 sabbatum,
1206 4233 1245 4275 ne
1266 4212 1331 4275 ullo
1351 4210 1477 4275 rationo
1495 4213 1576 4278 eele-

524 4312 617 4377 brare
639 4335 710 4377 eum
733 4312 858 4376 Judoeis
879 4312 1049 4377 sabbatum
1071 4313 1244 4386 videamur,
1261 4312 1316 4396 qui
1338 4312 1398 4376 hae
1420 4311 1474 4376 die
1489 4312 1576 4399 jeju·

523 4438 600 4480 nare
614 4417 700 4481 haud
715 4416 943 4480 consueverint.
966 4415 1096 4481 Etenim
1111 4417 1137 4480 si
1153 4417 1240 4481 nulla
1254 4416 1346 4481 fieret
1360 4418 1578 4502 superpositio

523 4519 575 4583 die
603 4526 705 4594 sexto,
726 4527 795 4583 tum
817 4520 948 4583 edentes
968 4519 1111 4585 homines
1133 4521 1175 4585 ad
1198 4541 1362 4604 vesperam
1384 4520 1464 4604 ejus,
1488 4523 1578 4607 quod

522 4621 647 4684 initium
667 4621 729 4683 dici
748 4621 874 4685 sabbati
893 4629 954 4696 est,
969 4621 1053 4685 idem
1074 4623 1235 4687 celebrare
1252 4633 1287 4686 ot
1304 4621 1475 4689 observare
1489 4626 1578 4690 vide-
