3700 5667
404 664 469 727 468
755 658 1107 723 ANNOTATIONES

405 835 479 897 PP.
501 840 577 896 tom.
594 832 613 893 i.
638 853 708 915 pag.
731 850 820 914 1249.
840 829 1005 894 Victorino
1030 831 1101 894 huie
1126 837 1237 894 nestro
1261 832 1471 917 adscriptus

405 939 517 1019 Atque
537 934 617 999 artie
637 933 769 1018 picturae
788 932 993 1019 professores,
1008 933 1084 997 dum
1098 933 1380 1018 evangelistarum
1397 936 1472 1020 pin-

403 1038 522 1123 gebant
547 1035 674 1120 effigies,
699 1035 810 1098 eadem
835 1034 904 1099 haee
929 1036 1079 1103 animalia
1102 1036 1192 1121 quusi
1217 1037 1374 1120 symbola
1401 1038 1473 1101 sive

404 1140 494 1225 signa
512 1160 619 1202 eorum
632 1138 727 1221 juxta
747 1159 801 1199 ees
819 1158 936 1221 ponere
956 1138 1040 1202 soliti
1061 1145 1144 1202 suut.
1191 1137 1296 1202 Immo
1314 1138 1470 1204 Irenaeus

404 1240 512 1306 liniti.
533 1262 601 1324 eap.
621 1259 670 1302 ιι.
685 1239 812 1324 gemina
832 1240 966 1303 istorum
990 1247 1142 1315 sectatus,
1163 1248 1306 1324 quatuor
1327 1248 1466 1306 tautum

403 1341 564 1425 evangelia
578 1349 749 1425 propterea
767 1339 904 1405 existere
924 1352 1083 1426 oportere,
1098 1344 1265 1407 ostendere
1286 1352 1342 1409 est
1361 1367 1463 1410 eona-

402 1451 463 1508 tus.
519 1442 726 1506 Exeideritne
755 1445 840 1526 apud
872 1442 1073 1509 Victorinum
1103 1454 1177 1530 pest-
1205 1440 1366 1511 ααίυιαθία
1397 1471 1462 1513 vox

400 1544 528 1620 similia,
544 1545 610 1607 vise
625 1544 648 1607 J
650 1566 753 1607 onnne
768 1544 903 1626 judiees.

449 1649 485 1709 P.
500 1650 574 1731 456.
591 1646 612 1711 l.
630 1664 679 1729 27.
703 1646 893 1731 Euphrates.
919 1647 1040 1732 Homo]
1058 1646 1176 1732 Legere
1192 1649 1259 1712 vult
1274 1648 1461 1714 Walkerus

400 1759 428 1813 et
444 1748 635 1834 Euphrates.
655 1750 700 1812 Et
716 1748 830 1811 Homo.
868 1747 931 1811 Sed
951 1749 1048 1832 priori
1064 1750 1190 1833 quidem
1205 1751 1275 1815 leeo
1289 1752 1460 1836 particula

401 1851 560 1936 superflua
577 1857 670 1923 esset,
688 1850 748 1914 etsi
768 1850 800 1913 in
819 1850 922 1914 altero
942 1850 1028 1914 hand
1048 1853 1232 1936 respuenda.
1278 1852 1366 1918 Mox
1380 1878 1459 1921 ανο-

400 1962 447 2017 tor
462 1974 518 2038 pro
533 1962 622 2017 antor
636 1975 674 2016 ex
692 1952 800 2024 MSto,
817 1960 965 2016 monente
980 1953 1017 2016 cl.
1034 1953 1168 2026 Teddio,
1184 1954 1278 2018 edidi.

446 2057 528 2120 Ibid.
545 2057 564 2119 l.
585 2057 634 2123 28.
652 2056 778 2119 tetrade
793 2056 834 2119 ab
850 2053 955 2140 impiis
969 2055 1213 2138 comprehensus
1227 2057 1291 2140 est]
1311 2057 1386 2120 MS.
1401 2058 1458 2123 hie

400 2165 433 2222 et
448 2158 543 2242 paulo
558 2157 640 2221 inira
657 2157 801 2221 tetradem
820 2156 928 2220 habet.
974 2156 1186 2223 Oorrexerunt
1203 2165 1236 2222 et
1251 2157 1343 2222 Gavii
1360 2162 1456 2245 Ape-

398 2260 566 2344 graphum‚
590 2270 623 2324 et
641 2259 824 2323 Walkerus.
870 2259 931 2339 Qui
955 2281 1030 2321 vero
1052 2258 1119 2332 fiat,
1143 2266 1180 2324 ut
1202 2261 1457 2344 eomprehensus

400 2384 468 2425 esse
483 2362 608 2425 dicatur
624 2361 769 2426 Christus
790 2361 925 2438 tetrade,
943 2382 999 2423 seu
1019 2367 1135 2444 quarta
1155 2360 1244 2436 feria,
1261 2361 1313 2425 vix
1334 2362 1456 2431 iutelli-

399 2486 474 2549 gere
503 2485 554 2528 me
583 2464 696 2528 fateor.
750 2464 885 2527 Gemina
914 2470 1023 2526 tamen
1052 2462 1151 2526 habet
1180 2461 1382 2547 Epiphanius
1419 2469 1454 2532 in

400 2567 512 2651 Espne.
534 2567 627 2631 Fida
650 2565 762 2630 eattae.
788 2567 816 2647 ξ.
832 2583 881 2629 22.
905 2565 946 2628 ad
967 2565 1020 2627 fin.
1041 2564 1101 2648 Op.
1120 2563 1199 2627 Adv.
1219 2566 1342 2632 Hoeres.
1373 2574 1453 2635 Συν·

400 2670 488 2748 θξεις,
509 2670 622 2754 inquit,
643 2671 868 2746 ἐπιτελούμεναι
889 2667 1050 2750 ταχθεῖσαί
1065 2669 1143 2730 εἰσιν
1160 2665 1219 2730 ιἰπδ
1237 2673 1296 2731 τόν
1316 2670 1454 2736 ἀποστό-

398 2779 473 2847 λων,
489 2772 606 2852 τετράδι
627 2773 674 2835 ral
693 2770 899 2854 προσαββότῳ
923 2770 970 2834 καὶ
992 2769 1133 2854 Κυριακῇ,
1152 2767 1267 2848 τετράδι
1287 2771 1320 2832 δὲ
1342 2772 1392 2835 καὶ
1416 2775 1454 2837 ἐν

398 2874 604 2958 προσαββάτῳ
639 2877 673 2937 ἐν
703 2877 823 2957 νηστεία
858 2875 912 2940 ἕως
945 2874 1023 2951 ὥρας
1054 2870 1167 2949 ἐνάτης.
1207 2870 1365 2952 ἐπειδήπερ
1381 2876 1451 2939 ἐπι-

399 2977 561 3054 φωσκούσῃ
587 2974 702 3054 τετράδι
726 2975 900 3055 συνελήφθη
924 2978 941 3037 ὁ
967 2976 1072 3054 Κύριος
1098 2974 1145 3036 καὶ
1171 2974 1210 3058 τῷ
1236 2976 1453 3062 προσαββάτφ

396 3079 577 3155 ἐσταυρώθη.
624 3075 686 3139 Sed
703 3076 742 3139 de
762 3076 892 3139 consilio
911 3076 1008 3160 impie
1027 3083 1103 3140 tune
1121 3076 1201 3140 inito
1220 3098 1241 3139 ιι
1255 3076 1382 3142 Judaeis
1403 3082 1451 3145 ad

396 3198 462 3242 rem
478 3178 664 3244 sceleratam
680 3178 876 3242 efficiendam
887 3180 984 3242 verba
996 3179 1237 3262 interpretanda
1251 3184 1343 3250 sunt;
1361 3181 1451 3246 oens.

395 3281 478 3346 Mat.
500 3280 595 3346 xxvii.
620 3301 649 3346 2.
676 3289 710 3347 et
735 3283 838 3346 Mare.
864 3281 925 3345 xiv.
954 3300 980 3343 1.
1012 3302 1083 3364 quae
1113 3281 1239 3364 quidem
1268 3280 1450 3365 Epiphanii

396 3384 502 3462 verba,
529 3393 566 3450 ut
592 3386 697 3451 obiter
721 3386 782 3450 hoe
808 3392 925 3460 netem,
953 3383 1038 3447 iuter
1063 3383 1208 3447 ἀνέκδοτα
1234 3382 1451 3451 Bibliotheeae

395 3486 594 3552 Ouislinianae
616 3487 699 3551 mule
720 3485 886 3552 collocavit
908 3485 945 3548 el.
963 3484 1235 3548 Montfaueonius.
1259 3484 1329 3548 Vid.
1351 3487 1451 3552 om

393 3588 453 3672 ίορὶ
467 3590 597 3654 Praefat.
613 3589 665 3652 fol.
682 3609 713 3673 3.
729 3611 820 3653 versa
837 3587 963 3673 pagina,
980 3595 1014 3651 et
1033 3609 1105 3671 pag.
1126 3606 1194 3653 ιη.
1215 3587 1268 3651 ubi
1286 3594 1448 3672 tanquam

394 3690 420 3752 si
436 3690 547 3754 eadem
561 3689 678 3754 fuerint
695 3690 876 3767 Athanasii,
891 3690 1075 3753 afferuntur.
1121 3687 1184 3754 Sed
1199 3689 1258 3753 hee
1272 3689 1379 3763 misso,
1397 3690 1450 3755 in-

393 3791 656 3873 terpretationem
678 3811 781 3855 meam
803 3792 911 3857 firmat
934 3792 966 3856 S.
988 3791 1077 3856 Petri
1101 3791 1309 3856 Alexandrini
1328 3790 1448 3857 Canen

393 3892 532 3968 ultimus,
549 3892 602 3975 qui
617 3892 684 3956 haeo
699 3894 819 3968 nediu
845 3895 909 3960 Οὐκ
931 3894 1091 3976 ἐγκαλέσει
1109 3919 1153 3961 τις
1171 3895 1242 3973 ἡμῖν
1258 3919 1446 3973 παρατηρου-

390 3993 492 4074 μένοις
506 3994 631 4075 τετράδα
646 3997 694 4059 καὶ
707 3998 907 4077 παρασκευὴν,
924 4000 958 4066 ἐν
976 3999 1023 4064 aie
1042 3999 1089 4061 καὶ
1109 3998 1265 4074 νηστεύειν
1281 3996 1351 4074 ἡμῖν
1367 4003 1449 4065 κατὰ

392 4096 557 4177 παράδοσιν
576 4097 706 4179 εὐλόγως
726 4097 952 4179 προστέτακται,
967 4099 1022 4176 τὴν
1039 4100 1095 4174 μὲν
1110 4097 1236 4177 τετράδα
1252 4095 1349 4160 διὰτὸ
1367 4122 1448 4174 συμ-

390 4203 519 4276 βούλιον
535 4199 592 4264 ὑπὸ
610 4206 670 4264 τῶν
683 4198 835 4265 Ἰουδαίων
850 4201 947 4280 &nini
969 4202 1114 4283 προδοσίᾳ
1128 4204 1180 4263 τοῦ
1196 4200 1314 4279 Κυρίου·
1338 4199 1393 4276 τὴν
1409 4203 1446 4264 δὲ

392 4302 582 4380 παρασκευὴν
612 4305 659 4365 διδ
689 4302 723 4364 τδ
752 4303 933 4366 πεπονθέναι
960 4303 1050 4366 αὐτὸν
1075 4305 1150 4383 ὑπὲρ
1175 4302 1266 4380 ἡμῶν.
1301 4300 1355 4377 τὴν
1382 4305 1447 4382 γὰρ

393 4404 541 4481 Κυριοκὴν
560 4407 752 4485 χαρμοσύνης
771 4404 884 4484 ἡμέραν
901 4406 957 4468 &a
1005 4405 1057 4468 Sia
1077 4403 1190 4469 Canon
1210 4401 1445 4475 restituendus,

392 4511 429 4566 ut
441 4503 494 4566 alii
508 4525 632 4587 qnoque
646 4512 846 4584 monuerunt,
860 4528 899 4570 ex
911 4507 1131 4572 vetustissimis
1145 4505 1284 4571 MSStis.
1317 4502 1446 4570 Similia

392 4605 590 4689 Augustinus
605 4607 636 4669 in
652 4609 751 4691 Epist.
768 4608 812 4671 ad
827 4609 979 4673 θαιιιθιυι.
997 4610 1056 4694 Ep.
1074 4612 1125 4694 36.
1144 4610 1172 4690 δ.
1188 4628 1240 4692 30.
1286 4607 1445 4673 Petavius
