3700 5667
399 664 434 731 iv
786 658 1065 729 PRAEFATIO.

396 855 614 927 celebratum
649 854 787 933 iterare,
823 855 934 922 veteri
970 877 1033 922 suo
1069 876 1166 922 incre
1201 861 1352 935 servato,
1387 852 1447 923 ‹le-

397 976 609 1048 trectabant.
661 973 784 1066 Atque
808 973 870 1043 illa
891 972 1047 1067 plenarii
1070 974 1209 1043 concilii
1231 998 1448 1047 commemo-

395 1101 532 1171 ratione
560 1100 714 1169 indicare
743 1098 969 1190 Augustinus
996 1098 1145 1177 videtur,
1174 1096 1228 1166 vel
1256 1098 1445 1168 concilium

398 1223 603 1303 Nicaeuum,
635 1225 670 1291 in
705 1247 776 1313 quo
807 1224 924 1291 fuerat
955 1224 1129 1292 sancitum
1161 1222 1292 1311 aliquid
1319 1224 1447 1293 admis-

396 1348 484 1418 sioni
522 1347 769 1417 haereticorum
807 1348 1005 1439 aliquorum
1038 1348 1113 1415 sinc
1147 1370 1238 1415 novo
1270 1348 1446 1437 baptismo

396 1471 539 1551 laveus;
578 1470 634 1539 vel
665 1472 783 1560 potius
813 1470 1001 1539 concilium
1034 1468 1245 1539 Arelatense
1280 1472 1445 1560 primum,

395 1602 479 1663 ante
515 1592 690 1663 Generale
721 1592 908 1662 Nicaenum
946 1593 1038 1683 apud
1072 1590 1320 1661 Occidentalcs
1355 1594 1447 1662 cele-

395 1718 547 1798 bratum,
565 1739 673 1807 aquo
697 1737 774 1785 mos
792 1714 962 1783 Afrorum
982 1715 1169 1783 damnatus
1187 1726 1251 1796 est,
1270 1717 1446 1806 siuuilque

388 1842 528 1931 jussum
549 1840 675 1909 scitum
694 1838 761 1908 hoc
786 1860 889 1907 suum
913 1846 955 1906 ut
979 1859 1058 1905 cum
1085 1837 1212 1906 ceteris
1226 1862 1293 1931 per·
1315 1861 1445 1908 anensem

395 1962 507 2035 orlcm
542 1966 796 2035 observaretur.
850 1962 920 2033 Sed
953 1973 990 2031 et
1021 1961 1126 2053 paulo
1158 1973 1241 2030 alite
1273 1961 1445 2045 Donatus,

395 2090 489 2181 quod
503 2091 684 2159 confessus
701 2089 746 2157 sit
764 2111 801 2155 sc
820 2086 1067 2177 rebaptizasse,
1081 2109 1102 2154 a
1120 2086 1268 2154 concilio
1284 2086 1445 2156 Romano

395 2215 652 2283 condemnatus
666 2213 800 2292 fuerat3
824 2210 1018 2279 Catholicis
1036 2220 1121 2279 tunc
1139 2212 1174 2278 in
1189 2210 1313 2279 Africa
1326 2209 1446 2280 Dona-

395 2338 495 2405 tistas
519 2357 588 2403 non
624 2332 944 2424 rebaptizantibus;
975 2332 1085 2400 immo
1114 2343 1254 2424 postero
1285 2343 1445 2425 tempore

393 2458 676 2550 anabaptismum
698 2480 719 2525 a
747 2455 932 2525 Catholica
958 2455 1141 2547 disciplina
1168 2455 1323 2525 alienum
1348 2460 1446 2527 dam·

394 2582 560 2651 nautibus
586 2579 723 2672 legibus
749 2577 989 2669 imperialibus
1016 2587 1053 2647 ct
1080 2579 1336 2659 ecclesiasticis,
1362 2604 1444 2671 quae

392 2706 436 2775 ad
461 2703 620 2774 Africam
639 2701 875 2792 pertinebant.
929 2699 1206 2770 Verumtamen
1231 2702 1445 2793 inpartibus

395 2826 635 2895 Orientalibus
653 2834 738 2892 tunc
755 2845 895 2914 quoque
914 2821 1112 2892 Ilaereticos
1131 2825 1348 2914 rebaptizare
1362 2850 1446 2895 con-

394 2958 597 3020 sueverunt.

445 3073 553 3145 Plura
582 3075 625 3143 ad
657 3073 822 3142 volumen
858 3074 1004 3142 tertium
1037 3072 1121 3140 olirn
1152 3074 1320 3163 praefatus
1354 3096 1443 3142 siim.

394 3198 486 3266 Cum
509 3219 592 3264 vcro
608 3197 683 3287 jam
708 3194 776 3265 alia
794 3197 950 3286 quinque
968 3193 1149 3285 Opuscula
1166 3205 1343 3263 reservata
1363 3196 1443 3273 sint,

393 3330 434 3387 ut
460 3318 629 3388 volumini
656 3329 781 3409 quarto
806 3330 843 3387 ct
870 3316 998 3386 ultimo
1027 3319 1234 3400 inserantur,
1259 3318 1334 3387 hauc
1362 3318 1444 3388 liac-

393 3452 497 3513 tcnus
516 3445 635 3536 scripsi
655 3445 782 3513 cctcris
800 3466 893 3511 irunc
913 3441 1058 3510 omissis.
