3700 5667
534 695 911 759 ANNOTATIONES
937 695 986 759 IN
1013 695 1235 759 PIERIUM.
1343 696 1406 758 433

404 866 440 929 P.
456 885 530 951 430.
546 865 565 928 l.
587 885 635 929 10.
655 878 692 950 τῷ
706 878 752 944 τῆς
770 876 860 931 οὐσίας
879 877 919 929 καὶ
937 874 1141 940 φύσιος-ἀντι
1157 879 1202 945 τῆς
1219 864 1403 949 ὑποστάσεως]

364 969 443 1033 Vide
457 988 553 1052 supra
568 966 643 1031 Not.
659 968 701 1031 ud
717 968 861 1033 Dronrsn
877 967 963 1031 Iton.
981 968 1187 1053 Excerptum,
1204 991 1235 1053 p.
1252 969 1326 1055 384.¹

408 1070 492 1133 Ibld.
510 1069 530 1132 l.
551 1089 598 1154 13.
620 1079 679 1149 περὶ
699 1081 787 1147 μέντοι
804 1082 851 1133 τοῦ
872 1078 1021 1147 Πνιύμιιτος
1042 1079 1198 1150 ἐπισφαλῶς
1221 1069 1294 1155 δῖα]
1319 1070 1408 1135 Guil-

362 1173 473 1237 lelmus
490 1171 616 1255 quidem
633 1171 807 1235 Benimcn.
823 1171 855 1234 in
877 1169 1071 1235 Omsciouidus
1088 1172 1195 1235 Sacris
1212 1172 1249 1236 dc
1267 1173 1409 1237 Historia

364 1274 578 1337 Controversice
596 1273 780 1335 Trinitarioe
793 1273 902 1355 lingue
916 1272 1084 1337 verneeulu
1099 1272 1252 1358 praeclure
1270 1273 1407 1358 scriptis,

363 1375 465 1439 Serm.
482 1373 525 1438 iii.
542 1398 572 1459 p.
596 1393 663 1458 134.
688 1374 826 1438 Pierium
848 1374 1031 1449 defendens,
1048 1382 1144 1459 neget
1162 1374 1223 1439 hoc
1243 1375 1409 1439 verisimile

362 1497 441 1548 osse,
457 1476 489 1538 in
506 1496 636 1558 gravem
654 1474 752 1539 ullum
767 1497 907 1539 errorem
922 1476 962 1539 de
981 1475 1103 1560 Spiritu
1127 1475 1247 1540 Sunoto
1262 1476 1409 1540 incidisse

364 1600 448 1653 curn,
465 1577 519 1660 qui
534 1578 573 1639 de
587 1576 660 1640 Filii
676 1576 803 1661 quidem
818 1584 936 1640 nature
951 1598 1057 1640 verum
1075 1577 1212 1641 doceret.
1251 1579 1410 1663 Opinetur

365 1700 461 1761 porro
474 1677 522 1740 vir
536 1678 649 1742 doctus
669 1686 796 1742 secutus
810 1677 949 1753 Bullurn,
964 1677 1125 1762 scripsisse
1146 1678 1297 1756 Pierium,
1315 1679 1409 1764 Spiri-

365 1789 434 1845 tum
456 1781 489 1845 S.
512 1781 666 1845 minorem
687 1803 756 1845 esso
780 1783 877 1845 Patre
900 1789 933 1845 et
957 1780 1039 1844 Filio
1061 1782 1172 1845 eedem
1194 1782 1411 1866 rationeque

366 1884 433 1967 ipse
458 1883 558 1947 Filius
584 1883 679 1947 Patre
702 1883 805 1946 minor
828 1904 848 1947 e
873 1882 1049 1947 Catholicis
1071 1890 1272 1967 agnoscatur,
1298 1906 1410 1969 nempe

366 1985 497 2070 originis
517 1992 672 2070 respectu.
723 1988 769 2049 At
783 2006 869 2061 vero,
884 1993 921 2048 ut
938 1984 1042 2048 dicum
1062 1984 1146 2068 quod
1168 2006 1218 2049 res
1238 1992 1297 2064 est,
1313 1987 1412 2049 crodi-

367 2087 429 2150 bile
445 2109 507 2150 non
523 2095 573 2151 est
590 2087 750 2165 Photium,
767 2087 830 2171 qui,
846 2086 999 2171 quidquid
1015 2089 1236 2169 ἀρχαιοτρόπως
1253 2086 1412 2151 docuisset

367 2189 407 2251 de
433 2189 506 2253 Filii
529 2196 646 2253 nature
669 2189 802 2261 Pierius,
826 2188 903 2252 nihil
926 2187 1129 2273 reprehendit
1152 2188 1183 2251 in
1208 2211 1257 2265 eo,
1280 2189 1413 2253 voluisse

368 2293 470 2355 eidem
490 2292 594 2357 dicem
614 2293 760 2365 seribere,
777 2293 862 2376 quod
881 2290 1054 2376 periculose
1072 2292 1242 2355 admodum
1263 2300 1297 2356 et
1318 2291 1413 2376 impie

368 2395 409 2457 dc
432 2395 551 2478 Spiritu
577 2397 608 2457 S.
631 2396 771 2474 doceret,
786 2394 845 2458 nisi
864 2414 975 2457 revere
995 2392 1027 2455 in
1047 2414 1154 2456 errore
1174 2393 1280 2477 nliquo
1300 2394 1413 2458 saltem

371 2497 580 2559 verbotenus
602 2496 838 2560 Alexandrinus
855 2495 916 2559 iste
936 2501 1080 2559 versatus
1102 2503 1196 2559 esset.
1236 2496 1327 2576 Quod
1348 2496 1415 2580 qui-

369 2598 443 2661 dem
454 2597 546 2669 dixit,
559 2597 713 2681 Spiritum
727 2596 759 2660 S.
772 2596 873 2681 pieria
888 2594 1068 2658 inferiorem
1084 2616 1152 2659 esse
1164 2595 1263 2660 Putre
1274 2606 1308 2661 ot
1321 2597 1413 2671 Filio,

370 2701 430 2762 hoc
451 2698 539 2782 sequi
561 2698 744 2762 existimare
764 2698 871 2783 potuit
887 2696 1023 2773 Pierius,
1038 2718 1100 2760 non
1121 2705 1267 2783 respectu
1286 2700 1415 2785 originis

371 2808 509 2875 tentum,
522 2802 577 2864 sed
594 2800 691 2864 etium
707 2822 747 2863 ex
761 2799 946 2876 oeconomia,
961 2820 1031 2883 quae
1043 2798 1160 2863 dicitur
1171 2800 1415 2885 redemptionis;

371 2902 427 2965 sed
457 2902 489 2964 in
519 2901 645 2984 seriptis
674 2902 742 2985 ejus
768 2922 877 2965 vereor
906 2901 1052 2983 quaednrn
1083 2901 1224 2965 extitisse
1250 2923 1416 2987 perperam

372 3005 498 3088 prolate
516 3003 556 3066 de
577 3002 698 3088 Spiritu
709 3028 717 3079 ;
740 3025 842 3087 nequo
863 3001 895 3066 id
916 3002 1094 3065 mirandum
1115 3002 1148 3065 in
1168 3024 1217 3080 eo,
1232 3004 1285 3087 qui
1308 3005 1415 3091 Orige-

371 3129 443 3170 nem
464 3106 582 3170 imitari
600 3106 712 3179 vellet;
737 3128 808 3169 cum
829 3105 1002 3188 periculose
1024 3105 1195 3168 admodum
1216 3105 1300 3170 circe.
1320 3106 1416 3191 Spiri-

372 3219 441 3272 tum
472 3208 533 3271 Dei
562 3207 818 3292 philosophatum
852 3228 920 3269 esse
954 3212 1051 3290 ceput
1083 3206 1159 3268 illud
1190 3205 1416 3272 Alexandrinae

372 3310 500 3384 seholae,
515 3308 614 3392 probo
636 3307 743 3370 norint
765 3327 883 3377 omnes,
908 3306 961 3387 qui
984 3305 1015 3367 in
1039 3305 1166 3387 seriptis
1187 3305 1327 3389 legendis
1348 3308 1417 3392 ejus

374 3410 490 3472 versuti
514 3409 587 3471 sint.
634 3407 698 3470 Hic
721 3408 787 3491 ipse
812 3412 919 3469 temen
944 3404 1096 3488 Origenes
1118 3404 1149 3467 in
1172 3404 1321 3489 operibus
1344 3407 1418 3483 suis,

374 3512 495 3574 utinum
520 3508 616 3572 Pierii
640 3528 764 3590 quoque
786 3505 945 3570 volumine
967 3506 1008 3569 ed
1032 3526 1089 3568 nos
1111 3506 1338 3589 pervenissent,
1356 3530 1419 3572 non

374 3620 502 3676 tentum
524 3631 608 3693 saepc
630 3610 670 3672 de
693 3608 813 3692 Spiritu
837 3607 869 3671 S.
885 3606 1053 3691 conjuncte
1072 3628 1144 3670 cum
1167 3608 1290 3672 duobus
1311 3609 1421 3673 ulteris

375 3718 426 3791 τῆς
445 3716 647 3793 προσκυνητῆι
666 3711 792 3775 Triodis
806 3708 949 3795 personis
966 3708 1051 3793 (istae
1073 3709 1171 3794 ipsius
1185 3731 1277 3773 voces
1298 3711 1420 3775 suntin

377 3818 539 3878 Commune.
563 3816 597 3877 ie
623 3814 655 3877 S.
675 3815 766 3877 Jocn.
790 3813 925 3895 uvare.)
950 3811 1075 3875 locutus
1096 3818 1156 3885 est,
1180 3833 1287 3875 verum
1311 3813 1419 3886 etiem,

376 3921 409 3981 τὸ
431 3917 585 3982 συναίὸιον
605 3918 743 4002 Spiritus
763 3915 872 3982 docuit
891 3916 978 4000 apud
994 3916 1112 3980 Euseb.
1128 3915 1183 3979 lib.
1199 3915 1220 3979 i.
1235 3917 1306 3980 edo.
1324 3918 1420 3981 Mer·

376 4020 482 4083 cellum
508 4041 533 4083 e.
554 4040 584 4096 4.
609 4041 681 4104 pag.
704 4038 754 4084 22.
778 4019 829 4082 ed.
854 4016 955 4081 Puris.
1002 4017 1085 4081 Sunt
1111 4039 1237 4101 quoque
1265 4020 1419 4083 notabilia

378 4121 524 4205 Origonis
546 4120 642 4185 verbu
664 4120 704 4183 de
725 4119 844 4183 sanetis
866 4118 1040 4202 principiis,
1063 4140 1101 4183 ue
1124 4119 1238 4182 divinis
1261 4120 1422 4198 Personis,

378 4224 410 4287 in
433 4221 546 4285 Homil.
563 4240 593 4305 5.
616 4222 648 4283 in
673 4222 811 4285 Hierem.
834 4241 931 4304 supin
952 4220 985 4283 in
1011 4220 1103 4284 Notis
1128 4222 1169 4283 ed
1192 4220 1422 4285 Tunoenosruu

379 4324 535 4410 adposite.
555 4346 587 4407 p.
602 4323 676 4402 416.
718 4321 762 4385 Et
781 4322 912 4385 attende
933 4321 1025 4384 fidem
1048 4342 1148 4396 suem,
1164 4322 1204 4384 ad
1227 4321 1331 4385 Deum
1353 4346 1423 4407 qum

379 4424 700 4508 speetat,01igenom
721 4430 930 4506 exponentem
954 4422 985 4485 in
1006 4424 1223 4486 conane-mario
1245 4424 1276 4485 in
1294 4424 1425 4489 loannis

382 4528 499 4609 Eccum.
517 4525 613 4588 xxxii.
630 4547 698 4608 cup.
715 4546 744 4607 ι).
760 4525 809 4586 ed.
826 4523 1021 4587 llenedictin.

426 4650 489 4689 von,
507 4650 545 4691 ιιι.
871 4644 927 4707 31<
