3700 5667
426 657 477 720 ΙΝ
502 653 807 720 S.VICTOR1N1
832 653 1192 718 FRAGMENTUM.
1267 656 1329 717 481

329 827 368 892 Ρ.
383 829 456 908 46ι.
473 826 493 891 l.
513 847 541 890 1.
561 825 701 891 nuntiari
721 824 871 912 ejusdem.
917 823 1123 889 Duodenario
1137 845 1269 889 numero
1286 824 1331 887 di·

286 929 369 1013 cere]
386 929 505 994 Locum
519 927 791 993 mendosissimum
804 926 853 991 ita
866 926 1031 991 emendes:
1053 926 1199 991 audiero
1212 926 1330 992 aaa.

287 1030 484 1095 Duodcacrio
502 1051 623 1095 omero
642 1028 718 1095 dics.
763 1027 932 1093 Lectorem
950 1026 1034 1091 enim
1054 1027 1095 1092 ad
1108 1026 1234 1092 initium
1248 1048 1333 1092 oom-

288 1132 466 1197 mcntarioli
488 1132 537 1196 sui
558 1155 590 1216 p.
606 1147 648 1216 45
650 1151 681 1214 5.
696 1131 717 1196 l.
737 1149 787 1195 22.
808 1129 911 1194 mittit
930 1135 1054 1207 auctor,
1069 1128 1125 1194 ubi
1139 1128 1276 1216 scripsit,
1292 1130 1334 1194 Io

281 1235 441 1322 principio
451 1235 532 1319 fecit
548 1235 633 1299 Deus
652 1233 757 1306 acm,
773 1252 894 1317 eamque
908 1231 1095 1295 medeare
1109 1251 1232 1296 ammo
1246 1231 1334 1296 dora·

290 1359 370 1414 mm,
386 1338 436 1401 die
450 1346 604 1421 coctaque,
620 1333 735 1398 dicirit.

335 1439 420 1503 Ibid.
446 1439 467 1501 Ι.
488 1440 518 1502 6.
545 1443 772 1523 computantur
797 1435 871 1520 iro]
899 1435 971 1500 MS.
1001 1445 1206 1520 armarentur
1230 1439 1336 1502 consfi-

290 1549 358 1605 tcto
377 1549 456 1604 aaut.
484 1540 596 1625 Itaque
615 1538 681 1602 siae
699 1536 791 1602 dubio
809 1545 908 1602 oum
926 1537 999 1601 diei.
1030 1537 1221 1603 Walkerum
1239 1540 1337 1605 verba

291 1642 376 1707 inter
396 1663 431 1706 se
450 1641 545 1706 aliter
563 1639 821 1726 distinguentem,
839 1644 873 1703 et
892 1639 1046 1704 moeri
1065 1640 1266 1719 scribentem,
1280 1643 1336 1706 de·

292 1744 357 1810 leto
379 1753 490 1821 cutm,
504 1742 606 1828 magis
627 1742 821 1827 sequendum
841 1762 911 1805 esse
930 1742 1022 1819 duco,
1038 1763 1134 1825 qnam
1149 1742 1232 1807 viros
1250 1744 1338 1808 doct.

292 1846 334 1910 ad
349 1845 437 1911 Oaiii
452 1867 552 1930 marg.
568 1844 622 1928 qui
637 1843 750 1929 partio.
766 1853 793 1907 et
806 1843 931 1907 addunt
944 1850 1022 1908 ante
1035 1843 1194 1908 masidam
1207 1853 1285 1908 sum.

339 1948 422 2012 Ibid.
444 1947 465 2011 1.
486 1967 533 2010 ιι.
557 1968 637 2032 quos
657 1945 702 2030 in]
725 1945 904 2010 Delendum
927 1944 975 2009 ait
996 1944 1031 2007 in
1045 1943 1228 2010 Walkerus.
1274 1945 1338 2010 Mi-

293 2072 353 2115 nus
367 2057 454 2115 recte
468 2047 644 2134 opomlppai
657 2047 690 2111 in
704 2046 889 2133 apographo
902 2045 1042 2111 Gariano
1057 2053 1157 2112 extet.

336 2151 418 2215 Ibid.
441 2150 463 2213 1.
484 2168 534 2214 21.
562 2149 626 2214 Sex
649 2149 709 2214 alae
734 2149 808 2236 irc]
834 2147 1043 2224 Victorinum,
1066 2170 1160 2232 quem
1185 2150 1244 2214 hoo
1270 2150 1340 2214 loeo

251 2337 257 2351 .
295 2261 464 2341 propterea
483 2252 775 2337 appellatoosrrum
793 2249 1020 2335 Hieronymus,
1036 2251 1122 2334 quod
1141 2273 1160 2315 e
1179 2251 1340 2338 scriptori·

295 2359 355 2420 bus
382 2355 510 2418 Latinis
535 2353 607 2430 fuit,
632 2351 876 2417 commentarios
904 2350 1066 2436 scripsisse
1091 2350 1124 2414 in
1150 2352 1281 2418 Esaiam
1306 2362 1340 2419 et

298 2457 509 2521 Ecclesiasten
530 2456 613 2521 inter
632 2455 710 2519 alios
730 2454 764 2519 S.
781 2454 954 2539 Scripturae
973 2453 1080 2532 libros,
1095 2454 1143 2518 ait
1160 2454 1245 2519 idem
1261 2455 1340 2520 Hie-

295 2580 445 2643 ronymus
459 2560 508 2622 Dc
529 2558 615 2622 Viris
629 2556 747 2620 Illum.
763 2577 784 2620 a
798 2578 849 2619 me
862 2555 937 2620 huic
951 2562 1101 2640 excerpto
1115 2554 1275 2640 praeflxus.

341 2661 379 2723 P.
396 2663 470 2738 462.
493 2658 512 2720 l.
534 2679 580 2722 ιι.
604 2658 688 2722 senis
711 2660 766 2721 &c
791 2659 860 2742 irc]
886 2656 967 2721 Onm
990 2676 1056 2719 non
1078 2665 1214 2730 constet,
1238 2659 1341 2724 utrius

298 2762 428 2827 tandem
450 2760 590 2825 auctoris
612 2760 676 2824 sint
698 2761 796 2824 sorba
817 2760 917 2836 istaee,
941 2758 1088 2844 Origenis
1111 2781 1153 2823 an
1171 2759 1341 2838 Victorini,

299 2863 392 2947 plura
406 2861 457 2925 hio
472 2860 684 2926 transcribere
699 2861 898 2946 supersedeo.

344 2964 426 3028 Ibid.
441 2963 462 3026 l.
484 2982 531 3043 14.
548 2963 599 3027 De
612 2961 781 3029 Victorino
797 2963 830 3026 id
850 2983 959 3027 assero
975 2961 1050 3048 dre]
1074 2961 1250 3036 Helvidius,
1266 2964 1343 3027 dum

298 3074 484 3153 perpetuam
507 3067 713 3150 oppugnabat
736 3065 769 3129 S.
792 3064 909 3129 Mariae
932 3064 1157 3149 virginitatem,
1182 3064 1343 3129 Victorini

300 3171 396 3234 rerba
411 3170 557 3254 qnaedam
572 3169 761 3232 adduxerat.

346 3272 378 3333 P.
400 3274 475 3354 463.
501 3270 522 3332 l.
545 3289 577 3351 3.
604 3271 773 3349 cmlpemv]
802 3269 882 3332 Vide
908 3267 1048 3330 Fabricii
1071 3278 1181 3331 notam
1205 3269 1237 3330 in
1261 3268 1344 3331 hunc

302 3372 488 3455 Hieronymi
508 3370 611 3432 locum
631 3372 672 3434 ed
695 3372 803 3432 Parra.
825 3369 1032 3451 Fragmenta,
1048 3367 1107 3429 vol.
1126 3369 1153 3429 1.
1170 3367 1342 3450 Reliqoior

301 3495 372 3559 rac·
389 3496 419 3553 4·

714 3639 716 3642 ,
743 3622 924 3655 ..4,-

346 3785 608 3847 Οοιιιιιιιιτιιιιιιιι
630 3780 792 3867 scripsisse
818 3780 1016 3844 Victorinum
1043 3781 1075 3845 in
1099 3782 1236 3847 Joennis
1261 3785 1348 3870 Apo

304 3885 455 3968 eclypsin,
471 3885 572 3950 tradit
591 3885 805 3969 Hieronymus
826 3904 923 3969 supra
941 3884 990 3948 De
1014 3885 1101 3949 Viris
1115 3883 1168 3948 Ill.
1184 3905 1256 3970 pag.
1274 3905 1347 3970 233.

305 3985 358 4047 Ad
384 3985 523 4049 libellum
550 3995 658 4051 autem
683 3985 768 4070 quod
797 3985 917 4050 attinet
943 3985 975 4049 in
999 3993 1087 4050 tomo
1109 3987 1129 4050 i.
1157 3984 1350 4051 Bibliotheca

304 4088 437 4151 Petram
457 4089 612 4152 Parisino
632 4088 762 4160 editum,
783 4086 835 4172 qui
856 4087 1014 4152 Victorini
1035 4088 1161 4152 nomine
1180 4089 1350 4173 inscriptus

304 4197 366 4265 est,
393 4190 559 4254 dicendum
585 4196 635 4254 est
661 4212 733 4253 oum
758 4188 960 4254 Tillemontio
987 4190 1083 4252 Mem.
1108 4189 1192 4253 Eccl.
1219 4196 1297 4254 tom.
1319 4213 1349 4252 v.

305 4303 372 4357 not.
390 4311 419 4356 2.
435 4293 467 4357 in
488 4293 521 4356 S.
539 4293 696 4357 Victorin.
715 4293 941 4375 Lardneroque
956 4292 1006 4354 De
1020 4292 1139 4376 Idoorrp
1156 4292 1253 4369 Fida,
1266 4301 1350 4378 part.

308 4394 355 4458 II.
376 4394 428 4459 lib.
444 4394 464 4456 i.
479 4417 548 4478 cap.
563 4397 617 4479 56.
635 4416 706 4479 pag.
728 4397 797 4476 196.
813 4395 869 4457 irc.
885 4392 1113 4478 interpolatum
1132 4392 1259 4478 quidem
1278 4414 1351 4457 eum

306 4495 421 4560 librum
441 4496 547 4572 fuisse,
563 4505 597 4560 et
611 4495 769 4559 nonnuliis
789 4496 821 4558 in
842 4495 918 4559 locis
938 4502 1110 4572 mutatum,
1123 4496 1180 4560 scd
1199 4496 1353 4582 majorem

308 4607 416 4662 tamon
440 4609 565 4683 partem
591 4599 659 4682 ejus
684 4621 704 4662 a
729 4597 892 4662 Victorino
916 4611 1031 4661 revera
1051 4596 1226 4681 scriptum
1257 4598 1352 4683 idque

354 4723 422 4765 voc.
436 4723 478 4763 ιιι.
805 4720 861 4784 30
