3700 5667
597 668 660 738 476
940 664 1292 730 ANNOTATIONES

641 841 678 901 P.
690 838 763 922 458.
777 838 797 900 l.
811 857 859 914 14.
875 837 1013 922 singula]
1028 836 1156 922 &walia
1170 836 1307 900 fortasse
1320 834 1512 920 legendnm.
1540 836 1668 900 Psalmi

596 941 672 1005 illud
695 939 817 1002 lxxxix.
841 961 862 1002 a
882 939 1048 1003 Victorino
1073 939 1248 1003 adductum
1271 937 1436 1004 (ihiiiastae
1465 937 1594 1003 afferre
1618 961 1668 1003 so

597 1040 675 1102 lent.

643 1138 728 1201 Ibid.
754 1138 774 1201 l.
801 1156 850 1220 17.
879 1138 981 1203 habeo
1005 1139 1112 1204 oculos
1137 1139 1282 1227 Domini]
1310 1139 1350 1202 ln
1372 1137 1526 1223 margine
1554 1137 1664 1213 cavei,

598 1242 635 1304 F.
650 1239 736 1304 iubet
748 1241 844 1304 ocche
858 1241 1019 1305 Dominus.
1058 1241 1121 1305 Sed
1138 1249 1225 1306 recte
1237 1238 1336 1316 deboc,
1352 1239 1385 1302 id
1400 1245 1467 1314 est,
1484 1247 1601 1315 teneo,
1617 1239 1662 1302 in-

597 1343 697 1408 venio.
723 1343 881 1406 Wunnsn.
926 1343 1092 1408 Zachariae
1113 1365 1182 1428 cap.
1197 1344 1239 1408 iv.
1259 1363 1369 1407 comm
1386 1361 1436 1405 10.
1461 1343 1590 1427 Septem
1610 1342 1663 1406 isti

595 1446 674 1511 oculi
688 1455 756 1508 sciit
773 1446 910 1521 Domini,
927 1446 981 1530 qui
996 1446 1174 1509 decimat
1188 1445 1223 1509 ia
1237 1445 1410 1508 uniuersum
1423 1451 1557 1507 terrum.

644 1547 725 1610 ibid.
744 1546 764 1609 l.
784 1548 834 1609 18.
858 1555 892 1611 ct
914 1555 1038 1631 septem
1060 1548 1158 1611 millia
1180 1546 1270 1628 anni]
1296 1544 1394 1608 Milic
1416 1543 1492 1607 MS.
1534 1544 1659 1630 Legen-

597 1650 674 1711 dum
697 1648 832 1721 videtur,
855 1658 907 1724 cst,
925 1649 974 1713 vel
996 1650 1065 1722 erit,
1080 1650 1205 1736 septimo
1225 1647 1391 1723 millcauio,
1408 1646 1457 1710 vel
1481 1647 1609 1732 potine,
1623 1656 1659 1711 nt

598 1750 692 1835 paulo
719 1771 826 1833 supra,
852 1750 976 1834 eucine
1000 1751 1153 1816 milliario
1177 1772 1338 1815 canorum.
1383 1750 1447 1813 Sed
1477 1749 1658 1813 Walkerne

599 1860 727 1916 tantum
758 1859 866 1916 monet
893 1851 1082 1936 particulam
1111 1861 1139 1915 et
1165 1876 1234 1918 esse
1263 1852 1440 1916 delendam.
1499 1850 1656 1916 Ceterum

603 1953 784 2018 Victorinus
807 1960 881 2038 post
904 1953 984 2018 alios
1008 1953 1175 2018 nonnullos
1199 1960 1308 2039 patres
1333 1951 1507 2036 septimum
1533 1952 1656 2016 miden·

601 2055 688 2118 nium
712 2076 810 2139 regno
829 2054 949 2119 Ohristi
966 2077 1029 2120 una
1050 2077 1121 2118 cum
1142 2055 1262 2120 sanctis
1281 2055 1349 2140 ejus
1365 2053 1476 2117 futuro
1490 2052 1657 2129 attribuit,

601 2157 652 2220 cui
675 2157 917 2220 subsecuturum
940 2157 983 2220 eit
1005 2156 1152 2220 ultimum
1170 2157 1324 2242 judicium
1346 2156 1553 2241 ogdoaeque;
1585 2176 1656 2240 quae

602 2268 711 2321 tamen
726 2257 796 2342 ipsa
810 2258 931 2342 ogdoas
945 2258 987 2322 ab
1002 2259 1072 2322 aliis
1087 2260 1128 2322 nd
1144 2268 1289 2343 tempora
1305 2257 1442 2330 Messiae‚
1455 2256 1523 2320 eive
1537 2257 1656 2321 adven·

601 2374 670 2424 tum
686 2360 821 2444 primum
837 2359 967 2437 Christi,
983 2360 1086 2425 relata
1100 2367 1160 2424 est.
1196 2361 1276 2425 Vide
1292 2361 1376 2426 inter
1389 2359 1469 2424 alios
1486 2360 1657 2424 Andream

601 2462 829 2526 Caesariensem
856 2462 888 2524 in
917 2464 1029 2525 Comm.
1054 2463 1088 2524 iu
1114 2461 1324 2547 Apocalypsin
1349 2485 1418 2547 cap.
1440 2468 1493 2546 63.
1517 2462 1574 2527 ubi
1599 2462 1656 2527 ait.

598 2572 768 2626 sauctorum
784 2586 908 2648 reguum
923 2565 1060 2628 interris
1074 2563 1258 2628 milliarium
1268 2565 1307 2629 ad
1320 2564 1440 2628 molesia
1454 2564 1545 2629 dead
1559 2565 1657 2650 recipi

605 2662 703 2724 <licere
717 2664 899 2746 superfluum
905 2663 988 2745 sore.

646 2763 728 2825 ibid.
743 2763 762 2826 l.
783 2783 834 2827 ai.
857 2764 944 2847 sunt]
966 2764 1039 2828 Hoc
1060 2774 1169 2827 monet
1188 2763 1355 2827 delendum
1375 2787 1444 2829 esso
1461 2764 1656 2841 Walkerus3

601 2872 634 2925 ct
658 2871 756 2938 recte,
777 2864 837 2926 nisi
860 2864 935 2926 addi
957 2866 1012 2947 qai
1034 2865 1159 2928 debeat.
1206 2866 1259 2928 Ad
1281 2877 1404 2951 septem
1425 2868 1511 2951 quod
1533 2869 1657 2932 attinet

602 2963 706 3037 coeios,
728 2964 767 3025 de
789 2964 904 3046 quibus
926 2974 1065 3048 nugatur
1083 2967 1273 3040 Victorinus,
1296 2990 1403 3031 verum
1425 2977 1476 3033 est
1498 2971 1588 3053 quod
1610 2970 1658 3034 ait

604 3064 758 3148 Origenes
773 3064 827 3127 lib.
844 3065 884 3128 vi.
902 3068 1015 3130 dovura
1033 3068 1150 3131 Celsum
1164 3092 1250 3133 num.
1268 3089 1317 3134 21.
1340 3069 1437 3134 Ἑπτὰ
1451 3073 1483 3134 δὲ
1499 3073 1657 3152 οὐρανοὺς,

605 3165 623 3244 ἢ
648 3168 727 3231 ὅλως
749 3168 984 3249 περιωρισμένον
1008 3172 1134 3251 ἀριθμὸν
1156 3174 1263 3249 αὐτῶν,
1288 3177 1319 3237 αἱ
1344 3154 1509 3255 depictum
1535 3177 1571 3238 ἐν
1595 3183 1658 3242 ταῖς

602 3271 774 3347 ἐκκλησίαις
789 3275 841 3332 τοῦ
858 3276 940 3335 Θεοῦ
956 3271 1007 3334 οὐκ
1023 3273 1253 3354 ἀπαγγέλλουσι
1268 3278 1394 3356 γραφαί.
1420 3275 1510 3339 Idem
1525 3277 1569 3340 ab
1587 3278 1658 3342 On·-

601 3395 681 3455 geno
696 3372 818 3436 dictum
833 3374 874 3436 ad
891 3373 945 3437 fin.
962 3397 1087 3458 quoquc
1103 3397 1187 3438 num.
1206 3394 1256 3461 23.

651 3473 733 3536 Ibid.
749 3474 770 3536 l.
789 3494 840 3560 23.
865 3475 910 3538 Hi
932 3482 1054 3560 septem
1074 3477 1233 3561 spiritus]
1252 3478 1357 3541 Verba
1371 3479 1439 3542 huc
1455 3502 1476 3543 n
1494 3484 1658 3565 sequeuti-

604 3577 664 3638 bus
679 3576 903 3661 distinguendo.
918 3578 1048 3660 putavi;
1071 3600 1172 3662 ncquc
1190 3579 1274 3641 onim
1289 3601 1360 3642 cum
1375 3581 1450 3644 viris
1470 3582 1584 3659 doctis,
1603 3585 1658 3668 qui

603 3678 645 3739 ud
662 3678 751 3739 Cnvii
772 3679 948 3760 marginem
968 3680 1119 3744 nonnulla
1136 3689 1342 3759 annotarunt,
1359 3705 1451 3747 voccs
1470 3705 1572 3748 corum
1593 3687 1658 3769 epi·

604 3778 682 3840 ritus
697 3777 730 3838 in
744 3799 846 3839 eoram
860 3780 1025 3861 spirituum
1041 3791 1209 3846 mutarem.

650 3877 730 3939 Ibid.
746 3877 767 3940 1.
784 3882 833 3941 28.
853 3881 981 3963 spiritus
1001 3883 1133 3967 timeris]
1155 3886 1226 3949 MS.
1244 3887 1358 3970 spiritu
1373 3898 1393 3950 t.
1410 3889 1465 3951 scd
1482 3888 1529 3953 ita
1544 3911 1657 3954 onien-

604 3979 745 4042 dandum
760 3981 807 4044 ait
825 3981 999 4047 Walkcrus
1014 3994 1088 4068 poet
1104 3986 1209 4051 Esaioe
1227 3997 1363 4052 textum.

648 4080 839 4166 lbi‹l.1.31.
865 4084 1010 4149 tonitrua
1032 4086 1186 4172 mugiunt,
1208 4089 1339 4153 flumina
1360 4090 1594 4173 extenduntur]
1621 4092 1660 4156 In

602 4183 745 4269 margine
769 4186 866 4257 (invii,
894 4186 935 4250 F.
960 4187 1101 4252 fulmina.
1149 4192 1250 4274 Lego,
1267 4191 1414 4274 sit-luzinc
1439 4192 1660 4256 accendamur.

609 4285 764 4349 Wamnn.
807 4287 929 4351 Plinius
950 4291 1028 4353 Nat.
1050 4291 1138 4354 Hist.
1155 4292 1209 4354 lib.
1228 4292 1260 4356 ii.
1277 4316 1346 4378 cup.
1362 4295 1413 4377 38.
1431 4295 1519 4356 Hinc
1538 4292 1661 4369 aidila,

602 4384 739 4447 tonitrua
760 4396 787 4448 ct
808 4387 874 4451 aliu
888 4389 1042 4471 fulmina.
1089 4390 1139 4457 Ex
1162 4391 1222 4456 hoc
1244 4415 1319 4478 crgo
1343 4395 1398 4456 &a
1418 4393 1450 4460 h.
1465 4415 1493 4456 e.
1513 4415 1553 4457 ex
1577 4395 1662 4458 coeio

603 4483 726 4549 tiulorie
745 4487 818 4554 Dei.
