3700 5667
585 683 636 749 IN
658 683 693 749 S.
717 683 934 750 CORNELII
958 686 1258 753 FRAGMENTA.
1402 693 1446 759 87

393 855 479 939 apud
496 853 673 918 Horatium
691 854 746 919 lib.
760 855 789 920 Ι.
804 856 894 941 epist.
910 857 959 920 18.
975 857 1053 920 item
1072 856 1105 920 in
1128 858 1267 942 quadum
1288 860 1447 944 tragoedin

395 957 536 1022 Senecae.
560 956 729 1021 Busnzms

438 1058 479 1123 P.
498 1076 550 1140 17.
564 1058 585 1123 l.
601 1078 635 1137 4.
651 1058 782 1142 Majore
797 1080 872 1123 vero
885 1065 919 1124 et
933 1060 1082 1145 graviora
1098 1060 1151 1124 hie
1170 1061 1363 1148 designavit]
1381 1065 1447 1128 No-

396 1169 484 1224 oatus
509 1182 585 1224 vero
608 1183 647 1224 ea
670 1160 722 1224 hio
744 1161 932 1246 designarit,
952 1161 1026 1226 MS.
1042 1162 1132 1226 Bodl.
1153 1184 1180 1226 1.
1195 1163 1228 1226 in
1250 1164 1327 1229 edit.
1343 1166 1445 1231 Oxou.

396 1262 523 1338 allatus,
539 1261 671 1346 perinde
685 1285 723 1326 ae
738 1263 838 1326 codex
853 1283 951 1339 mens,
967 1263 1076 1327 hebet.
1107 1263 1158 1326 De
1173 1264 1323 1330 Evarieto
1337 1275 1445 1331 autem

398 1363 570 1428 Novatiani
590 1364 676 1427 socio
695 1372 730 1428 et
748 1363 897 1447 adjutore
914 1363 966 1427 hio
988 1365 1040 1449 agi
1056 1365 1192 1442 videtur,
1207 1367 1256 1430 vel
1277 1368 1377 1452 pejus,
1397 1369 1446 1434 ait

397 1465 886 1550 Corneline,Romaequamapud
894 1487 978 1542 suos,
989 1469 1051 1546 (eos
1059 1474 1215 1551 proestant
1224 1468 1285 1532 mei
1295 1470 1442 1553 codiees)

397 1591 431 1632 se
454 1575 598 1652 gerente.
644 1567 736 1631 Idem
758 1566 857 1632 sentit
882 1567 1101 1643 Constantius,
1124 1590 1217 1652 quem
1241 1569 1325 1633 iutra
1345 1570 1445 1634 habes

398 1669 437 1732 de
453 1668 604 1732 Evaristo
618 1668 680 1732 huo
695 1668 969 1752 interpretantem.

440 1770 523 1834 lbid.
538 1770 560 1835 l.
579 1771 611 1834 8.
626 1770 757 1854 junotoe
784 1769 917 1856 habent]
943 1769 1054 1835 Codex
1078 1771 1167 1836 Golb.
1191 1772 1303 1836 vindos
1325 1771 1445 1850 todem,

397 1893 435 1934 ao
457 1869 584 1943 deiude,
608 1872 692 1934 Bene
712 1870 812 1934 velere
831 1892 948 1955 semper
960 1873 1068 1954 frater
1089 1872 1270 1946 rorensium
1295 1873 1349 1936 alii
1372 1875 1445 1949 duo,

398 1973 480 2036 Bene
493 1972 562 2037 valo
567 1973 676 2054 frater
690 1974 853 2036 carnem.
877 1973 1048 2038 Οουιιιιιιι.

440 2073 525 2138 Ibid.
542 2072 629 2159 Opto
643 2082 677 2138 te
698 2075 769 2157 dre]
789 2075 884 2138 lstud
908 2074 1090 2138 addidimus
1110 2096 1150 2139 ex
1170 2073 1233 2138 tide
1253 2074 1370 2138 eodioie
1385 2075 1447 2140 Re-

398 2175 515 2239 mensis
530 2175 632 2239 sancti
648 2175 804 2260 Dionysii.
848 2175 887 2239 lu
903 2175 1044 2239 Fuxensi
1063 2175 1216 2260 seriptum
1237 2184 1287 2240 est
1307 2174 1376 2240 bene
1394 2199 1447 2240 oa·

398 2277 459 2340 lere
472 2298 589 2360 semper
593 2277 702 2359 frater
715 2277 879 2341 rarissime.
925 2275 964 2339 In
979 2298 1044 2340 uno
1058 2298 1129 2340 meo
1143 2276 1345 2362 simpliciter:
1365 2277 1448 2340 Bene

397 2379 581 2462 ealesmter
594 2378 761 2442 corbeius.
783 2378 951 2441 Bnuuzrne.
996 2377 1149 2444 Similiter
1163 2379 1223 2443 hoe
1237 2378 1298 2463 legi
1313 2378 1345 2441 in
1361 2379 1447 2445 oodd.

403 2484 507 2545 Veron.
525 2490 553 2544 et
567 2480 649 2544 Bod.
670 2500 695 2544 1.
711 2502 750 2544 ex
766 2480 846 2544 Ver.
863 2481 974 2544 Leott.
990 2479 1023 2543 in
1037 2480 1115 2545 edit.
1131 2482 1234 2545 Oxou.
1250 2481 1357 2545 allatis
1371 2503 1446 2545 eon·

398 2588 485 2656 stnt3
507 2579 541 2643 in
555 2601 619 2664 qua
633 2587 742 2645 temen
757 2581 896 2646 editione
907 2580 1004 2664 juxta
1021 2589 1120 2664 atque
1139 2580 1172 2644 in
1192 2581 1351 2666 prioribus
1366 2581 1446 2644 Gou-

398 2682 567 2767 rtiunnque
581 2681 666 2745 houd
681 2682 782 2746 hebes
796 2680 978 2746 clausulam.
1010 2681 1132 2746 Verum
1147 2682 1180 2745 iu
1192 2684 1300 2746 eodiee
1310 2691 1448 2766 utroque

398 2807 469 2848 meo
494 2784 634 2869 positum
656 2793 715 2862 est,
745 2786 792 2848 Et
813 2782 881 2848 bene
901 2783 970 2848 nole
981 2785 1092 2868 freter
1114 2785 1276 2848 memma.
1322 2784 1448 2849 Extant

397 2907 495 2970 porro
517 2886 624 2959 verba,
640 2884 711 2950 berte
731 2887 799 2952 eolo
811 2889 921 2971 frater
942 2886 1108 2962 menne,
1123 2887 1165 2949 ad
1187 2887 1282 2950 finem
1304 2886 1447 2970 epietolae

396 2987 544 3073 proxime
565 2988 745 3071 sequentie;
771 2988 840 3053 haeo
861 3010 936 3053 vero
959 2988 1076 3052 ibidem
1098 2987 1132 3051 in
1153 2988 1221 3052 edd.
1236 2986 1447 3053 vementes

397 3090 518 3155 omisso
532 3090 668 3155 fueraut.

899 3414 949 3478 11.

444 3589 1019 3676 Ibid.1.14.comeliuscyprisno]
1048 3589 1094 3653 Et
1119 3587 1171 3651 hio
1193 3587 1226 3651 in
1252 3587 1363 3672 prisois
1390 3588 1450 3674 cy·

391 3693 506 3779 priuni
520 3693 712 3761 editionibus
726 3693 922 3770 obtinuerat,
941 3692 1118 3777 prn'aans
1131 3690 1276 3766 Cornelio,
1288 3699 1325 3755 ut
1339 3691 1450 3757 etiam·

401 3817 479 3858 num
494 3802 603 3859 exstat
617 3795 649 3857 in
665 3795 736 3859 MS.
750 3795 838 3860 colb.
885 3794 1048 3857 Exstabat
1063 3800 1097 3856 et
1111 3792 1172 3855 hoo
1186 3791 1289 3876 ipsum
1303 3791 1336 3856 in
1351 3794 1446 3858 Oorb.

403 3896 458 3959 sed
481 3895 627 3960 secundis
649 3896 732 3961 euris
754 3903 932 3961 eorreetum
953 3895 1033 3959 init:
1057 3916 1153 3979 quam
1175 3903 1273 3971 reete,
1288 3917 1359 3965 eum
1381 3896 1450 3981 ipse

404 4004 582 4073 oontextus,
598 4007 669 4062 tum
683 3998 826 4062 subnexo
841 3997 989 4082 Epistola
1004 3997 1066 4061 viii.
1084 3996 1161 4081 (Ep.
1177 4015 1230 4077 47.
1242 3997 1282 4063 ed.
1294 4004 1363 4082 51.)
1378 4021 1450 4083 pro·

403 4098 494 4165 bant.
538 4099 700 4185 Superiori
723 4099 876 4187 epistole,
894 4120 966 4184 quae
986 4097 1172 4181 Nioepboro
1191 4098 1314 4162 tradite
1333 4100 1448 4176 tuerat,

403 4208 480 4265 ante
499 4222 597 4284 quam
616 4199 643 4264 is
663 4201 926 4285 prodeisoeretur,
943 4200 1010 4263 haeo
1030 4199 1183 4283 adjuuotn
1204 4205 1266 4274 est,
1280 4190 1314 4263 et
1334 4201 1377 4263 ab
1399 4223 1451 4264 eo·

404 4301 476 4363 dem
494 4302 644 4386 aeolytho
659 4301 792 4386 perlata.
826 4301 861 4364 Si
873 4301 944 4384 quis
954 4309 1063 4366 tamen
1074 4299 1156 4363 bano
1171 4298 1274 4382 primo
1288 4301 1452 4386 seriptum,

404 4399 494 4485 eique
521 4399 715 4484 superiorem
740 4399 926 4485 adjunotem
951 4399 1052 4471 malit,
1079 4397 1235 4463 oonoedot
1259 4398 1372 4462 saltem
1397 4423 1451 4463 ne-

404 4522 490 4565 eesse
504 4507 567 4577 est,
582 4508 751 4584 utramque
772 4500 841 4585 ipsd
863 4500 1067 4586 protectionis
1089 4498 1259 4583 Nicephori
1280 4499 1358 4564 hort
1378 4523 1451 4564 oon·

403 4602 555 4687 seriptum
579 4624 658 4667 esse.
703 4603 859 4683 Quuoirea
883 4610 959 4668 utra
983 4602 1071 4688 prior
1096 4606 1244 4685 ponatur,
1268 4600 1316 4664 vel
1337 4622 1451 4684 purum
