3700 5667
561 651 614 714 IN
637 649 871 714 SYNODUM
897 648 1272 712 ANTIOCHENAM.
1377 649 1443 714 887

396 828 480 886 teste
502 820 602 885 Suida
623 821 656 884 in
676 842 751 883 voce
771 826 882 883 σεῖσαι.
905 820 1064 882 Vnsmws.
1111 820 1221 904 Atque
1241 818 1288 883 ita
1307 818 1444 883 sortasse

397 923 583 988 Tertulliani
603 923 691 986 loous
710 922 925 985 emendandus
945 929 1006 997 est,
1022 921 1074 1005 qui
1090 929 1182 986 extat
1197 922 1229 985 in
1244 921 1296 985 lib.
1313 921 1344 984 ii.
1361 921 1441 984 Ado.

398 1025 597 1099 Marciorum,
618 1024 688 1109 ipso
714 1022 783 1086 init.
807 1043 876 1106 cap.
903 1021 950 1083 18.
978 1020 1041 1083 aad
1060 1043 1127 1105 qam
1146 1020 1251 1105 polites
1274 1019 1347 1105 lepis
1366 1019 1443 1084 bona

397 1127 568 1212 defendam,
584 1147 675 1210 quam
695 1146 764 1209 φνεν
782 1123 903 1187 aaronis
922 1122 1128 1206 (Marcionis)
1147 1120 1329 1204 concupiit!
1352 1122 1442 1208 Lego

398 1230 549 1306 οοοοιοοίἰ,
564 1229 620 1292 sed
635 1227 739 1291 locum
755 1226 835 1289 vide.

442 1333 478 1395 P.
495 1349 568 1414 305.
584 1329 604 1392 l.
625 1331 673 1392 16.
689 1325 939 1410 καταβροβεύων]
958 1326 1086 1410 Langus
1101 1325 1197 1388 vertit
1210 1325 1347 1408 proemia
1363 1324 1442 1388 acei-

391 1433 486 1518 ps'ens,
513 1454 577 1495 non
604 1432 693 1495 male.
741 1428 857 1494 Utitur
882 1429 942 1491 hoo
968 1450 1043 1491 voce
1067 1427 1186 1491 Paulus
1211 1426 1243 1488 in
1270 1426 1375 1511 Epist.
1400 1426 1442 1490 ad

397 1534 596 1600 Colossenses
615 1556 684 1618 cap.
700 1533 733 1596 ii.
753 1533 801 1595 18.
825 1532 986 1593 Vsausaus,
1031 1532 1185 1611 βραβεύοι,
1203 1529 1352 1593 intercedo
1370 1530 1442 1592 Vet.

399 1638 501 1702 Gloss.
533 1640 627 1699 Anne
641 1635 739 1699 verba
756 1633 801 1697 sic
816 1634 1004 1717 exponenda
1019 1641 1106 1707 sunt,
1124 1633 1360 1712 κατοβμαβεύον
1375 1633 1442 1698 τοὺς

399 1738 612 1818 ἀδικουμένους·
646 1736 766 1820 injuria
791 1737 909 1817 affectos
934 1735 1011 1798 amb
1037 1733 1205 1817 descedens,
1233 1740 1269 1797 ut
1295 1733 1443 1817 praevari·

399 1844 509 1906 catorl
530 1841 593 1904 Sed
613 1840 679 1924 egit
697 1839 737 1902 de
755 1860 832 1903 voco
854 1838 988 1902 Paulina
1008 1837 1048 1901 ol.
1065 1837 1263 1901 Sohleusuer.
1279 1839 1390 1906 Lesico
1407 1838 1442 1900 in
1478 1821 1480 1827 ⁵

399 1944 481 2006 Noo.
500 1942 575 2006 Test.

442 2045 525 2108 Ibid.
541 2045 560 2107 i.
580 2045 628 2107 18.
649 2044 744 2122 μάτην
767 2043 981 2125 καρπούμενος]
1001 2041 1076 2104 Vox
1095 2040 1191 2120 μάτην
1211 2039 1377 2104 reserenda
1394 2050 1443 2107 est

399 2169 461 2209 non
475 2146 517 2210 ad
533 2145 667 2209 Paulum
682 2145 786 2230 ipsum
807 2143 860 2228 qui
881 2143 942 2206 hac
964 2152 1036 2207 arte
1056 2141 1222 2227 pecuniam
1244 2142 1443 2219 corradebat,

399 2249 453 2311 sed
473 2248 513 2311 ad
529 2246 692 2331 litigantes
707 2246 760 2330 qui
776 2244 942 2330 pecuniam
957 2266 1047 2308 suam
1063 2264 1157 2328 quam
1174 2243 1276 2306 Paulo
1290 2243 1445 2309 dederant

399 2358 436 2414 ut
457 2350 639 2432 suffragium
661 2370 753 2411 suum
775 2347 851 2432 ipsis
873 2347 1101 2422 commodaret,
1123 2346 1302 2431 perdebant
1323 2347 1444 2431 absque

399 2451 462 2515 ullo
478 2451 592 2514 fructu.
616 2452 775 2513 Vsunsms.

444 2554 481 2618 P.
495 2556 569 2638 306.
588 2553 608 2615 l.
626 2571 655 2617 2.
679 2553 727 2615 καὶ
747 2551 806 2616 οὔτ’
823 2554 861 2619 ὡς
880 2555 936 2634 ὑψ.
959 2553 1027 2635 tp]
1046 2552 1084 2614 lu
1101 2551 1315 2615 vetustissimo
1336 2552 1444 2617 codice

401 2654 573 2731 Mamrino,
588 2653 669 2717 Fuk.
684 2661 717 2717 et
731 2654 821 2716 Med.
835 2653 950 2737 legitur
963 2655 1011 2717 καὶ
1026 2656 1117 2720 οὕτως
1132 2656 1352 2735 ὑψηλοφρονεῖ.
1380 2654 1443 2718 Sed

399 2751 515 2821 rectior
534 2765 583 2821 est
602 2755 732 2841 vulgata
751 2755 920 2839 scriptura,
938 2756 1020 2839 (οὔτε
1038 2756 1077 2822 ὡς
1093 2758 1200 2836 ὑψηλὰ
1215 2761 1330 2836 φρονεῖ,
1347 2777 1443 2840 quam

399 2861 465 2924 edd.
482 2859 694 2944 81ομΙι.οοουο
718 2857 834 2921 Vamii
854 2880 920 2941 prae
943 2880 977 2921 se
999 2857 1120 2937 lerunt)
1137 2880 1233 2943 quam
1253 2857 1372 2941 Regius
1394 2881 1444 2922 co

400 2965 461 3027 dex
475 2970 509 3027 et
531 2961 692 3047 Syncellus
712 2968 746 3024 et
767 2959 965 3044 Nicephorus
984 2959 1184 3025 confirmant.
1222 2960 1331 3044 (Nunc
1352 2960 1444 3024 addit

401 3064 562 3128 Burtonus
581 3062 665 3126 codd.
681 3062 789 3126 Paris.
808 3062 902 3147 Nors.
924 3065 1020 3126 Vocet.
1037 3062 1314 3147 Florentinosque.)
1361 3064 1444 3126 Haec

400 3166 482 3230 enim
516 3165 611 3229 verba
643 3164 784 3248 pendent
817 3186 855 3228 ex
890 3164 1114 3250 superioribus.
1154 3166 1314 3227 Vernaus.
1373 3164 1445 3250 Ego

402 3268 579 3333 Strothium
599 3273 726 3330 secutus
748 3287 827 3341 sum,
844 3265 897 3350 qui
918 3267 967 3329 καὶ
988 3268 1047 3329 οὔτ’
1064 3269 1103 3333 ὣς
1121 3266 1273 3350 reposuit,
1290 3273 1446 3350 notatque

401 3372 517 3435 habere
541 3369 708 3454 Boapamii
732 3368 946 3433 colonariam·
968 3369 1148 3451 aremphaeis
1169 3369 1264 3431 Leott.
1286 3369 1333 3431 καὶ
1355 3370 1446 3434 οὕτως

400 3475 617 3552 ὑψηλοφρονεῖ,
640 3469 845 3561 Niceplorum
868 3478 976 3532 autem
1001 3470 1049 3530 καὶ
1072 3471 1138 3532 οὔτε
1163 3469 1202 3534 ὡς
1224 3471 1445 3550 ὖψηλοφρονεῖ.

400 3572 559 3656 Scriptum
579 3570 716 3634 habetur
731 3570 763 3633 in
780 3572 873 3634 Meo
889 3569 988 3632 Saoil.
1004 3592 1059 3632 seu
1074 3569 1165 3633 Bodl.
1188 3572 1236 3633 καὶ
1257 3572 1348 3635 οὕτως
1367 3573 1446 3651 ὑψη-

400 3678 555 3754 λοφρονεῖ,
571 3681 666 3756 prout
682 3672 714 3741 in
728 3673 812 3735 codd.
830 3673 915 3736 Med.
934 3674 1021 3735 Mor.
1038 3672 1147 3735 Fusa.
1164 3671 1346 3756 recepitque
1366 3673 1443 3753 ὑψη.

402 3781 550 3855 λυφρονεῖ
563 3773 789 3838 Heiniohenus.

447 3877 529 3938 Ibid.
544 3875 564 3937 l.
576 3897 606 3959 3.
623 3875 828 3961 δονκηνάριος]
845 3876 894 3939 De
910 3875 1168 3960 procuratoribus
1183 3877 1361 3941 ducenariis
1376 3877 1446 3940 vide

401 3999 471 4062 quae
494 3976 620 4061 scripsit
641 3977 816 4040 Salmasius
838 3977 870 4039 in
893 3977 978 4042 notis
998 3978 1039 4040 ad
1060 3977 1238 4042 Historiam
1255 3981 1446 4064 Augustam.

402 4079 455 4143 Sio
476 4078 663 4142 dicebantur
684 4085 918 4162 procuratores,
942 4078 994 4162 qui
1017 4079 1156 4142 ducenta
1178 4080 1329 4143 sestertia
1350 4082 1447 4143 annui

402 4179 507 4242 salarii
529 4179 654 4242 nomine
676 4179 874 4262 accipiebant
895 4201 915 4242 a
937 4180 1089 4264 principe,
1110 4188 1146 4242 ut
1166 4179 1250 4242 clare
1272 4181 1366 4243 docet
1386 4180 1448 4243 Dio

403 4282 436 4344 in
450 4281 502 4346 lib.
517 4283 572 4346 liii.
588 4305 661 4368 pag.
676 4283 750 4366 506.
774 4282 941 4346 vinens.
987 4280 1160 4345 Ducenarii
1180 4281 1336 4364 principes
1356 4283 1449 4345 officii

404 4401 506 4461 eraut,
529 4392 565 4449 ut
587 4391 727 4449 testatur
750 4384 866 4448 Scotus
887 4387 955 4465 (De
979 4382 1160 4468 Insignibus
1184 4381 1446 4464 Magistratuum)

404 4486 452 4549 vel
473 4487 558 4570 apud
582 4485 765 4570 praelectum
790 4486 1013 4569 Augustalem,
1029 4484 1075 4547 vel
1098 4484 1184 4566 apud
1205 4481 1362 4547 Comitem
1380 4484 1449 4548 Ori-

407 4587 499 4666 entis,
528 4586 731 4653 (lanoellariis
761 4587 879 4650 nostris
909 4587 1034 4651 similes.
1096 4585 1271 4649 Habebunt
1308 4586 1367 4648 sub
1404 4607 1448 4659 se,

448 4711 512 4753 von.
529 4714 572 4755 111.
898 4711 919 4749 x
936 4712 957 4750 x
