3700 5667
588 1548 925 1645 ANDREAE
958 1548 1389 1645 GALLANDII

549 1822 990 1906 PROLEGOMENA
1015 1825 1094 1906 DE
1120 1824 1158 1905 S.
1181 1824 1437 1921 THEONA,

489 2087 532 2156 In
549 2097 648 2157 tomo
663 2086 709 2155 iv.
725 2083 950 2156 Bibliotheca
978 2084 1132 2157 Veterum
1149 2084 1311 2165 Petrum,
1328 2107 1408 2177 pag.
1428 2085 1501 2153 viii.

861 2363 1125 2398 ...Φ-

474 2559 695 2653 MAXIMO
730 2586 869 2653 ecclesias
905 2587 1132 2653 Alexandrinae
1166 2586 1315 2664 antistiti,
1346 2586 1400 2669 qui
1431 2606 1520 2649 anno

472 2689 570 2753 Probi
600 2687 802 2772 imperatoris
829 2688 952 2762 ultimo,
980 2689 1099 2755 Christi
1124 2711 1277 2752 ocnxxxu.
1308 2686 1452 2761 decessit,
1481 2698 1520 2750 ut

470 2797 647 2857 auctorest
663 2788 819 2853 Eusebius
834 2791 883 2871 (in
897 2790 1014 2855 Ohron.
1029 2792 1070 2855 ad
1092 2812 1166 2855 ann.
1183 2791 1388 2869 aucorem),
1404 2786 1519 2852 suffec-

470 2908 525 2959 tus
544 2901 594 2957 est
613 2893 771 2967 Turonas,
788 2893 842 2975 qui
864 2915 966 2957 annos
988 2893 1203 2958 novemdecim
1226 2894 1400 2958 ministerio
1420 2892 1519 2957 fuisse

471 2996 655 3082 perfunctus
680 2992 820 3057 traditur
841 2993 884 3057 ab
907 2995 1019 3058 eodem
1045 2996 1184 3060 Eusebio
1209 2996 1333 3059 tamin
1359 2993 1520 3059 Chronico

471 3119 566 3183 quam
581 3096 614 3158 in
630 3094 777 3158 Historia
794 3094 895 3175 (Hist.
912 3095 997 3160 Eccl.
1014 3096 1067 3160 lib.
1080 3097 1130 3160 vii.
1146 3097 1318 3181 capuit),
1334 3104 1370 3160 ut
1384 3096 1519 3180 proinde

470 3218 652 3285 supremum
669 3196 752 3259 diem
774 3196 888 3261 obierit
910 3219 994 3261 anno
1009 3221 1066 3261 wc.
1083 3206 1246 3262 currente:
1272 3196 1426 3281 siquidem
1440 3197 1518 3260 anni

472 3322 537 3363 mx.
553 3320 676 3363 menses
689 3298 814 3383 aliquos
834 3298 1005 3364 dumtaxat
1019 3299 1165 3384 attigisse
1181 3299 1354 3375 Theona-m,
1370 3320 1410 3361 ex
1424 3296 1519 3362 initio

470 3401 671 3488 episcopatus
697 3401 786 3465 Petri
811 3401 879 3484 ejus
904 3401 1093 3465 successoris
1119 3399 1300 3463 Dodwellus
1325 3406 1438 3484 aperte
1463 3398 1518 3462 de-

469 3511 628 3568 monstrat
643 3502 795 3584 (Dissert.
812 3502 892 3587 sing.
907 3504 948 3566 ad
965 3505 1072 3565 Pears.
1088 3524 1157 3586 cap.
1173 3501 1211 3563 vi.
1233 3506 1257 3579 ξ,
1274 3524 1327 3565 xx.
1347 3522 1420 3585 pag.
1436 3516 1452 3579 7
1457 3504 1519 3588 3.)‚

470 3604 600 3689 ejusque
620 3603 786 3667 sententiae
807 3603 1042 3667 Tillemontium
1065 3624 1190 3687 quoque
1210 3603 1374 3666 adhaerere
1393 3622 1517 3685 compe

469 3703 568 3767 rimus
584 3704 699 3786 (Me'm.
718 3703 802 3767 Ecel.
818 3711 895 3766 tom.
912 3704 953 3767 iv.
969 3712 1036 3768 not.
1055 3724 1082 3769 2.
1099 3726 1153 3767 sur
1168 3704 1202 3768 S.
1215 3703 1341 3766 Theon.
1358 3726 1388 3787 p.
1402 3706 1501 3785 771.).

514 3803 624 3866 Pauca
643 3809 718 3865 sunt
737 3804 909 3866 admodum
927 3826 949 3867 a
963 3804 1121 3868 veteribus
1142 3805 1182 3867 de
1198 3805 1335 3868 Theona
1355 3802 1517 3866 memoria

468 3901 606 3987 prodita.
653 3900 735 3964 Illud
757 3923 854 3964 unum
876 3901 1026 3965 discimus
1045 3924 1085 3966 ex
1106 3902 1245 3966 Eusebio
1266 3902 1369 3985 (Hist.
1392 3901 1477 3965 Eccl.
1494 3901 1515 3965 l.

467 4003 531 4087 o.):
555 4000 614 4066 sub
634 4002 702 4086 ejus
720 4002 867 4065 nimirum
882 4002 1034 4087 regimine
1049 4002 1192 4065 floruisse
1208 4001 1348 4065 Pieriam
1369 4003 1408 4065 ad
1429 4024 1517 4086 pres-

467 4101 583 4187 byterii
597 4102 749 4167 honorem
766 4117 918 4181 evectum,
936 4104 1027 4188 eique
1042 4103 1232 4168 Christianae
1248 4103 1321 4166 fidei
1340 4103 1516 4167 institutio

467 4222 541 4267 nem
554 4201 586 4267 in
605 4202 713 4267 schola
728 4202 950 4268 Alexandrina
963 4204 1059 4268 fuisse
1080 4204 1301 4279 commissam
1324 4203 1440 4289 quippe
1460 4205 1515 4288 qui

466 4302 658 4367 sublimioris
683 4303 890 4388 philosophia
918 4312 1017 4389 atque
1047 4304 1234 4389 evangelicae
1265 4304 1515 4369 conversationis

371 4476 375 4483 ,
465 4401 624 4466 sincerum
652 4404 821 4488 specimen,
846 4405 996 4489 operibus
1024 4406 1101 4490 ipsis
1130 4427 1196 4489 prae
1225 4406 1339 4469 ceteris
1368 4405 1516 4469 omnibus

466 4499 641 4567 exhiberet.
685 4504 833 4566 Ceterum
853 4503 993 4568 Theona
1013 4506 1207 4581 memoriam,
1223 4514 1260 4569 ut
1279 4528 1300 4570 a
1317 4506 1391 4569 viris
1411 4506 1515 4569 doctis
