3700 5667
475 668 524 731 IN
550 667 783 730 SYNODUM
809 667 1183 730 ANTIOCHENAM.
1285 669 1350 730 353

299 838 504 917 ἆισιδιδούσης
524 842 559 922 τῇ
579 837 665 922 ἑτέρᾳ
685 842 722 901 τὰ
743 841 802 902 ibeo
823 841 870 900 διὰ
892 837 947 916 τὴν
965 840 1016 914 τῆς
1036 836 1232 903 ὑποστάσεως
1247 840 1349 900 roumi-

298 965 382 1018 τητο,
399 941 447 1003 καὶ
462 940 515 1018 τὴν
531 943 572 1006 εἰς
588 942 709 1020 ἄλληλα
724 941 820 1005 αὐτῶν
834 940 1044 1022 περιχῶρησιο.
1069 943 1144 1004 κατὰ
1158 945 1245 1003 τοῦτο
1260 939 1347 1003 δυνά-

298 1045 375 1120 μεθα
390 1043 485 1105 εἰπεῖν
498 1044 566 1121 περὶ
581 1047 721 1122 Χριστοῦ,
734 1043 818 1108 οὗτος
833 1044 849 1104 6
865 1042 947 1107 Θεὸς
960 1041 1042 1120 ἡμῶν
1056 1041 1106 1104 ἐπὶ
1119 1044 1171 1119 τῆς
1184 1044 1239 1122 γῆς
1252 1041 1348 1122 ὧφθη,

301 1145 348 1206 καὶ
367 1150 429 1210 τοῖς
449 1145 615 1224 ἆνθρῶποις
630 1143 874 1224 συνονεστράφη,
891 1143 939 1206 καὶ
955 1145 971 1205 6
987 1144 1142 1223 ἅνθρωπος
1156 1143 1250 1216 οὗτος,
1267 1143 1346 1206 ἄκτι-

298 1248 368 1313 στός
387 1247 453 1309 ἐστι
474 1246 521 1309 καὶ
541 1245 664 1323 ἀπαθὴς,
681 1247 730 1309 καὶ
749 1247 977 1326 ἆσερίγροπτος.
1000 1243 1053 1307 iol.
1070 1245 1122 1309 66.
1138 1244 1215 1308 edit.
1233 1246 1347 1317 Veron,

297 1369 349 1410 nn.
372 1368 380 1409 ι
387 1364 463 1432 531.
495 1349 569 1431 Ipse
584 1368 659 1412 vero
680 1346 860 1411 Ehrliohius
879 1346 1041 1421 audiatur,
1057 1346 1146 1430 eujus
1162 1347 1258 1411 verba
1278 1348 1347 1413 haee

298 1455 373 1512 sunt
389 1449 417 1529 6.
429 1470 479 1510 xv.
495 1470 525 1532 p.
539 1448 589 1512 26.
606 1446 665 1511 etsi
678 1448 717 1512 de
729 1447 885 1512 dictorum
898 1454 1027 1532 petrum
1038 1469 1076 1511 eo
1091 1447 1181 1512 Pauli
1192 1447 1347 1534 opinioni·

299 1549 358 1613 bus
372 1572 423 1613 me
438 1571 543 1614 seeum
558 1549 807 1613 consentientem
824 1572 887 1613 non
902 1549 1010 1614 hebet.
1042 1559 1064 1588 ⁴⁴
1081 1551 1121 1613 In
1136 1551 1348 1636 explicatione

300 1659 320 1686 ‘⁸
335 1650 447 1714 horum
463 1652 629 1716 verborum
647 1651 701 1714 diu
723 1651 933 1735 multumque,
947 1652 1004 1716 sed
1020 1674 1083 1716 non
1098 1653 1177 1717 setis
1198 1653 1344 1724 feliciter.

298 1761 385 1817 “me
407 1755 589 1828 desudasse,
605 1753 740 1838 ingenue
761 1753 874 1819 fateor.
921 1755 962 1818 Id
985 1755 1069 1819 enim
1089 1756 1260 1821 venerandi
1281 1758 1346 1842 epi-

300 1867 319 1888 ‘'
335 1857 421 1941 soopi
439 1878 580 1921 asserere
595 1856 753 1932 videntur,
769 1857 854 1941 quod
871 1857 904 1921 in
923 1856 1067 1941 proxime
1084 1859 1346 1925 unteoedentibus

297 1966 319 1993 ‘⁸
335 1968 460 2042 negent.
516 1957 665 2021 Profecto
694 1980 758 2020 non
787 1957 942 2043 intelligo,
971 1980 1027 2021 eur
1057 1957 1145 2023 Deus
1173 1958 1205 2021 in
1235 1968 1346 2025 ventre

298 2067 319 2095 ‘⁶
336 2059 450 2123 Mariae
476 2060 662 2123 secundario
686 2068 813 2124 tuntum
836 2059 932 2124 fuisse
958 2059 1095 2137 dicatur,
1117 2081 1200 2137 oum,
1225 2068 1262 2125 ut
1284 2061 1344 2146 ipsi

296 2170 318 2199 ‘⁶
334 2162 515 2246 opinantur,
541 2163 721 2246 passionum
749 2161 965 2248 prinoipeliter
987 2162 1074 2226 haud
1100 2185 1213 2248 expers
1238 2163 1343 2228 fuerit.

300 2261 460 2328 “Deinde
484 2263 578 2327 modo
602 2263 690 2328 diets
713 2263 861 2348 loquendi
884 2263 979 2341 ratio,
998 2265 1040 2328 eb
1063 2263 1123 2328 illis
1146 2264 1300 2339 adhibite,
1323 2287 1344 2328 e

296 2375 315 2402 ‘⁴
332 2364 655 2431 Ssmosetenienismo
671 2389 709 2431 ne
721 2366 822 2431 lutum
834 2367 961 2450 quidem
974 2389 1110 2451 unguem
1122 2367 1233 2432 distat.
1263 2367 1343 2433 Cum

298 2468 416 2532 “enim
435 2468 603 2532 haeretious
622 2469 778 2543 docuerit,
796 2469 899 2533 Deum
916 2470 1056 2532 Verbum
1072 2491 1144 2533 oum
1158 2469 1294 2546 homine,
1310 2469 1342 2532 iu

296 2580 441 2635 “ventre
456 2571 585 2655 virginis
604 2572 708 2636 adhue
726 2571 858 2647 latente,
874 2572 1080 2656 oonjunetum
1095 2571 1201 2644 fuisse,
1217 2577 1255 2634 ut
1268 2593 1342 2635 mox

296 2673 475 2757 “pluribus
497 2674 712 2749 ostendemus,
733 2673 879 2749 efficitur,
894 2680 932 2738 ut
956 2674 1043 2738 Deus
1061 2673 1218 2747 Verbum,
1236 2694 1276 2736 ex
1296 2673 1341 2758 ip·

295 2783 314 2811 ‘⁶
331 2775 396 2840 sins
413 2775 504 2840 Penii
524 2776 693 2852 sententie,
710 2776 742 2840 in
758 2784 867 2841 ventre
891 2776 1008 2840 Mariis
1026 2775 1214 2841 secundario
1236 2776 1340 2840 fuerit.

295 2886 314 2914 “
329 2880 393 2943 Hie
418 2886 525 2942 tumen
555 2879 759 2943 difficultates
787 2880 923 2944 fortusse
953 2886 1155 2963 superentur,
1183 2879 1208 2942 si
1240 2879 1341 2964 primo

294 2991 313 3019 “
331 3003 556 3066 supponemus,
588 2981 807 3047 Antiochenos
837 2983 952 3046 verba:
989 2983 1072 3044 Deus
1100 2981 1278 3044 mundatio
1307 2981 1342 3044 ix

295 3092 314 3113 “
330 3092 430 3145 uentre
442 3092 517 3158 erat,
533 3105 573 3146 ex
589 3091 695 3147 mente
710 3083 910 3147 Sumosnteni
925 3083 1115 3168 protulisse;
1138 3082 1251 3146 deinde
1267 3102 1340 3145 vero

294 3191 314 3218 “
328 3190 516 3257 statuamus,
540 3184 729 3270 perticulam
755 3207 845 3270 nepta
869 3201 944 3249 ante
961 3187 1118 3268 sormones
1142 3193 1184 3248 est
1206 3185 1264 3247 ἀπὸ
1288 3189 1340 3247 τοῦ

292 3296 311 3317 “
327 3292 426 3349 κοινοῦ
447 3287 653 3372 supplendum
675 3310 753 3351 esse.
800 3286 879 3350 Inde
894 3287 945 3350 hio
969 3308 1079 3349 sensus
1102 3285 1262 3349 nuscitur:
1287 3307 1339 3348 ne

294 3395 313 3420 ‘⁶
328 3408 389 3471 que
411 3387 500 3451 Deus
524 3389 666 3452 Verbum
690 3388 882 3473 passionum,
904 3408 1006 3470 nequo
1029 3408 1143 3470 eorpus
1165 3385 1338 3449 humanum

294 3497 311 3526 ‘⁴
329 3511 459 3574 operum
474 3491 651 3554 divinornm
668 3489 886 3575 prinoipeliter
901 3510 1014 3574 expers
1031 3499 1121 3562 eret;
1145 3508 1246 3571 neque
1262 3487 1339 3550 illud

294 3600 314 3629 “
331 3592 457 3656 veritati
478 3601 736 3667 eonsentuneum,
755 3591 917 3655 Christum
938 3589 1096 3652 hominem
1119 3589 1233 3653 snltem
1254 3589 1338 3673 prin·

292 3703 315 3733 ‘⁴
330 3694 486 3780 cipuliter‚
511 3696 614 3759 Deum
640 3717 715 3758 vero
740 3693 925 3758 secundario
952 3692 984 3755 in
1009 3698 1121 3756 ventre
1146 3691 1251 3755 fuisse.
1298 3692 1338 3755 Id

293 3807 314 3835 ‘⁶
331 3797 414 3862 euim
434 3819 497 3882 quo
515 3798 618 3861 minus
638 3797 739 3861 Paulo
759 3796 979 3871 concedemus,
994 3793 1069 3858 unio
1090 3795 1224 3859 duarum
1244 3803 1337 3860 untu-

292 3909 310 3937 “
327 3921 434 3964 rerum
458 3900 678 3964 substantialis
704 3899 863 3985 prohibet.
916 3900 1025 3982 Atque
1050 3897 1118 3961 haee
1143 3897 1270 3982 quidem
1297 3920 1337 3962 ex

291 4011 312 4041 “
327 4011 434 4068 mente
457 4002 762 4067 Antiochenorum.’'
793 4004 875 4066 Haeo
890 4001 952 4065 ille.
993 4000 1116 4066 Notutu
1131 4001 1262 4086 dignum
1276 4009 1335 4078 est,

290 4105 351 4169 diei
374 4105 460 4170 istud
482 4125 502 4169 u
524 4105 679 4190 patribus,
705 4107 808 4168 Deum
833 4104 1076 4180 συνουσιομέοον
1095 4125 1164 4166 esso
1186 4123 1258 4166 oum
1280 4101 1336 4162 ho-

291 4207 385 4284 mine,
408 4208 492 4291 quod
514 4206 640 4291 quidem
663 4206 799 4270 Paulum
823 4227 963 4290 unquam
983 4205 1161 4268 confessum
1184 4225 1265 4278 esse,
1282 4203 1334 4266 vix

290 4307 448 4373 videbitur
463 4330 571 4372 verum
586 4307 658 4381 illis,
674 4307 727 4391 qui
741 4314 869 4372 attento
884 4307 991 4371 animo
1013 4304 1157 4389 superius
1179 4303 1335 4368 oolloostu

290 4411 569 4475 consideraverint.
615 4409 755 4475 Tametsi
781 4409 916 4474 forsitan
946 4406 1127 4473 ooouratius
1155 4405 1266 4470 scribit
1294 4406 1334 4470 de

290 4513 350 4577 hue
369 4535 403 4575 ro
422 4513 579 4577 disserens
602 4513 633 4576 S.
651 4512 785 4597 Gyrillus
807 4511 839 4576 in
858 4511 1000 4596 Episwlo
1022 4508 1175 4593 Sprtodioa
1197 4507 1331 4572 Aman-

289 4614 394 4692 dn'no,
405 4616 525 4682 ἐνοθεὶς
541 4616 629 4696 σαρκὶ
644 4616 708 4678 καθ’
723 4615 899 4678 ὑπόστασιν.
921 4617 951 4697 6.
963 4629 993 4697 5.
1010 4633 1068 4697 pro
1084 4611 1155 4685 isto,
1169 4635 1332 4674 συνουσιυ·

332 4722 401 4765 vor..
415 4723 457 4762 ιιι.
792 4721 810 4760 z
825 4720 842 4761 z
