3700 5667
589 669 774 734 CONCIL.'
798 669 1048 734 CARTHAG.
1066 669 1135 732 111.
1344 670 1388 740 99

339 841 416 906 nulli
436 840 556 905 homini
578 847 655 904 nato
677 838 925 904 misericordiam
940 838 1003 904 Dei
1017 846 1052 903 et
1072 839 1211 924 gratiam
1225 840 1386 926 denegan-

337 953 421 1016 dam.
465 950 554 1015 Nam
573 971 645 1014 cum
659 948 818 1013 Dominus
836 949 870 1012 in
889 948 1054 1034 evangelio
1070 971 1129 1015 suo
1143 949 1241 1029 dicat,
1256 952 1387 1017 snmus

338 1062 465 1127 tonat
492 1082 552 1126 coa
579 1062 660 1126 accit
687 1061 808 1125 caimos
832 1060 985 1125 hminum
1007 1061 1147 1146 podere,
1175 1062 1229 1126 sod
1254 1062 1385 1142 alvaro,

338 1180 494 1257 quantum
508 1172 541 1235 in
555 1172 647 1236 nobis
661 1179 723 1247 est,
739 1171 767 1234 si
781 1171 849 1235 fieri
870 1177 989 1255 potest,
1003 1171 1090 1235 nulla
1103 1171 1210 1236 anima
1224 1173 1387 1258 perdenda

310 1291 397 1366 5est.
444 1283 529 1365 Quid
547 1283 630 1347 onim
645 1283 674 1347 ei
692 1283 783 1347 deest
798 1282 852 1367 qui
874 1283 971 1347 semel
992 1283 1026 1347 in
1047 1290 1140 1347 utero
1154 1282 1215 1347 Dei
1238 1283 1386 1350 manibus

338 1394 495 1458 formatus
509 1396 579 1458 esti
622 1393 728 1458 Nobis
745 1393 829 1458 enim
844 1402 942 1477 atque
956 1392 1055 1458 oculis
1074 1393 1192 1457 nostris
1211 1394 1384 1459 secundum

338 1504 461 1568 dierum
480 1503 677 1568 saecularium
699 1526 826 1568 cursum
849 1505 992 1590 accipere
1015 1505 1068 1589 qui
1094 1505 1162 1569 nati
1186 1512 1261 1568 sunt
1285 1505 1387 1570 inore-

337 1623 481 1680 mentum
500 1615 657 1679 videntur.
701 1615 861 1679 Gaeterum
881 1636 1076 1700 quaecunque
1090 1636 1111 1678 a
1126 1615 1196 1679 Deo
1215 1616 1307 1690 liunt,
1323 1614 1386 1680 Dei

337 1726 468 1790 factoris
491 1726 659 1810 majestate
678 1733 713 1790 ct
732 1747 828 1811 opere
849 1726 992 1810 perfecta
1014 1732 1099 1789 sunt.
1145 1726 1226 1790 Esse
1249 1727 1386 1812 deniquo

293 1837 422 1920 roapud
444 1858 564 1912 omnes,
579 1835 644 1900 sive
662 1835 812 1914 infantes,
825 1835 890 1899 sive
910 1835 1047 1920 majores
1068 1845 1157 1911 natu,
1172 1855 1269 1898 unam
1288 1835 1387 1901 divini

336 1947 475 2010 muneris
488 1946 707 2031 aequalitatem
721 1946 863 2010 declarat
877 1945 969 2009 nobis
985 1945 1098 2009 divinae
1113 1944 1279 2030 scripturae
1294 1945 1384 2012 fides.

337 2057 523 2123 hHelisaeus
542 2080 638 2143 super
656 2057 810 2122 infantem
827 2057 930 2121 viduae
946 2056 1045 2120 filium
1060 2055 1114 2140 qui
1137 2063 1282 2120 mortuus
1299 2057 1386 2141 jace·

337 2168 457 2233 hatita
470 2191 504 2233 se
519 2168 622 2233 Deum
639 2170 812 2254 deprecans
833 2168 1045 2253 superstravit
1066 2174 1103 2232 ut
1118 2167 1216 2252 capiti
1234 2176 1332 2252 caput
1351 2175 1386 2234 et

337 2278 427 2343 laciei
456 2279 553 2344 facies
581 2279 806 2364 applicaretur,
836 2285 869 2344 ot
897 2276 1055 2364 superfusi
1079 2277 1212 2342 Helisaei
1240 2278 1385 2345 membra

290 2388 466 2474 issingulis
494 2389 616 2474 parvuli
644 2389 793 2453 membris
816 2396 850 2454 et
879 2389 976 2474 pedes
1004 2389 1137 2474 pedibus
1161 2389 1383 2474 jungerentur.

336 2499 415 2580 Quae
434 2521 486 2564 res
507 2500 534 2563 si
553 2500 726 2565 secundum
745 2499 925 2564 nativitatis
946 2506 1065 2563 nostrae
1089 2506 1124 2563 et
1145 2500 1287 2584 eorporis
1308 2499 1383 2566 inae-

335 2609 521 2694 qualitatem
537 2610 705 2695 cogitetur,
721 2610 831 2675 adulto
846 2616 880 2674 et
899 2617 1050 2694 provecto
1072 2608 1176 2673 infans
1194 2630 1259 2672 non
1275 2619 1386 2694 posset

315 2719 464 2804 ¹aequari,
489 2741 546 2784 nec
572 2721 731 2785 cohaerere
750 2727 784 2785 et
807 2719 951 2783 sufficere
972 2737 1103 2804 possent
1123 2741 1223 2804 parva
1241 2722 1386 2786 membra

334 2831 518 2915 majoribus.
563 2831 626 2896 Sed
646 2830 708 2895 illic
729 2831 896 2917 aequalitas
920 2830 1027 2894 divina
1049 2837 1083 2894 et
1107 2829 1259 2914 spiritalis
1282 2830 1385 2916 expri-

287 2942 442 3019 comitur,
472 2943 558 3027 quod
587 2964 681 3027 pares
709 2949 808 3026 atque
835 2943 975 3028 aequales
1000 2943 1065 3007 sint
1090 2964 1200 3006 omnes
1228 2942 1384 3022 homines,

335 3054 462 3138 qnando
484 3076 506 3119 a
523 3054 594 3118 Deo
615 3054 713 3118 semel
734 3053 812 3119 facti
835 3061 922 3131 sunt,
937 3061 971 3118 et
992 3054 1094 3139 possit
1115 3062 1197 3119 aetas
1218 3063 1331 3120 nostra
1352 3056 1384 3120 in

333 3163 536 3228 incrementis
564 3165 706 3250 eorporis
733 3166 906 3229 secundum
935 3164 1095 3242 saeculum,
1121 3187 1185 3229 non
1211 3167 1384 3231 secundum

335 3274 451 3352 Deum,
466 3273 585 3339 habere
598 3275 767 3340 discrimen
777 3301 786 3354 ;
809 3275 870 3338 nisi
893 3274 920 3339 si
940 3284 973 3339 et
994 3274 1101 3361 gratia
1120 3274 1199 3359 ipsa,
1215 3296 1286 3358 quae
1305 3275 1385 3360 bap-

334 3384 441 3448 tizatis
461 3385 566 3462 datur,
590 3407 648 3469 pro
667 3392 766 3450 aetate
785 3385 1008 3470 accipientium
1026 3385 1074 3448 vel
1093 3385 1198 3448 minor
1214 3384 1263 3448 vel
1281 3385 1385 3470 major

287 3495 496 3578 ascribatur,
525 3519 599 3560 cum
624 3496 754 3581 spiritus
781 3504 911 3560 sanctus
936 3497 1063 3559 nonde
1088 3516 1238 3559 mensura
1263 3496 1320 3559 sed
1343 3496 1384 3560 ds

333 3604 454 3690 pietate
476 3613 575 3691 atquc
595 3606 793 3691 indulgentia
815 3614 961 3691 paterna,
980 3603 1113 3689 aequalis
1132 3604 1278 3669 omnibus
1301 3626 1384 3691 pras·

333 3717 455 3781 beatur.
500 3717 601 3781 iNam
625 3717 713 3781 Deus
743 3724 780 3782 ut
808 3737 978 3803 personam
1003 3737 1068 3779 non
1096 3714 1221 3800 accipit,
1252 3715 1297 3779 sic
1323 3737 1383 3780 neo

332 3833 473 3902 aetatem,
490 3849 562 3891 cum
577 3849 611 3891 se
625 3828 771 3891 omnibus
786 3828 827 3891 ad
843 3826 979 3892 caelestis
997 3825 1112 3912 gratita
1128 3826 1383 3891 consecutionem

332 3938 516 4022 aequalitate
538 3937 655 4001 librato
676 3939 820 4022 praebeat
841 3945 976 4023 patrem.
1022 3938 1107 4000 Nam
1129 3945 1162 4000 et
1185 3938 1269 4021 quod
1287 3936 1384 4001 vesti·

281 4045 418 4130 gogium
440 4044 570 4110 infantis
591 4046 624 4109 in
644 4047 755 4130 primis
776 4054 888 4131 partus
908 4045 956 4109 sui
972 4044 1083 4110 diebus
1100 4045 1268 4109 constituti
1290 4066 1381 4108 mun·

237 4168 241 4172 ’
331 4156 408 4219 dum
430 4177 494 4220 non
520 4177 588 4220 esse
611 4155 733 4233 dixisti,
759 4155 845 4239 quod
870 4155 1084 4240 unusquisque
1109 4160 1253 4218 nostrum
1277 4153 1381 4218 adhuc

331 4267 463 4332 horreat
476 4267 662 4344 exosculari,
678 4289 736 4331 nee
758 4266 818 4330 hoo
833 4273 984 4351 putamus
1001 4266 1043 4328 nd
1066 4264 1224 4328 caelestem
1243 4263 1382 4348 gratiam

330 4377 472 4444 dandam
493 4377 720 4463 impedimento
742 4399 811 4442 esse
831 4385 989 4464 oportere.
1033 4375 1195 4459 Scriptum
1211 4380 1261 4439 est
1276 4373 1383 4439 enim:

461 4614 648 4679 clarein56.
765 4616 980 4678 theg.iv.34.
1103 4608 1253 4663 maluo.

851 4721 907 4769 02
