3700 5667
395 619 461 685 268
729 616 1108 681 ANNOTATIONES

395 783 598 863 recentiores,
613 783 748 850 alteram
762 804 828 867 prae
843 804 877 846 se
891 781 1059 846 lectionem
1073 781 1238 853 serebaut3
1262 801 1364 866 neque
1380 802 1449 852 non

396 886 557 957 eonsentit
581 885 614 955 in
639 885 699 961 bac
725 905 760 947 re
787 884 887 947 codex
914 883 1055 956 Graecus,
1083 903 1177 966 quem
1204 881 1319 945 Latine
1344 883 1449 957 vertit

398 987 577 1051 Gentianus
593 988 766 1050 Hervetus.
804 984 931 1047 Prodiit
945 992 1053 1049 autem
1069 983 1204 1049 Herveti
1219 982 1448 1066 interpretatio

396 1111 460 1159 non
483 1094 610 1158 tantum
633 1108 770 1151 canones
793 1087 959 1150 continens
981 1085 1208 1170 Apostolorum
1231 1092 1266 1149 et
1286 1085 1445 1150 Concilio·

395 1211 467 1266 ¹rum
482 1189 640 1253 vetustiss.
655 1189 712 1252 sed
731 1195 766 1252 et
785 1186 949 1271 Epistulas
966 1186 1103 1250 Patrum
1121 1185 1350 1258 commentario
1366 1185 1445 1251 Bal,-

395 1291 534 1359 samonis
553 1290 663 1354 itidem
682 1289 815 1366 cinctas,
835 1310 920 1366 anuo
938 1292 1029 1372 1561.
1046 1288 1179 1361 Parisiis
1202 1295 1279 1358 ante
1297 1288 1446 1361 Ganoues

396 1394 508 1471 Graece
523 1391 637 1470 editos.
965 1378 969 1385 ’

812 1592 967 1658 OANON
990 1593 1021 1654 l.

443 1796 481 1860 P.
498 1815 515 1860 α
517 1797 570 1881 56.
588 1796 610 1858 l.
632 1815 680 1862 ια.
704 1796 751 1859 Oi
768 1798 806 1858 rb
822 1796 980 1876 βρώματα]
1003 1796 1043 1857 ln
1063 1794 1170 1858 codice
1188 1793 1446 1859 Amerbachlano

395 1899 539 1972 adhunc
561 1919 714 1961 canonem
731 1897 800 1961 haee
817 1898 1036 1971 observentur,
1060 1900 1229 1975 Σημείωσαι
1250 1898 1304 1976 τὴν
1327 1921 1443 1959 κανονι-

397 2001 452 2080 κὴν
468 2000 629 2077 ἐπιστολὴν
648 2001 765 2076 ταύτην,
782 2001 830 2062 aa
847 1999 915 2064 τοὺς
932 1997 1217 2079 μιαροφαγήσανταε
1236 2000 1271 2061 ἐν
1291 2000 1445 2080 αἶχραλω·

397 2105 459 2187 rip,
476 2104 524 2166 καὶ
541 2103 581 2181 μὴ
598 2103 752 2183 φαγόντας
773 2103 963 2164 εἰδωλόθυτα.
989 2099 1080 2166 Ἴσως
1100 2103 1158 2181 γὰρ
1181 2102 1264 2178 εἴπῃς
1286 2100 1363 2163 εἶναι
1384 2103 1447 2162 δια-

396 2205 497 2284 φορὰν
521 2204 723 2273 εἰδωλοθύτων
746 2201 793 2275 καὶ
816 2204 920 2278 ἄλλων
941 2199 1107 2282 βρωμάτων
1129 2201 1186 2264 ὑπὸ
1209 2207 1269 2264 τῶν
1293 2203 1446 2282 αἱρετικῶν

397 2302 667 2384 βεβρωσκομένων.
700 2303 839 2379 ὡσαύτως
864 2304 1029 2380 mpetum
1055 2303 1108 2385 τὴν
1134 2302 1298 2381 ἐπιστολὴν
1322 2304 1371 2364 διὰ
1393 2303 1447 2366 τὰς

399 2406 497 2468 ἑκοντὶ
512 2403 735 2482 σνναττορένας
750 2410 812 2468 τοῖς
825 2401 1014 2484 Ἀγαρηνοῖς·
1035 2403 1099 2467 καθ’
1116 2407 1244 2483 εκάστην
1259 2406 1317 2484 γορ
1331 2404 1447 2484 γίνεται

395 2512 482 2578 τοῦτο
504 2509 545 2573 εἷς
563 2508 616 2572 τὰς
634 2512 693 2578 τῶν
710 2507 849 2587 Τούρκων
867 2505 1018 2584 προνοίας,
1037 2506 1085 2579 καὶ
1104 2508 1145 2571 εἷς
1167 2506 1225 2588 τὴν
1245 2505 1347 2586 χώραν
1362 2501 1445 2582 Ἰβη-

396 2608 469 2693 pias.
515 2607 601 2670 Nata
623 2606 700 2670 lanc
725 2606 901 2669 coactricem
926 2606 1081 2690 aristolam
1099 2615 1227 2690 prepter
1251 2627 1308 2679 aaa,
1331 2605 1385 2689 qui
1409 2604 1447 2666 ia

394 2708 572 2792 captivitate
593 2708 782 2771 cotradorum
796 2705 929 2790 polluta,
943 2717 971 2770 ct
989 2707 1153 2790 idolothyta
1170 2728 1229 2769 ma
1246 2706 1446 2769 omnademmt.

394 2809 529 2892 Aliquid
546 2810 625 2872 mim
644 2808 831 2872 discriminis
842 2808 981 2890 forsitam
1000 2808 1081 2871 dicas
1099 2829 1156 2872 caca
1173 2809 1253 2871 later
1269 2806 1445 2888 idolothyta,

392 2915 420 2975 at
445 2907 522 2970 alios
548 2907 625 2971 cibos
650 2907 688 2970 al
713 2907 861 2972 laeraticie
886 2928 1016 2970 mmmm.
1061 2909 1176 2971 Itidem
1196 2918 1267 2972 uota
1290 2906 1447 2992 epistelam

388 3015 596 3088 propalarem,
618 3027 686 3090 quea
707 3006 857 3090 Aparmis
880 3015 981 3089 specte
1003 3007 1232 3092 conjaaqmrtar.
1276 3007 1343 3069 Hoc
1365 3006 1447 3068 atim

392 3095 431 3176 'ia
456 3106 627 3171 Parcarum
641 3107 813 3192 prouinciis
832 3105 989 3178 etllcrioe
1004 3110 1121 3193 rapiam
1139 3109 1237 3179 india
1248 3109 1374 3194 faama
1392 3117 1445 3177 ert.

397 3205 605 3276 Brvnunalus.

441 3307 524 3374 Ibid.
550 3310 610 3392 ἰερὲ
635 3308 732 3394 adra]
760 3309 812 3373 Sic
839 3312 899 3391 ἱερέ
924 3311 966 3374 ad
988 3333 1086 3374 unum
1115 3333 1223 3374 omnes
1252 3312 1337 3375 codd.
1361 3311 1446 3374 Bad-

393 3409 491 3474 ieiuni
512 3419 611 3495 atque
635 3411 683 3474 ed.
700 3412 861 3497 princepe,
881 3414 958 3476 dum
982 3423 1086 3477 cetcrca
1110 3415 1258 3493 ἱερώτατε,
1280 3413 1339 3476 nisi
1359 3413 1446 3496 quod

394 3522 494 3576 sancta
516 3513 613 3581 vertit
635 3511 797 3578 Hervetus
821 3515 969 3578 Graecum
992 3515 1132 3578 codicem
1157 3536 1260 3590 suum,
1282 3515 1316 3577 ni
1339 3514 1445 3592 fallor,

395 3622 531 3677 secutus.
577 3613 671 3687 Πάπα
685 3637 759 3678 vero
774 3636 831 3699 pro
847 3617 955 3679 πάππα
968 3638 986 3679 ο
1001 3615 1088 3679 libris
1101 3617 1222 3700 scriptis
1236 3620 1333 3700 atque
1353 3616 1446 3680 adalia

398 3714 544 3780 Otacilia
562 3715 697 3798 reposui.
743 3716 792 3778 De
808 3737 882 3778 voce
900 3716 985 3780 πάπα
1004 3739 1100 3800 supra
1115 3740 1145 3801 p.
1162 3734 1236 3802 235.
1281 3719 1366 3781 Dum
1387 3739 1444 3781 au-

396 3820 462 3877 tem
495 3814 674 3897 nuperrime
708 3815 811 3879 Graeci
844 3816 875 3878 in
908 3819 1170 3882 annotationibus
1205 3820 1248 3883 ad
1274 3819 1444 3882 Pedalium

396 3935 499 3989 suum,
517 3914 592 3990 sive,
609 3913 773 3979 (lenonum
792 3915 959 4000 Synopsin,
977 3926 1134 3993 statuunt,
1150 3921 1270 4005 scripta
1286 3921 1354 3985 haec
1371 3943 1392 3984 a
1408 3921 1442 3984 S.

397 4015 552 4100 Gregorio
567 4015 663 4079 fuisse
682 4019 724 4081 ad
740 4018 929 4102 Dionysium
948 4029 1005 4086 aut
1025 4024 1066 4087 ad
1089 4046 1300 4088 successorem
1320 4024 1387 4108 ejus
1410 4024 1444 4086 in

396 4117 471 4180 sede
486 4116 707 4181 Alexandrina
720 4119 908 4197 Maximum,
919 4122 951 4186 id
966 4124 1087 4207 opinati
1103 4147 1172 4189 esse
1187 4127 1335 4189 videntur
1349 4146 1444 4210 prop·

393 4223 486 4280 terea
507 4218 592 4300 quod
610 4227 722 4302 postea
736 4242 833 4304 ρορω
856 4224 971 4307 saepius
989 4248 1085 4308 quam
1102 4227 1156 4289 alii
1176 4228 1261 4311 apud
1278 4227 1443 4292 Orientem

394 4317 546 4401 praesules
569 4319 805 4403 appellarentur
820 4324 922 4408 ¹hujus
946 4327 1029 4390 sedis
1052 4328 1200 4413 episcopi,
1224 4331 1308 4414 quod
1333 4339 1443 4394 tamen

394 4439 510 4482 nomeu
533 4421 678 4485 omuibus
700 4423 862 4510 episcopis,
878 4434 915 4491 ut
938 4429 1015 4504 dixi,
1035 4430 1120 4493 hisee
1142 4430 1339 4515 temporibus
1358 4453 1443 4496 com·

395 4540 491 4595 mune
512 4522 583 4600 tuit.
624 4523 736 4589 Habet
760 4528 928 4604 Pedalium
951 4531 1035 4607 πᾴπα
1056 4554 1120 4595 non
1142 4532 1257 4606 πάππα,
1279 4535 1335 4598 sed
1357 4533 1442 4598 idem
