3700 5667
392 645 435 705 44
736 631 1090 701 ANNOTATIONES

395 811 551 875 Baronius
573 808 699 893 collegit
723 805 858 869 Romani
882 816 952 869 tum
973 802 1113 888 episcopi
1138 801 1269 867 titulum
1289 800 1386 864 luisse
1408 811 1443 864 ut

393 915 610 977 nominaretur
647 910 855 974 sanctissima
891 907 1057 971 catholicae
1093 903 1233 969 ecclesia
1270 902 1443 988 episcopus,

392 1016 535 1099 adeoque
562 1035 659 1077 unum
683 1012 875 1097 episcopum,
899 1011 933 1073 id
963 1018 1013 1074 est
1041 1008 1229 1083 Romanum,
1256 1004 1289 1066 in
1315 1001 1445 1067 ecclesia

393 1141 462 1181 esse
484 1118 610 1180 debere.
657 1114 689 1178 V
692 1136 780 1178 emm
803 1113 939 1176 hicnon
962 1119 1008 1176 est
1034 1132 1127 1173 verus
1148 1128 1259 1172 sensus
1278 1106 1445 1169 verborum

395 1220 546 1304 Cypriani
564 1217 742 1300 (Cornelii).
791 1215 876 1279 lllud
898 1216 1030 1279 tantum
1045 1212 1125 1288 vult,
1141 1219 1178 1275 ut
1192 1210 1276 1274 sicut
1290 1208 1447 1273 credimus

399 1342 496 1384 uuum
518 1319 689 1391 Christum,
707 1338 805 1380 unum
822 1316 976 1400 Spiritum
996 1323 1153 1390 sanctum,
1174 1313 1222 1377 ita
1243 1312 1374 1376 credere
1395 1311 1446 1374 de-

394 1422 504 1484 bemus
537 1440 634 1482 unum
664 1419 846 1502 episcopum
877 1419 1005 1482 tantum
1032 1416 1064 1479 in
1090 1436 1280 1499 unaquaque
1305 1411 1447 1488 ecclesia

395 1545 465 1586 cum
482 1522 525 1586 sit
547 1521 749 1605 episcopatus
770 1543 851 1583 unus
865 1527 899 1583 et
919 1518 1072 1582 indivisus
1091 1518 1311 1603 episcoporum
1333 1517 1447 1579 multo·

394 1646 464 1686 rum
495 1623 642 1686 concordi
674 1623 902 1687 numerositate
932 1621 1073 1693 diffusus,
1097 1620 1187 1704 cujus
1213 1641 1234 1683 a
1258 1618 1392 1704 singulis
1415 1617 1447 1681 in

395 1726 529 1789 solidum
547 1747 621 1810 pars
636 1733 773 1801 tenetur,
791 1733 828 1789 ut
849 1725 900 1788 ille
916 1725 962 1787 ait
977 1725 1009 1787 in
1025 1723 1172 1809 Epistola
1189 1722 1230 1786 lii.
1252 1744 1325 1807 pag.
1344 1739 1395 1806 73.
1414 1734 1447 1786 et

394 1829 425 1891 in
441 1828 522 1891 libro
537 1828 577 1891 de
593 1827 729 1892 Unitate
745 1828 896 1892 Ecclesiae
911 1849 984 1911 pag.
1000 1847 1035 1907 ¹9
1037 1846 1068 1909 5.
1114 1825 1198 1888 Vide
1213 1832 1308 1889 notas
1322 1831 1449 1888 nostras

395 1932 435 1996 ad
452 1931 566 1994 librum
582 1930 747 2013 Agebardi
764 1931 804 1993 dc
825 1929 989 2014 privilegio
1003 1937 1036 1993 et
1055 1931 1127 2012 jure
1146 1928 1316 1992 sacerdotii
1331 1949 1401 2013 cap.
1420 1946 1448 1993 2.

398 2030 567 2094 Banuzrus.
628 2030 731 2092 Porro
768 2029 886 2112 optime
915 2027 1138 2111 verissimeque
1167 2027 1214 2090 vir
1248 2025 1449 2090 doctissimus

397 2132 493 2195 Joan.
520 2132 700 2208 Forbesius‚
723 2133 867 2195 liutrecct.
885 2130 1156 2194 Historiae-Ticeol.
1179 2129 1232 2193 lib.
1248 2128 1312 2192 xvi.
1334 2151 1404 2213 cap.
1418 2147 1448 2213 3.

398 2235 428 2315 ξ.
442 2254 496 2312 40.
513 2233 580 2296 heac
597 2233 726 2304 scribit;
753 2241 772 2267 ‘⁶
783 2232 860 2295 Nou
882 2232 968 2296 aliud
985 2232 1090 2294 dicere
1105 2232 1275 2296 intendunt
1291 2231 1448 2295 confesso·

397 2345 489 2409 “rea
510 2334 568 2396 nisi
590 2335 670 2397 hanc
691 2356 760 2397 esse
780 2335 882 2418 legem
898 2333 1072 2399 catholica
1094 2334 1255 2409 Ecclesiae,
1271 2341 1309 2397 ut
1332 2333 1364 2396 in
1388 2353 1451 2395 una

399 2445 418 2471 ‘⁶
434 2436 564 2499 civitate
590 2458 653 2499 uon
680 2437 722 2501 sit
750 2436 809 2499 nisi
840 2459 920 2499 uuus
945 2436 1132 2520 Episcopus.
1180 2434 1316 2499 Veteres
1342 2432 1451 2519 phrasi

398 2539 556 2602 “saeculis
583 2538 642 2601 illis
673 2539 829 2611 familiari,
861 2539 1035 2603 Ecclesiam
1059 2539 1234 2624 quamlibet
1260 2537 1451 2623 peculiarem

400 2637 650 2700 “orthodoxam
679 2638 836 2701 vocabant
868 2638 1042 2701 Ecclesiam
1079 2637 1289 2712 Catholicam,
1320 2636 1451 2720 ejusque

400 2752 418 2776 “
437 2740 627 2824 Episcopum
643 2740 869 2824 indigitabant,
886 2741 1061 2805 Catholicae
1079 2740 1229 2804 Ecclesiae
1246 2739 1451 2826 Episcopum,

400 2850 419 2876 ⁸³
436 2851 471 2904 ut
487 2842 630 2925 cxcrnpla
646 2843 788 2926 superius
804 2843 911 2919 allata,
929 2852 962 2907 et
977 2844 1040 2907 alia
1057 2844 1155 2909 multa
1171 2841 1367 2907 declarant.”
1400 2839 1453 2904 Sic

403 2943 582 3007 Forbesius.
611 2947 720 3007 Unum
730 2947 769 3008 de
779 2947 929 3031 exemplis
939 2947 1003 3010 suis
1015 2955 1194 3031 sumpserat
1204 2945 1255 3009 ille
1266 2943 1453 3029 epristola

401 3047 565 3129 epicadios,
585 3070 655 3130 quie
678 3048 761 3112 int'ra
781 3049 936 3114 collocata
955 3059 1013 3125 est,
1036 3049 1295 3123 Antiocheaorum,
1320 3068 1453 3130 quaeque

402 3157 493 3212 extat
515 3150 599 3234 apud
622 3150 736 3214 Euseb.
756 3151 809 3214 lib.
826 3152 877 3215 vii.
894 3153 977 3216 Hier.
994 3176 1021 3217 c.
1037 3173 1089 3238 30,
1114 3150 1369 3232 Ἦναγκόσθημειι
1389 3150 1452 3222 οὖν,

402 3252 707 3334 inquiunt-&mcv
734 3252 795 3315 ἀντ’
822 3255 911 3316 αὐτοῦ
939 3256 985 3337 (h.
1002 3278 1030 3318 e.
1058 3255 1126 3318 loco
1154 3252 1246 3315 Pauli
1270 3251 1454 3317 Antiochiae

402 3353 554 3439 episcopi)
570 3356 603 3433 τῇ
621 3360 761 3432 redolens]
779 3357 921 3440 ἐκκλησίᾳ
938 3362 1122 3434 καταστῆσαι
1138 3355 1313 3418 ἐπίσκοπον.

447 3457 483 3519 P.
500 3479 547 3539 ¹9·
564 3457 583 3519 l.
602 3477 648 3519 10.
673 3456 704 3519 in
720 3456 876 3520 catholica
887 3459 1031 3542 ecclesia]
1048 3459 1079 3521 id
1092 3457 1304 3521 estRomaua.
1331 3455 1455 3517 Voxcc»

402 3560 491 3623 eleeto
507 3560 597 3623 deest
612 3559 644 3621 in
660 3559 762 3622 tribus
779 3562 913 3624 vetustis
929 3562 1170 3646 exemplaribus,
1206 3559 1332 3622 Notum
1347 3566 1454 3621 autem

403 3670 452 3724 eet
468 3669 590 3724 veteres
604 3684 688 3744 saepe
704 3662 751 3725 ita
766 3663 950 3746 simpliciter
965 3665 1087 3728 locutos
1103 3686 1171 3727 esse
1186 3684 1257 3725 curu
1269 3662 1309 3724 de
1323 3659 1455 3724 ecclesia

403 3758 1456 3844 catholicalcqucrcnturutomitterentuomenecclesiae,nimiri1m

405 3865 479 3949 quia
494 3887 553 3926 vox
570 3864 715 3927 cotltolioo
736 3865 932 3949 importabat
951 3869 1125 3933 ecclesiam.
1172 3869 1222 3932 Ea
1237 3867 1353 3952 quippe
1368 3871 1457 3929 scota

403 3991 474 4051 quae
498 3990 561 4030 uon
585 3976 634 4031 est
658 3969 814 4034 catholica
837 3983 972 4036 nonest
995 3973 1136 4045 ecclesia,
1154 3994 1226 4036 cum
1248 3972 1290 4035 sit
1312 3970 1400 4046 loris,
1424 3969 1457 4032 id

403 4079 452 4135 est
468 4086 560 4135 extra
575 4072 747 4150 ecclesiam,
761 4082 797 4137 ut
813 4098 896 4159 saepe
911 4076 998 4160 loqui
1013 4085 1102 4140 amat
1115 4074 1331 4139 sanctissimus
1345 4081 1459 4137 auctor

404 4184 514 4239 noster
542 4176 758 4261 (Cyprianus).
809 4179 885 4242 Vide
911 4179 1113 4258 Quesuellum
1139 4179 1181 4242 ad
1207 4177 1385 4262 Epistolam
1406 4178 1457 4242 26.

404 4278 505 4341 sancti
530 4278 643 4341 Leoriis
668 4289 701 4342 et
726 4288 819 4343 notas
841 4288 968 4343 nostras
992 4282 1034 4344 ad
1059 4281 1315 4345 dissertationem
1335 4280 1459 4341 Marcae

405 4381 444 4443 dc
470 4380 605 4463 epistola
630 4382 728 4466 Papae
758 4381 875 4465 Vigilii.
900 4382 1068 4445 Bunuzms.
1116 4383 1289 4467 Exemplar
1312 4381 1400 4446 Oolb.
1424 4379 1460 4442 ia

404 4483 550 4546 catholiea
572 4505 639 4558 osee,
656 4485 772 4547 omisso
788 4485 883 4547 verbo
902 4486 1035 4561 ecclesio,
1053 4486 1136 4570 quod
1160 4493 1193 4548 et
1215 4486 1248 4547 in
1264 4485 1358 4547 Corb.
1381 4504 1460 4545 non-

406 4585 464 4649 nisi
487 4585 632 4649 secundis
654 4586 736 4648 curis
755 4586 915 4671 adjectum
932 4596 990 4652 est.
1037 4586 1099 4650 Sed
1124 4608 1225 4675 neque
1247 4585 1386 4671 antiquis
1408 4584 1456 4648 in·
