3700 5667
389 670 453 740 496
688 665 938 744 RELIQUIAE
965 663 1143 728 SACRAE.

451 892 499 955 Do
513 891 611 955 eodem
629 892 727 974 Opere
742 887 804 952 όαο
819 888 961 952 Socrates
975 885 1028 950 lib.
1046 884 1089 949 iii.
1107 884 1189 950 Hier.
1205 882 1298 949 Ecct.
1318 907 1349 949 c.
1368 902 1400 967 7.

432 1043 592 1126 Ὠριγένης
618 1043 650 1105 δέ
676 1044 829 1120 πανταχοῦ
856 1040 913 1117 μὲν
936 1040 1051 1104 ἐντοῖς
1076 1034 1257 1118 φερομένοις
1282 1037 1383 1101 αὐτοῦ
1407 1046 1459 1118 βι·

391 1156 500 1233 βλίοις,
526 1153 666 1234 ἔμψυχον
688 1150 742 1212 τὸν
766 1146 1039 1228 ἐνανθροιπήσαντα
1060 1147 1137 1228 (scil.
1156 1148 1334 1225 Christum)
1361 1146 1458 1212 οἶδεν·

393 1268 488 1331 ίδικῶς
507 1265 582 1334 ὃέ,ό
605 1264 646 1328 είς
666 1260 719 1339 τὴν
735 1258 860 1322 Γένεσιν
880 1258 959 1341 αύτῷ
973 1255 1179 1337 πεπονημένος
1197 1255 1330 1325 ἐννατος
1352 1261 1456 1339 τόμος,

392 1376 426 1438 τὸ
450 1375 517 1455 περὶ
542 1375 647 1437 τούτου
672 1369 833 1452 μυστήριον
858 1367 1064 1450 ἐφανέρωσεν,
1088 1367 1163 1432 ἔνθα
1183 1364 1284 1448 Ἀδὰμ
1310 1372 1374 1450 μὲν
1400 1369 1458 1433 τόν
1484 1394 1499 1453 5

394 1484 534 1566 Χριστὸν,
547 1485 629 1548 Εύαν
644 1484 676 1545 δέ
692 1482 745 1561 τὴν
761 1482 923 1559 ἐκκλησίαν
939 1480 1015 1545 εἶναι
1030 1482 1216 1561 πλατύτερον
1229 1483 1454 1547 κατεσκεύασε

392 1596 536 1677 μόρτνρες
558 1593 669 1657 τούτων
694 1592 873 1671 ἀξιόπιστοι,
894 1594 912 1655 ό
934 1617 966 1655 τε
994 1591 1070 1673 ἱερὸς
1096 1591 1269 1673 Πάμφιλος,
1297 1594 1350 1656 καὶ
1378 1596 1395 1657 ό
1422 1597 1455 1673 ἐξ

394 1708 484 1770 αὐτοῦ
504 1708 688 1789 χρηματίζων
712 1702 871 1783 Εὐσέβιος·
898 1705 987 1785 ἄμφω
1009 1705 1068 1785 γῖιρ
1090 1707 1173 1783 κοινῇ
1196 1702 1252 1768 τὸν
1266 1702 1456 1786 Ὠριγένονς

394 1816 622 1897 παρατιθέμενοι
640 1816 723 1895 βίον,
739 1815 786 1877 καὶ
806 1815 880 1896 πρὸς
898 1814 967 1880 τοὺς
988 1814 1020 1877 ἐκ
1038 1812 1220 1895 προλήψεως
1234 1815 1454 1897 ἀπεχθανομέ-

395 1955 462 1995 νους
480 1928 554 2011 πρὸς
571 1928 624 1992 τὸν
644 1928 738 2008 ἄνδρα
756 1929 954 2002 ἀπαντῶντες,
970 1926 1100 2003 ἐνδόξοις
1116 1925 1259 2003 βιβλίοις
1275 1925 1455 2008 ἀπολογίαν
1466 1948 1498 1987 ιο

393 2041 467 2120 ὑπέρ
492 2040 581 2102 αὐτοῦ
603 2039 784 2116 ποιούμενοι,
807 2037 842 2099 οὐ
866 2042 983 2117 πρῶτον
1003 2035 1166 2116 Ὠριγένην
1189 2035 1239 2098 ἐπὶ
1260 2036 1376 2115 ταύτην
1398 2037 1455 2114 τὴν

395 2150 599 2231 πραγματείαν
621 2150 723 2211 ἐλθεῖν
741 2148 850 2229 φασὶν,
867 2147 950 2209 ἀλλὰ
973 2144 1027 2223 τὴν
1049 2147 1100 2222 τῆς
1120 2144 1281 2222 ἐκκλησίας
1302 2145 1455 2225 μυστικὴν

397 2263 575 2341 ἑρμηνεῦσαι
589 2259 769 2341 παράδοσιν.

738 2448 898 2525 Ιιιίονρνοίε
915 2444 957 2503 11.
978 2444 1098 2504 Valerio.

427 2583 557 2654 Origenes
570 2600 676 2655 quoque
684 2582 712 2636 in
725 2582 851 2636 omnibus
863 2583 894 2634 li·
946 2582 1037 2635 abillo
1050 2599 1199 2664 cognomen
1212 2581 1293 2635 traxit
1303 2581 1452 2645 Eusebius,
1466 2590 1495 2651 15

396 2654 452 2708 bris
467 2654 523 2707 suis
538 2652 677 2707 Christum
690 2652 827 2706 hominem
840 2652 894 2705 fac·
946 2651 1035 2706 Ambo
1047 2670 1118 2705 enim
1133 2670 1195 2705 cum
1212 2650 1294 2705 simul
1307 2652 1401 2722 juncti
1413 2653 1454 2705 vi·

396 2736 455 2777 tum
467 2723 555 2777 anima
567 2723 708 2792 praeditum
725 2741 782 2776 esse
798 2740 895 2792 agnos·
946 2732 1000 2776 tam
1017 2723 1141 2792 Origenis
1157 2722 1369 2785 conscriberent,
1381 2731 1408 2776 et
1421 2723 1453 2776 iis

397 2795 440 2847 cit.
471 2793 525 2846 Sed
539 2793 724 2863 specialiterin
738 2811 809 2846 nono
822 2803 896 2846 tomo
947 2793 993 2864 qui
1012 2811 1044 2846 ex
1063 2791 1205 2862 anticipata
1222 2791 1342 2862 quadem
1365 2793 1453 2863 opini-

396 2864 648 2917 commentariorum
664 2880 731 2943 quos
748 2865 854 2932 scripsit
868 2863 896 2915 in
946 2880 998 2916 one
1012 2881 1074 2917 eum
1089 2861 1287 2923 aversabantur,
1303 2862 1453 2933 responde·

397 2933 532 2995 Genesim,
547 2933 627 3002 hujus
647 2950 683 2985 rei
702 2942 896 2986 sacramentum
947 2942 1006 2987 rent
1022 2934 1049 2987 in
1065 2932 1197 3002 praeclaris
1213 2932 1266 2985 illis
1281 2930 1370 2996 libris,
1383 2951 1453 3005 quos
1463 2944 1497 2981 20

397 3003 522 3072 exponit:
542 3020 595 3072 quo
611 3004 669 3055 loco
684 3001 819 3055 Adamum
837 3004 895 3074 qui·
947 3021 996 3074 pro
1008 3004 1065 3073 ejus
1079 3002 1231 3056 defensione
1245 3001 1453 3067 elucubrsnmt,

397 3072 459 3125 dem
478 3071 587 3135 Christi,
604 3071 690 3124 Evam
707 3081 796 3124 autem
814 3075 896 3126 eccle·
948 3074 1093 3144 Origenem
1105 3090 1159 3126 non
1172 3072 1291 3141 primum
1299 3071 1332 3126 in
1345 3073 1397 3127 hoc
1411 3091 1453 3127 nr·

398 3142 443 3196 siae
461 3152 556 3224 typum
571 3159 660 3213 gerere
674 3141 796 3223 pluribus
809 3142 896 3197 verbis
946 3141 1396 3214 gumentoversetumessedicunt,
1405 3142 1453 3198 sed

397 3222 518 3267 asseruit.
544 3212 634 3267 Hu'us
645 3229 682 3266 rer
690 3221 771 3266 testes
784 3223 848 3267 sunt
856 3215 896 3267 lo·
947 3214 1086 3285 mysticam
1123 3213 1240 3267 ecclesiae
1277 3212 1454 3268 traditionem

398 3285 571 3355 cupietissimi
587 3232 616 3338 G.
631 3283 795 3355 Pamphilus,
808 3293 834 3338 et
850 3286 896 3357 qui
946 3303 1004 3338 esse
1021 3285 1230 3354 interpretatum.
1466 3280 1497 3340 ²5

468 3655 518 3717 Dc
533 3653 632 3717 eodem
650 3655 744 3737 Opere
757 3652 838 3715 idem
853 3651 990 3714 Socrotos
1004 3651 1057 3714 lib.
1073 3651 1110 3713 iv.
1131 3649 1216 3713 Hist.
1235 3668 1304 3733 cop.
1325 3667 1379 3731 27.

444 3802 600 3880 Μέμνηται
623 3805 655 3865 δέ
678 3805 767 3866 αύτοῦ
790 3807 839 3883 (S.
855 3813 989 3890 Gregorii
1009 3803 1267 3877 Neocaessriensis)
1292 3803 1343 3864 roi
1368 3803 1459 3882 Πόμ-

399 3921 489 3991 φιλος
518 3915 534 3974 ό
563 3911 674 3991 μόρτνρ
704 3915 737 3975 ἐν
766 3921 828 3981 τοῖς
860 3916 926 3996 περὶ
956 3914 1134 3996 Ὠριγέιιονς
1166 3916 1346 3988 πονηθεῖσιν
1376 3913 1459 3999 αὐτῷ

399 4024 543 4102 βιβλίοις,
564 4025 597 4086 ἐν
617 4023 662 4088 οίς
681 4025 729 4088 καὶ
750 4025 926 4092 συστατικὸς
943 4024 1146 4108 (σνντακτικὸς
1162 4030 1280 4104 corrigit
1297 4023 1460 4107 Valesius)

400 4139 491 4215 λόγος
507 4135 668 4215 Γρηγορίον
685 4136 726 4200 εἰς
741 4134 904 4215 Ὠριγένην
920 4134 1101 4213 παράκειται.
1472 4176 1507 4233 30

776 4326 790 4381 I
793 4334 936 4402 ulcrprelc
955 4326 1072 4382 ίίιΙιπιίι.

440 4450 528 4505 llu'us
552 4453 713 4506 mentionem
737 4453 799 4506 lacit
819 4454 898 4506 etiarn
951 4451 1070 4520 Gregorii
1103 4450 1203 4509 Oratio.
1232 4469 1313 4521 quam
1345 4453 1391 4506 ille
1425 4455 1463 4509 ah

402 4470 556 4588 Pamphilus
575 4523 646 4575 Mart
665 4541 678 4576 r
692 4524 718 4576 in
734 4523 817 4585 libris,
831 4541 898 4594 quos
951 4523 1067 4592 Origene
1080 4520 1218 4574 discedens
1231 4523 1260 4576 in
1273 4523 1330 4593 ejus
1345 4523 1462 4580 laudem

401 4607 448 4658 pro
480 4589 526 4642 0·
548 4592 604 4644 enis
653 4593 787 4646 elensione
816 4594 898 4662 scrip-
949 4593 1107 4661 composuit.

402 4659 454 4711 sit:
486 4660 531 4727 qui
552 4677 583 4713 us
608 4662 686 4714 etiam
710 4662 835 4731 adjuncta
859 4673 899 4716 est
