3700 5667
495 649 558 710 458
788 645 1038 725 RELIQUIAE
1065 648 1242 712 SACRAE.

493 837 551 881 suo
573 824 689 901 urgeret
711 836 795 892 eum,
810 821 869 879 eut
886 815 1029 900 judioet;
1058 815 1110 879 hie
1131 822 1182 880 est
1203 815 1287 880 enim
1309 835 1423 881 revera
1445 816 1556 883 futuri

492 925 576 991 illius
595 924 706 1009 judieii
731 923 799 987 dies
824 931 964 999 ootuvue,
990 924 1044 1010 qui
1067 933 1162 990 extre
1185 923 1329 989 ordinem
1353 925 1553 1011 septimane

491 1034 708 1120 dispositionis
728 1056 915 1099 exoeseurue
934 1040 993 1100 est.
1038 1033 1062 1097 J
1063 1055 1136 1098 eeue
1155 1055 1280 1119 quoque
1299 1033 1402 1112 Neue,
1418 1057 1548 1102 sucees-

492 1164 546 1206 sor
568 1142 702 1225 Moysis,
716 1149 750 1205 et
769 1141 837 1226 ipse
855 1141 1027 1206 sabbatum
1046 1141 1188 1219 resolvit,
1207 1140 1290 1205 ¹¹²die
1308 1143 1395 1206 enim
1413 1142 1550 1209 subbati

492 1251 645 1336 praeoepit
659 1250 732 1314 filiis
748 1250 849 1314 Israel
871 1257 909 1314 ut
930 1270 1039 1313 muros
1060 1248 1199 1314 civitatis
1222 1249 1376 1315 Hiericho
1395 1252 1578 1332 tubicini-5

491 1361 552 1424 bus
571 1359 751 1439 circuirent,
772 1367 806 1426 et
824 1360 940 1426 bellum
960 1359 1126 1443 allophylis
1147 1358 1334 1425 indicerent.
1380 1361 1548 1428 Matthiae

493 1469 723 1556 (Mathuthies
748 1471 859 1555 interp.
889 1468 1022 1554 Μαι.)
1045 1474 1154 1532 eutem
1176 1468 1321 1554 prinoeps
1346 1468 1444 1534 Judae
1470 1471 1547 1536 seb-

492 1579 604 1643 butum
627 1579 778 1653 resolvit;
813 1589 915 1643 nnum
938 1577 1124 1663 praefeetum
1147 1575 1302 1640 Antioehi
1327 1576 1412 1661 regis
1438 1577 1546 1662 Syriae

490 1688 628 1752 subbato
653 1688 781 1764 oceidit,
804 1694 839 1753 et
863 1688 1039 1773 allophylos
1064 1709 1123 1752 sua
1148 1686 1369 1772 perseeutione
1393 1688 1545 1774 subjecit.

491 1796 537 1862 Et
560 1798 647 1883 apud
670 1797 866 1862 Metthaeum
888 1798 1043 1882 seriptum
1064 1797 1220 1882 legimus;
1251 1795 1392 1861 ‘’Esaiue
1413 1819 1598 1882 quoquere

489 1914 525 1972 et
545 1908 652 1972 eaeteri
674 1907 802 1992 eollegae
825 1907 894 1991 ejus
916 1907 1087 1971 sabbatum
1109 1906 1316 1970 resolverunt.
1362 1905 1413 1970 Ut
1430 1929 1545 1972 verum

488 2016 620 2080 illudet
638 2017 763 2101 justum
785 2017 957 2080 sabbatum
979 2016 1114 2100 septimo
1136 2014 1282 2079 milliario
1303 2036 1460 2079 annorum
1484 2017 1544 2082 ob-

490 2135 680 2192 servaretur.
740 2127 955 2209 Quamobrem
989 2135 1112 2212 septem
1141 2125 1254 2190 diebus
1283 2124 1354 2189 istis
1382 2125 1545 2192 Dominus

489 2236 614 2321 singule
636 2237 733 2300 millia
756 2257 912 2300 annorum
937 2236 1126 2319 adsignavit,
1150 2235 1195 2299 sio
1217 2234 1301 2299 enim
1323 2243 1454 2300 cautum
1479 2243 1542 2312 est,

492 2347 558 2410 ele
576 2347 671 2411 oeulis
692 2346 764 2424 tuis,
779 2347 921 2423 Domine,
940 2345 1023 2410 mile
1044 2345 1122 2409 anni
1142 2354 1176 2408 or
1197 2344 1261 2409 dior
1279 2365 1351 2409 uno.
1397 2344 1490 2428 Ergo.
1508 2345 1543 2410 in
1558 2361 1594 2420 ¹5

490 2456 589 2522 oeulis
604 2456 665 2520 Dei
685 2456 809 2542 singulo
823 2456 892 2538 (for.
909 2455 1055 2540 singulis)
1071 2454 1169 2520 millia
1186 2475 1343 2519 annorum
1361 2453 1544 2522 constituta

490 2573 578 2644 sunt,
601 2573 752 2651 eseptem
774 2566 858 2631 euim
878 2566 983 2630 hebeo
1004 2564 1112 2629 oeulos
1136 2563 1275 2629 Domini.
1321 2563 1541 2649 Quapropter,

492 2683 530 2741 ut
544 2677 727 2753 memoravi,
742 2697 851 2741 verum
870 2675 947 2739 illud
967 2675 1148 2752 sabbatum,
1164 2682 1198 2738 et
1218 2682 1340 2760 septem
1357 2672 1446 2738 milis
1463 2675 1542 2740 anni

488 2784 564 2865 (for.
574 2785 636 2849 erit
651 2786 786 2868 septimo
796 2783 943 2848 milliario
957 2805 1123 2862 annorum,
1135 2792 1169 2848 ut
1182 2789 1306 2869 stupra),
1320 2804 1382 2867 quo
1394 2782 1542 2849 christus

490 2914 563 2957 oum
578 2892 687 2956 electis
702 2892 767 2955 suis
781 2899 974 2976 regnaturus
988 2899 1047 2955 est.
1092 2892 1222 2976 Septem
1237 2914 1362 2978 quoque
1376 2892 1447 2956 eoeli
1462 2899 1595 2959 suntne

491 3002 566 3083 (for.
581 3001 630 3065 vel
650 3001 774 3064 dolend.
797 3007 872 3065 eunt
895 3022 966 3065 oum
990 3002 1144 3077 Waikoro,
1161 3003 1209 3066 vel
1231 3003 1368 3066 addend.
1388 3003 1457 3087 qui)
1477 3003 1541 3069 illis

490 3109 603 3175 diebus
622 3110 831 3184 conveniunt3
856 3110 901 3174 sio
921 3110 1006 3174 enim
1025 3117 1155 3175 eeutum
1175 3118 1225 3175 est
1235 3137 1245 3188 ;
1269 3126 1279 3157 ¹
1295 3111 1389 3177 Verbo
1407 3114 1541 3179 Domini

488 3220 685 3304 ooebifirmati
699 3229 778 3295 eunt,
793 3227 822 3284 et
835 3219 950 3304 spiritu
963 3220 1027 3283 orie
1040 3221 1102 3303 qiu
1115 3222 1212 3285 munis
1225 3222 1323 3287 virtus
1335 3244 1447 3288 somme.
1490 3225 1539 3288 Hi

488 3339 612 3416 septem
631 3329 771 3415 spiritus.
816 3329 955 3393 Nomine
977 3336 1052 3393 sunt
1071 3350 1182 3393 eorum
1203 3331 1344 3413 spiritus,
1363 3331 1418 3416 qui
1438 3353 1539 3418 supra

488 3441 652 3508 Christum
675 3440 736 3505 Dei
760 3441 994 3525 requieverunt,
1019 3447 1057 3504 ut
1081 3441 1168 3524 apud
1192 3441 1322 3506 Esaiam
1345 3442 1537 3527 prophetem
1550 3472 1592 3535 ²5

487 3559 617 3617 oautum
639 3558 698 3626 ost,
715 3552 780 3616 'Et
801 3550 957 3636 rmuieeoit
978 3571 1070 3634 sepior
1089 3571 1156 3614 nnn
1174 3552 1303 3636 spiritus
1323 3552 1493 3636 sapientise,
1509 3563 1539 3619 ot

485 3660 659 3736 intdleetue,
682 3659 812 3744 spiritus
834 3658 964 3737 conubii,
987 3667 1014 3722 et
1036 3659 1167 3735 virtum,
1191 3659 1320 3743 spiritus
1341 3659 1482 3738 emico,
1509 3670 1538 3726 ot

481 3769 617 3852 pietatis,
637 3776 666 3832 et
688 3767 815 3851 replevit
835 3767 925 3831 illiue
948 3768 1076 3853 spiritus
1100 3770 1218 3833 timoris
1242 3769 1314 3834 Dei.
1369 3769 1537 3835 Summum

485 3898 562 3961 ergo
580 3876 695 3941 ooelum
712 3876 886 3960 sapientise,
903 3877 1075 3941 seeundum
1094 3877 1286 3955 intellectus,
1301 3879 1437 3943 tertium
1458 3901 1534 3944 oon-

485 3984 558 4062 silii,
572 3991 723 4070 quartum
745 3985 885 4064 virtutis,
903 3986 1049 4072 quintum
1071 3987 1225 4066 soientiae,
1243 3995 1371 4052 sextum
1391 3988 1534 4073 pietatis,
1545 4020 1591 4077 30

485 4095 654 4181 septimum
678 4094 802 4160 timoris
826 4095 896 4160 Dei.
941 4095 993 4161 Ex
1017 4097 1076 4160 hoe
1100 4119 1185 4181 ergo,
1210 4095 1353 4162 tonitrua
1375 4097 1535 4180 mugiunt,

482 4204 613 4270 flumina
632 4206 849 4270 extenduntur
865 4205 939 4287 (for.
958 4206 1091 4273 fulmine
1109 4207 1339 4284 aeoeuduutur,
1365 4206 1534 4289 When),

517 4436 538 4465 m
551 4426 604 4473 Joe.
616 4426 649 4473 ri.
661 4441 686 4487 3,
701 4441 737 4488 ¹5·
848 4438 864 4467 n
879 4441 888 4475 1
902 4426 1017 4476 Maeuii.
1031 4426 1070 4487 26,
1082 4443 1122 4487 40,
1136 4442 1175 4487 4¹·
1307 4439 1321 4467 ο
1334 4427 1397 4476 Met.
1409 4427 1451 4475 xii.
1466 4442 1488 4488 3.

518 4517 531 4553 Ρ
545 4506 585 4554 Pr.
597 4505 689 4554 lxxxix,
702 4525 725 4566 4.
845 4518 857 4556 t
872 4508 944 4558 Zeeh.
955 4509 987 4555 ir.
1004 4523 1040 4555 ro
1308 4509 1372 4557 rl’s.
1384 4508 1460 4556 xxxii
1474 4508 1499 4556 6.

517 4597 527 4625 ⁸
543 4586 572 4634 le.
585 4586 617 4633 xi.
633 4599 655 4644 2,
668 4600 690 4644 3.
