3700 5667
460 676 526 739 eet
756 671 1006 749 RELIQUIAE
1033 670 1210 734 SACRAE.

461 839 597 923 τούτοις
623 839 867 936 εὐσυνείδητος
890 836 984 915 ἔστω
1010 842 1068 916 καὶ
1087 837 1398 939 εὐπαῤῥησίαστος
1417 833 1507 913 κατὰ

461 975 502 1055 τὸ
521 976 610 1055 ἰ’διον
629 974 793 1073 ἐνθύμιον
811 980 882 1055 πᾶς
901 975 921 1050 ὁ
940 973 1102 1075 προσίωυ
1120 977 1171 1079 τῷ
1191 976 1285 1077 Θεῷ.

517 1118 643 1191 Ταῦτα
667 1108 717 1188 σὺ
745 1107 809 1207 μέυ
832 1115 945 1207 τιμῶν
970 1108 1072 1206 ἡμᾶς,
1092 1109 1132 1185 οὐ
1150 1106 1223 1208 γὰρ
1241 1108 1391 1206 ἀγνοῶν,
1412 1108 1504 1206 οἱγα·

460 1244 560 1344 πητὲ,
597 1243 644 1322 τὰ
679 1239 855 1339 πύσματα
896 1242 981 1339 ἡμῖν
1018 1239 1262 1344 προσήγαγες,
1305 1239 1508 1346 ὁμόφρονας

461 1380 564 1478 ἡμᾶς,
588 1374 712 1478 ὥσπερ
741 1376 803 1453 οὖν
829 1373 949 1472 ἐσμὲν,
976 1368 1034 1453 καὶ
1062 1374 1274 1479 ἶσοψύχους,
1291 1374 1405 1481 ἑαυτῷ
1432 1406 1534 1465 rra-5

460 1511 697 1615 ρασκευάζωυ.
736 1508 806 1610 ἐγὼ
836 1509 873 1588 δὲ
907 1511 974 1614 οὐχ
1006 1514 1054 1593 ὡς
1085 1508 1315 1600 διδάσκαλος,
1347 1513 1430 1588 ἀλλ’
1460 1514 1508 1594 ὡς

461 1639 551 1737 μετὰ
586 1637 708 1736 πάσης
742 1634 945 1734 ἁπλότητος
981 1639 1168 1738 προσῆκον
1206 1636 1298 1734 ἡμᾶς
1331 1634 1508 1734 ἀλλήλοις

461 1775 702 1874 διαλέγεσθαι,
716 1778 765 1855 εἶς
783 1769 901 1850 κοινὸν
915 1769 982 1869 τὴν
1001 1769 1157 1850 διάνοιαν
1175 1773 1327 1869 ἐμαυτοῦ
1347 1771 1506 1876 ἐξέθηκα.

460 1910 504 2010 ἣν
522 1911 699 2011 ἐπικρίνας
718 1912 775 1986 καὶ
794 1907 855 1997 σὺ,
875 1905 1102 1986 συνετώτατέ
1114 1940 1184 2005 μου
1204 1905 1263 2003 υἱὲ,
1282 1905 1312 2003 ὅ,
1331 1940 1365 1983 τι
1384 1906 1427 1983 ἅυ
1446 1939 1507 1983 σοι

462 2050 560 2152 φανῇ
583 2046 717 2123 δίκαιον
740 2045 798 2121 καὶ
822 2042 982 2139 βέλτιον,
1004 2046 1034 2119 εἱ
1062 2043 1120 2119 καὶ
1148 2041 1260 2124 οὕτως
1287 2040 1379 2144 ἔχειν
1407 2043 1504 2119 δοκι·
1519 2071 1556 2108 10

460 2177 581 2282 μάζης,
599 2181 680 2279 περὶ
698 2177 814 2254 αὐτῶν
832 2174 1071 2281 ἀντιγράψης.
1118 2176 1328 2278 Ἐρῤὣσθαί
1347 2209 1392 2254 σε
1419 2174 1508 2276 ἀγά-

460 2344 549 2409 πητε
587 2311 636 2390 υἱὲ
667 2318 749 2408 μοῦ,
782 2311 819 2387 ἐν
851 2308 969 2413 εἰρήνῃ
1002 2317 1274 2410 λειτουργοῦντα
1304 2314 1355 2416 τῷ
1386 2313 1507 2417 Κυρίῳ

461 2443 620 2548 εὔχομαι.
663 2461 753 2520 Extat
772 2462 833 2519 haec
854 2459 990 2538 Epistola
1009 2481 1075 2518 cum
1094 2461 1174 2532 alibi,
1189 2472 1252 2519 tum
1271 2463 1302 2520 in
1320 2463 1506 2522 Conciliorum

461 2580 532 2639 edit.
550 2579 696 2640 Harduin.
711 2592 782 2640 tom.
798 2581 818 2639 i.
833 2602 861 2660 p.
881 2579 948 2639 185.

461 2782 670 2842 condemnatus
686 2795 750 2843 est:
772 2785 803 2842 in
822 2785 868 2844 his
886 2806 959 2863 quo.
1011 2787 1077 2863 Ego
1091 2796 1269 2853 autemnon
1285 2798 1318 2845 ut
1333 2787 1443 2857 doctor,
1455 2789 1506 2847 sed
1520 2810 1529 2847 ι
1536 2806 1552 2866 5

461 2883 518 2941 que
543 2863 625 2920 bonoe
649 2865 688 2922 sit
713 2865 904 2933 conscientie,
929 2876 960 2923 et
1010 2877 1044 2924 ut
1058 2887 1124 2924 cum
1138 2867 1217 2923 omni
1234 2867 1419 2945 simplicitate
1438 2890 1505 2928 con·

461 2942 551 3002 libere
561 2943 707 3020 loquatur,
716 2945 874 3003 secundum
890 2967 957 3023 pro·
1011 2947 1091 3004 venit
1120 2966 1173 3004 nos
1204 2947 1327 3006 invicem
1357 2949 1505 3018 disserere,

461 3023 553 3102 prium
566 3024 779 3099 cogitationem,
790 3026 839 3101 qui
852 3024 888 3083 od
897 3027 958 3084 De·
1010 3046 1103 3084 meam
1122 3026 1294 3085 sententiam
1309 3029 1338 3085 in
1355 3049 1507 3087 commune

462 3123 511 3161 um
526 3104 646 3161 accedit.
1010 3106 1107 3164 edidi:
1131 3126 1216 3182 quum
1232 3127 1296 3165 cum
1312 3120 1346 3166 tu
1360 3111 1505 3167 examino-

504 3185 567 3241 Has
591 3194 623 3241 tu
649 3183 765 3261 quidem
790 3206 842 3244 nos
866 3187 956 3243 hono·
1010 3186 1096 3251 veris,
1131 3185 1171 3242 fili
1208 3185 1246 3242 mi
1284 3189 1504 3266 sapientissime,
1517 3211 1554 3248 πο

462 3283 529 3322 rans
540 3262 613 3335 (non
629 3264 705 3322 enim
721 3265 865 3343 ignorans,
881 3287 899 3323 o
913 3266 957 3324 di·
1009 3265 1086 3343 quod
1098 3266 1151 3324 tibi
1160 3267 1272 3342 justum
1284 3267 1444 3344 meliusque
1455 3290 1506 3346 ap-

461 3342 549 3418 lecte)
567 3345 649 3402 nobis
663 3346 836 3421 questiones
850 3367 955 3424 propo·
1029 3346 1147 3410 cruerit,
1169 3346 1214 3403 vel
1237 3367 1272 3404 nn
1296 3348 1337 3406 sic
1359 3350 1446 3405 etiam
1470 3348 1505 3406 de

462 3423 545 3482 suisti
560 3446 567 3491 ;
590 3445 643 3482 nos
653 3435 687 3481 ut
698 3425 827 3501 ejusdem
839 3437 956 3484 senten·
1008 3367 1053 3483 iis
1066 3426 1172 3484 habere
1185 3427 1341 3495 existimus,
1357 3428 1504 3486 rescribas.

463 3503 520 3569 tio,
539 3504 614 3562 sicut
636 3516 665 3563 et
686 3526 796 3572 sumus,
812 3506 956 3583 ejusdem·
1009 3505 1117 3564 Valere
1125 3517 1165 3572 te,
1174 3505 1278 3565 dilecte
1287 3507 1328 3564 fili
1337 3508 1386 3576 mi,
1397 3509 1426 3564 in
1436 3528 1505 3582 pace

463 3602 520 3659 que
559 3584 658 3651 animi,
696 3586 749 3644 tibi
785 3606 958 3666 praeperans.
1010 3585 1140 3644 Domino
1155 3586 1367 3645 ministrantem
1382 3601 1462 3667 opto.
1517 3608 1551 3667 25
