<?xml version="1.0" encoding="UTF-8"?>
<!DOCTYPE html PUBLIC "-//W3C//DTD XHTML 1.0 Transitional//EN"
    "http://www.w3.org/TR/xhtml1/DTD/xhtml1-transitional.dtd">
<html xmlns="http://www.w3.org/1999/xhtml" xml:lang="en" lang="en">
 <head>
  <title>
</title>
<meta http-equiv="Content-Type" content="text/html;charset=utf-8" />
  <meta name='ocr-system' content='tesseract 3.04.00' />
  <meta name='ocr-capabilities' content='ocr_page ocr_carea ocr_par ocr_line ocrx_word'/>
</head>
<body>
  <div class='ocr_page' id='page_1' title='image "./reliquiaesacrae08routgoog_0276.png"; bbox 0 0 3700 5667; ppageno 0'>
   <div class='ocr_carea' id='block_1_1' title="bbox 394 580 1098 649">
    <p class='ocr_par' dir='ltr' id='par_1_1' title="bbox 394 580 1098 649">
     <span class='ocr_line' id='line_1_1' title="bbox 394 580 1098 649; baseline -0.001 -1"><span class='ocrx_word' id='word_1_1' title='bbox 394 583 460 649; x_wconf 72' lang='lat' dir='ltr'>sto</span> <span class='ocrx_word' id='word_1_2' title='bbox 746 580 1098 647; x_wconf 83' lang='lat' dir='ltr'><strong>ANNOTATIONES</strong></span> 
     </span>
    </p>
   </div>
   <div class='ocr_carea' id='block_1_2' title="bbox 376 747 1461 3873">
    <p class='ocr_par' dir='ltr' id='par_1_2' title="bbox 376 747 1461 3873">
     <span class='ocr_line' id='line_1_2' title="bbox 395 747 1461 832; baseline 0.004 -17"><span class='ocrx_word' id='word_1_3' title='bbox 395 772 511 815; x_wconf 85' lang='lat' dir='ltr'>nones:</span> <span class='ocrx_word' id='word_1_4' title='bbox 538 749 704 831; x_wconf 75' lang='grc' dir='ltr'>Βαρβάρων</span> <span class='ocrx_word' id='word_1_5' title='bbox 723 751 913 814; x_wconf 80' lang='grc' dir='ltr'>ἐπελθόντων</span> <span class='ocrx_word' id='word_1_6' title='bbox 930 751 1042 832; x_wconf 86' lang='grc' dir='ltr'>χώραις</span> <span class='ocrx_word' id='word_1_7' title='bbox 1060 747 1246 830; x_wconf 74' lang='grc' dir='ltr'><strong><em>Ῥωμαϊκαῖς,</em></strong></span> <span class='ocrx_word' id='word_1_8' title='bbox 1269 752 1321 816; x_wconf 81' lang='grc' dir='ltr'>καὶ</span> <span class='ocrx_word' id='word_1_9' title='bbox 1341 760 1461 831; x_wconf 88' lang='grc' dir='ltr'>ληισα-</span> 
     </span>
     <span class='ocr_line' id='line_1_3' title="bbox 394 849 1459 934; baseline 0.006 -19"><span class='ocrx_word' id='word_1_10' title='bbox 394 853 493 934; x_wconf 88' lang='grc' dir='ltr'>μένων</span> <span class='ocrx_word' id='word_1_11' title='bbox 507 852 607 924; x_wconf 75' lang='grc' dir='ltr'>αὐτᾶς,</span> <span class='ocrx_word' id='word_1_12' title='bbox 625 852 654 914; x_wconf 88' lang='grc' dir='ltr'>οἰ</span> <span class='ocrx_word' id='word_1_13' title='bbox 668 849 736 932; x_wconf 87' lang='grc' dir='ltr'>παρ’</span> <span class='ocrx_word' id='word_1_14' title='bbox 752 851 847 915; x_wconf 74' lang='grc' dir='ltr'>αὐτῶν</span> <span class='ocrx_word' id='word_1_15' title='bbox 862 851 1166 932; x_wconf 76' lang='grc' dir='ltr'>αἰχμαλωτισθέντες,</span> <span class='ocrx_word' id='word_1_16' title='bbox 1182 854 1351 933; x_wconf 74' lang='grc' dir='ltr'>ἐγεύσαντο</span> <span class='ocrx_word' id='word_1_17' title='bbox 1366 858 1459 920; x_wconf 71' lang='lat' dir='ltr'>‹lto-</span> 
     </span>
     <span class='ocr_line' id='line_1_4' title="bbox 394 950 1458 1035; baseline 0.004 -17"><span class='ocrx_word' id='word_1_18' title='bbox 394 950 573 1032; x_wconf 80' lang='grc' dir='ltr'>λοθότων,ἢ</span> <span class='ocrx_word' id='word_1_19' title='bbox 591 952 638 1015; x_wconf 84' lang='grc' dir='ltr'>καὶ</span> <span class='ocrx_word' id='word_1_20' title='bbox 656 955 760 1015; x_wconf 78' lang='grc' dir='ltr'>ἄλλων</span> <span class='ocrx_word' id='word_1_21' title='bbox 778 953 1027 1034; x_wconf 75' lang='grc' dir='ltr'>ἀπηγορευμένων</span> <span class='ocrx_word' id='word_1_22' title='bbox 1043 953 1218 1034; x_wconf 80' lang='grc' dir='ltr'>βρωμάτων.</span> <span class='ocrx_word' id='word_1_23' title='bbox 1240 955 1379 1035; x_wconf 79' lang='grc' dir='ltr'>ἠρωτήθη</span> <span class='ocrx_word' id='word_1_24' title='bbox 1397 958 1458 1022; x_wconf 72' lang='grc' dir='ltr'>οὖν</span> 
     </span>
     <span class='ocr_line' id='line_1_5' title="bbox 394 1054 1456 1138; baseline 0.004 -19"><span class='ocrx_word' id='word_1_25' title='bbox 394 1056 462 1136; x_wconf 79' lang='grc' dir='ltr'>περὶ</span> <span class='ocrx_word' id='word_1_26' title='bbox 476 1056 588 1118; x_wconf 82' lang='grc' dir='ltr'>τούτων</span> <span class='ocrx_word' id='word_1_27' title='bbox 601 1056 618 1116; x_wconf 86' lang='grc' dir='ltr'>ά</span> <span class='ocrx_word' id='word_1_28' title='bbox 634 1054 728 1134; x_wconf 85' lang='grc' dir='ltr'>άγιος,</span> <span class='ocrx_word' id='word_1_29' title='bbox 745 1054 793 1117; x_wconf 85' lang='grc' dir='ltr'>καί</span> <span class='ocrx_word' id='word_1_30' title='bbox 807 1055 911 1135; x_wconf 80' lang='grc' dir='ltr'>φησὶν,</span> <span class='ocrx_word' id='word_1_31' title='bbox 927 1055 974 1118; x_wconf 86' lang='grc' dir='ltr'>ὅτι</span> <span class='ocrx_word' id='word_1_32' title='bbox 988 1057 1016 1118; x_wconf 94' lang='grc' dir='ltr'>εἰ</span> <span class='ocrx_word' id='word_1_33' title='bbox 1031 1056 1149 1136; x_wconf 75' lang='grc' dir='ltr'>ἔφαγον</span> <span class='ocrx_word' id='word_1_34' title='bbox 1163 1058 1193 1119; x_wconf 86' lang='grc' dir='ltr'>οἰ</span> <span class='ocrx_word' id='word_1_35' title='bbox 1207 1055 1397 1138; x_wconf 71' lang='grc' dir='ltr'>αἰχμάλωτοι</span> <span class='ocrx_word' id='word_1_36' title='bbox 1414 1062 1456 1123; x_wconf 77' lang='grc' dir='ltr'>τὸ</span> 
     </span>
     <span class='ocr_line' id='line_1_6' title="bbox 394 1156 1455 1238; baseline 0.005 -18"><span class='ocrx_word' id='word_1_37' title='bbox 394 1159 475 1237; x_wconf 74' lang='grc' dir='ltr'>παρὰ</span> <span class='ocrx_word' id='word_1_38' title='bbox 500 1161 560 1218; x_wconf 84' lang='grc' dir='ltr'>τῶν</span> <span class='ocrx_word' id='word_1_39' title='bbox 586 1156 880 1238; x_wconf 87' lang='grc' dir='ltr'>αἰχμαλωτησάντων</span> <span class='ocrx_word' id='word_1_40' title='bbox 905 1156 1011 1222; x_wconf 74' lang='grc' dir='ltr'>αὐτοὺς</span> <span class='ocrx_word' id='word_1_41' title='bbox 1037 1157 1268 1237; x_wconf 81' lang='grc' dir='ltr'>παρατιθέμενα,</span> <span class='ocrx_word' id='word_1_42' title='bbox 1294 1163 1384 1222; x_wconf 88' lang='grc' dir='ltr'>τοΰτο</span> <span class='ocrx_word' id='word_1_43' title='bbox 1414 1160 1455 1225; x_wconf 77' lang='grc' dir='ltr'>οἰ</span> 
     </span>
     <span class='ocr_line' id='line_1_7' title="bbox 394 1257 1453 1338; baseline 0.006 -17"><span class='ocrx_word' id='word_1_44' title='bbox 394 1264 495 1338; x_wconf 78' lang='grc' dir='ltr'>βαρεῖ,</span> <span class='ocrx_word' id='word_1_45' title='bbox 516 1259 583 1321; x_wconf 82' lang='grc' dir='ltr'>δντί</span> <span class='ocrx_word' id='word_1_46' title='bbox 606 1261 668 1333; x_wconf 78' lang='grc' dir='ltr'>τοῦ,</span> <span class='ocrx_word' id='word_1_47' title='bbox 686 1258 721 1321; x_wconf 80' lang='grc' dir='ltr'>οὐ</span> <span class='ocrx_word' id='word_1_48' title='bbox 742 1265 872 1338; x_wconf 84' lang='grc' dir='ltr'>βαρεῖαν</span> <span class='ocrx_word' id='word_1_49' title='bbox 894 1260 1014 1337; x_wconf 76' lang='grc' dir='ltr'>ἐμποιεῖ</span> <span class='ocrx_word' id='word_1_50' title='bbox 1031 1257 1165 1338; x_wconf 86' lang='grc' dir='ltr'>βλάβην·</span> <span class='ocrx_word' id='word_1_51' title='bbox 1189 1259 1236 1322; x_wconf 84' lang='grc' dir='ltr'>καὶ</span> <span class='ocrx_word' id='word_1_52' title='bbox 1257 1264 1379 1338; x_wconf 75' lang='grc' dir='ltr'>μᾶλλον</span> <span class='ocrx_word' id='word_1_53' title='bbox 1400 1263 1453 1328; x_wconf 78' lang='grc' dir='ltr'>ὅτι</span> 
     </span>
     <span class='ocr_line' id='line_1_8' title="bbox 394 1358 1450 1442; baseline 0.003 -18"><span class='ocrx_word' id='word_1_54' title='bbox 394 1363 437 1427; x_wconf 78' lang='grc' dir='ltr'>εἰς</span> <span class='ocrx_word' id='word_1_55' title='bbox 458 1361 552 1440; x_wconf 92' lang='grc' dir='ltr'>λόγος</span> <span class='ocrx_word' id='word_1_56' title='bbox 573 1362 654 1440; x_wconf 78' lang='grc' dir='ltr'>παρὰ</span> <span class='ocrx_word' id='word_1_57' title='bbox 674 1358 805 1434; x_wconf 86' lang='grc' dir='ltr'>πάντων,</span> <span class='ocrx_word' id='word_1_58' title='bbox 823 1359 916 1440; x_wconf 84' lang='grc' dir='ltr'>ἤγουν</span> <span class='ocrx_word' id='word_1_59' title='bbox 937 1361 983 1422; x_wconf 82' lang='grc' dir='ltr'>ὅτι</span> <span class='ocrx_word' id='word_1_60' title='bbox 1004 1360 1114 1427; x_wconf 91' lang='grc' dir='ltr'>πάντες</span> <span class='ocrx_word' id='word_1_61' title='bbox 1136 1361 1170 1423; x_wconf 85' lang='grc' dir='ltr'>τὸ</span> <span class='ocrx_word' id='word_1_62' title='bbox 1192 1361 1264 1424; x_wconf 77' lang='grc' dir='ltr'>αὐτὸ</span> <span class='ocrx_word' id='word_1_63' title='bbox 1285 1360 1450 1442; x_wconf 80' lang='grc' dir='ltr'>λέγουσιν,</span> 
     </span>
     <span class='ocr_line' id='line_1_9' title="bbox 393 1460 1447 1541; baseline 0.003 -17"><span class='ocrx_word' id='word_1_64' title='bbox 393 1463 438 1524; x_wconf 82' lang='grc' dir='ltr'>ὅτι</span> <span class='ocrx_word' id='word_1_65' title='bbox 453 1463 482 1524; x_wconf 83' lang='grc' dir='ltr'>οἰ</span> <span class='ocrx_word' id='word_1_66' title='bbox 496 1463 533 1523; x_wconf 78' lang='grc' dir='ltr'>τὰ</span> <span class='ocrx_word' id='word_1_67' title='bbox 547 1460 673 1541; x_wconf 76' lang='grc' dir='ltr'>ἡμέτερα</span> <span class='ocrx_word' id='word_1_68' title='bbox 689 1462 924 1541; x_wconf 82' lang='grc' dir='ltr'>καταδραμόντες</span> <span class='ocrx_word' id='word_1_69' title='bbox 933 1460 1086 1541; x_wconf 83' lang='grc' dir='ltr'>βάρβαροι</span> <span class='ocrx_word' id='word_1_70' title='bbox 1101 1463 1235 1529; x_wconf 84' lang='grc' dir='ltr'>εἰδώλοις</span> <span class='ocrx_word' id='word_1_71' title='bbox 1248 1462 1301 1527; x_wconf 79' lang='grc' dir='ltr'>οὔκ</span> <span class='ocrx_word' id='word_1_72' title='bbox 1317 1463 1447 1538; x_wconf 89' lang='grc' dir='ltr'>έθυοαν,</span> 
     </span>
     <span class='ocr_line' id='line_1_10' title="bbox 393 1562 1449 1644; baseline 0.002 -17"><span class='ocrx_word' id='word_1_73' title='bbox 393 1566 472 1627; x_wconf 84' lang='grc' dir='ltr'>ὥστε</span> <span class='ocrx_word' id='word_1_74' title='bbox 489 1564 557 1626; x_wconf 72' lang='grc' dir='ltr'>οὐδὲ</span> <span class='ocrx_word' id='word_1_75' title='bbox 578 1564 758 1626; x_wconf 87' lang='grc' dir='ltr'>εἰδωλόθντα</span> <span class='ocrx_word' id='word_1_76' title='bbox 779 1563 895 1643; x_wconf 79' lang='grc' dir='ltr'>ἔφαγον</span> <span class='ocrx_word' id='word_1_77' title='bbox 915 1564 945 1626; x_wconf 94' lang='grc' dir='ltr'>οἰ</span> <span class='ocrx_word' id='word_1_78' title='bbox 962 1562 1155 1644; x_wconf 84' lang='grc' dir='ltr'>αἰχμάλωτοι.</span> <span class='ocrx_word' id='word_1_79' title='bbox 1195 1562 1288 1641; x_wconf 80' lang='lat' dir='ltr'>Dein,</span> <span class='ocrx_word' id='word_1_80' title='bbox 1308 1563 1373 1627; x_wconf 78' lang='grc' dir='ltr'>εἶτα</span> <span class='ocrx_word' id='word_1_81' title='bbox 1394 1566 1449 1630; x_wconf 83' lang='grc' dir='ltr'>καί</span> 
     </span>
     <span class='ocr_line' id='line_1_11' title="bbox 393 1665 1447 1746; baseline -0.001 -17"><span class='ocrx_word' id='word_1_82' title='bbox 393 1667 460 1746; x_wconf 80' lang='grc' dir='ltr'>περὶ</span> <span class='ocrx_word' id='word_1_83' title='bbox 478 1669 624 1746; x_wconf 81' lang='grc' dir='ltr'>γυναικῶν</span> <span class='ocrx_word' id='word_1_84' title='bbox 641 1665 736 1745; x_wconf 80' lang='grc' dir='ltr'>φησὶν</span> <span class='ocrx_word' id='word_1_85' title='bbox 753 1666 950 1746; x_wconf 80' lang='grc' dir='ltr'>αἰχμαλώτων</span> <span class='ocrx_word' id='word_1_86' title='bbox 968 1665 1014 1731; x_wconf 88' lang='grc' dir='ltr'>αἰς</span> <span class='ocrx_word' id='word_1_87' title='bbox 1033 1666 1063 1728; x_wconf 88' lang='grc' dir='ltr'>οἰ</span> <span class='ocrx_word' id='word_1_88' title='bbox 1080 1665 1233 1745; x_wconf 84' lang='grc' dir='ltr'>βάρβαροι</span> <span class='ocrx_word' id='word_1_89' title='bbox 1250 1665 1447 1745; x_wconf 85' lang='grc' dir='ltr'>σννεφθάρη-</span> 
     </span>
     <span class='ocr_line' id='line_1_12' title="bbox 395 1766 1448 1845; baseline 0.001 -15"><span class='ocrx_word' id='word_1_90' title='bbox 395 1786 463 1830; x_wconf 92' lang='grc' dir='ltr'>σαν·</span> <span class='ocrx_word' id='word_1_91' title='bbox 488 1768 536 1829; x_wconf 91' lang='grc' dir='ltr'>καί</span> <span class='ocrx_word' id='word_1_92' title='bbox 554 1767 656 1829; x_wconf 88' lang='grc' dir='ltr'>δίδωσι</span> <span class='ocrx_word' id='word_1_93' title='bbox 674 1766 802 1845; x_wconf 90' lang='grc' dir='ltr'>γνώμην,</span> <span class='ocrx_word' id='word_1_94' title='bbox 822 1766 868 1828; x_wconf 82' lang='grc' dir='ltr'>ὅτι</span> <span class='ocrx_word' id='word_1_95' title='bbox 886 1768 986 1845; x_wconf 76' lang='grc' dir='ltr'>εἰμὲν</span> <span class='ocrx_word' id='word_1_96' title='bbox 1003 1768 1020 1828; x_wconf 87' lang='grc' dir='ltr'>ά</span> <span class='ocrx_word' id='word_1_97' title='bbox 1040 1767 1140 1845; x_wconf 88' lang='grc' dir='ltr'>πρώην</span> <span class='ocrx_word' id='word_1_98' title='bbox 1158 1767 1254 1829; x_wconf 77' lang='grc' dir='ltr'>αὐτῶν</span> <span class='ocrx_word' id='word_1_99' title='bbox 1270 1767 1339 1843; x_wconf 84' lang='grc' dir='ltr'>βίος</span> <span class='ocrx_word' id='word_1_100' title='bbox 1359 1791 1448 1831; x_wconf 83' lang='grc' dir='ltr'>κατε·</span> 
     </span>
     <span class='ocr_line' id='line_1_13' title="bbox 394 1864 1446 1950; baseline -0.001 -21"><span class='ocrx_word' id='word_1_101' title='bbox 394 1867 567 1948; x_wconf 87' lang='grc' dir='ltr'>γνωσμένος</span> <span class='ocrx_word' id='word_1_102' title='bbox 584 1866 633 1944; x_wconf 83' lang='grc' dir='ltr'>ἧν,</span> <span class='ocrx_word' id='word_1_103' title='bbox 649 1868 798 1932; x_wconf 81' lang='grc' dir='ltr'>ὑπόπτους</span> <span class='ocrx_word' id='word_1_104' title='bbox 815 1866 903 1931; x_wconf 76' lang='grc' dir='ltr'>αὐτὸς</span> <span class='ocrx_word' id='word_1_105' title='bbox 920 1871 1002 1929; x_wconf 82' lang='grc' dir='ltr'>ποιεῖ</span> <span class='ocrx_word' id='word_1_106' title='bbox 1017 1867 1034 1945; x_wconf 82' lang='grc' dir='ltr'><em>ἡ</em></span> <span class='ocrx_word' id='word_1_107' title='bbox 1051 1866 1175 1946; x_wconf 78' lang='grc' dir='ltr'>πορνικη</span> <span class='ocrx_word' id='word_1_108' title='bbox 1191 1864 1262 1943; x_wconf 77' lang='grc' dir='ltr'>ἕξις,</span> <span class='ocrx_word' id='word_1_109' title='bbox 1279 1867 1327 1929; x_wconf 83' lang='grc' dir='ltr'>καί</span> <span class='ocrx_word' id='word_1_110' title='bbox 1345 1868 1381 1929; x_wconf 89' lang='grc' dir='ltr'>ἐν</span> <span class='ocrx_word' id='word_1_111' title='bbox 1402 1868 1446 1950; x_wconf 65' lang='grc' dir='ltr'>τῷ</span> 
     </span>
     <span class='ocr_line' id='line_1_14' title="bbox 396 1967 1446 2052; baseline 0.002 -22"><span class='ocrx_word' id='word_1_112' title='bbox 396 1972 483 2052; x_wconf 76' lang='grc' dir='ltr'>καιρῷ</span> <span class='ocrx_word' id='word_1_113' title='bbox 509 1972 560 2045; x_wconf 80' lang='grc' dir='ltr'>τῆς</span> <span class='ocrx_word' id='word_1_114' title='bbox 585 1969 803 2048; x_wconf 81' lang='grc' dir='ltr'>αἰχμαλωσίας,</span> <span class='ocrx_word' id='word_1_115' title='bbox 833 1968 881 2030; x_wconf 88' lang='grc' dir='ltr'>καὶ</span> <span class='ocrx_word' id='word_1_116' title='bbox 906 1970 954 2030; x_wconf 84' lang='grc' dir='ltr'>διδ</span> <span class='ocrx_word' id='word_1_117' title='bbox 979 1972 1065 2029; x_wconf 84' lang='grc' dir='ltr'>τοῦτο</span> <span class='ocrx_word' id='word_1_118' title='bbox 1090 1968 1254 2049; x_wconf 83' lang='grc' dir='ltr'>προχείρως</span> <span class='ocrx_word' id='word_1_119' title='bbox 1278 1967 1382 2033; x_wconf 80' lang='grc' dir='ltr'>αι’νταίς</span> <span class='ocrx_word' id='word_1_120' title='bbox 1408 1968 1446 2032; x_wconf 74' lang='grc' dir='ltr'>οὐ</span> 
     </span>
     <span class='ocr_line' id='line_1_15' title="bbox 395 2067 1444 2152; baseline 0 -19"><span class='ocrx_word' id='word_1_121' title='bbox 395 2071 595 2152; x_wconf 80' lang='grc' dir='ltr'>συνεύχεσθαι</span> <span class='ocrx_word' id='word_1_122' title='bbox 618 2074 673 2145; x_wconf 83' lang='grc' dir='ltr'>δεῖ,</span> <span class='ocrx_word' id='word_1_123' title='bbox 697 2070 779 2131; x_wconf 77' lang='grc' dir='ltr'>ἀλλὰ</span> <span class='ocrx_word' id='word_1_124' title='bbox 801 2070 875 2146; x_wconf 75' lang='grc' dir='ltr'>μετὰ</span> <span class='ocrx_word' id='word_1_125' title='bbox 898 2068 933 2129; x_wconf 84' lang='grc' dir='ltr'>τὸ</span> <span class='ocrx_word' id='word_1_126' title='bbox 957 2071 1118 2130; x_wconf 84' lang='grc' dir='ltr'>δουλεῦσαι</span> <span class='ocrx_word' id='word_1_127' title='bbox 1140 2067 1253 2145; x_wconf 76' lang='grc' dir='ltr'>δηλαδὴ</span> <span class='ocrx_word' id='word_1_128' title='bbox 1277 2069 1444 2146; x_wconf 85' lang='grc' dir='ltr'>ἐπιτιμίοις.</span> 
     </span>
     <span class='ocr_line' id='line_1_16' title="bbox 395 2166 1444 2251; baseline -0.005 -17"><span class='ocrx_word' id='word_1_129' title='bbox 395 2172 455 2248; x_wconf 75' lang='grc' dir='ltr'>ἐξις</span> <span class='ocrx_word' id='word_1_130' title='bbox 470 2168 494 2233; x_wconf 80' lang='grc' dir='ltr'>δ’</span> <span class='ocrx_word' id='word_1_131' title='bbox 511 2171 604 2240; x_wconf 79' lang='grc' dir='ltr'>ἐστὶν,</span> <span class='ocrx_word' id='word_1_132' title='bbox 620 2169 638 2246; x_wconf 83' lang='grc' dir='ltr'>ἡ</span> <span class='ocrx_word' id='word_1_133' title='bbox 654 2168 825 2251; x_wconf 87' lang='grc' dir='ltr'>χρονίσασο</span> <span class='ocrx_word' id='word_1_134' title='bbox 839 2167 991 2246; x_wconf 74' lang='grc' dir='ltr'>συνήθεια,</span> <span class='ocrx_word' id='word_1_135' title='bbox 1010 2166 1057 2229; x_wconf 87' lang='grc' dir='ltr'>καί</span> <span class='ocrx_word' id='word_1_136' title='bbox 1071 2167 1112 2250; x_wconf 70' lang='grc' dir='ltr'>τῷ</span> <span class='ocrx_word' id='word_1_137' title='bbox 1129 2169 1228 2251; x_wconf 79' lang='grc' dir='ltr'>χρόνῳ</span> <span class='ocrx_word' id='word_1_138' title='bbox 1244 2172 1444 2248; x_wconf 82' lang='grc' dir='ltr'>παγιωθεῖσο,</span> 
     </span>
     <span class='ocr_line' id='line_1_17' title="bbox 394 2267 1446 2350; baseline 0 -17"><span class='ocrx_word' id='word_1_139' title='bbox 394 2274 414 2349; x_wconf 73' lang='grc' dir='ltr'><em>ἦ</em></span> <span class='ocrx_word' id='word_1_140' title='bbox 432 2297 476 2337; x_wconf 90' lang='grc' dir='ltr'>τις</span> <span class='ocrx_word' id='word_1_141' title='bbox 497 2270 544 2332; x_wconf 85' lang='grc' dir='ltr'>καὶ</span> <span class='ocrx_word' id='word_1_142' title='bbox 559 2271 650 2349; x_wconf 77' lang='grc' dir='ltr'>φύσει</span> <span class='ocrx_word' id='word_1_143' title='bbox 669 2268 856 2349; x_wconf 84' lang='grc' dir='ltr'>προσέοικεν,</span> <span class='ocrx_word' id='word_1_144' title='bbox 873 2269 952 2331; x_wconf 85' lang='grc' dir='ltr'>ώστε</span> <span class='ocrx_word' id='word_1_145' title='bbox 968 2270 999 2330; x_wconf 72' lang='grc' dir='ltr'>αἱ</span> <span class='ocrx_word' id='word_1_146' title='bbox 1019 2267 1059 2348; x_wconf 78' lang='grc' dir='ltr'>μὴ</span> <span class='ocrx_word' id='word_1_147' title='bbox 1080 2274 1213 2331; x_wconf 82' lang='grc' dir='ltr'>τοιαῦται</span> <span class='ocrx_word' id='word_1_148' title='bbox 1232 2269 1289 2350; x_wconf 76' lang='grc' dir='ltr'>οὐχ</span> <span class='ocrx_word' id='word_1_149' title='bbox 1309 2269 1446 2348; x_wconf 83' lang='grc' dir='ltr'>ἥμαρτον</span> 
     </span>
     <span class='ocr_line' id='line_1_18' title="bbox 394 2369 1446 2450; baseline 0.002 -17"><span class='ocrx_word' id='word_1_150' title='bbox 394 2375 579 2448; x_wconf 77' lang='grc' dir='ltr'>βιασθεῖσαι.</span> <span class='ocrx_word' id='word_1_151' title='bbox 619 2372 656 2432; x_wconf 80' lang='grc' dir='ltr'>Εἰ</span> <span class='ocrx_word' id='word_1_152' title='bbox 675 2371 708 2432; x_wconf 91' lang='grc' dir='ltr'>δέ</span> <span class='ocrx_word' id='word_1_153' title='bbox 728 2371 745 2431; x_wconf 86' lang='grc' dir='ltr'>ά</span> <span class='ocrx_word' id='word_1_154' title='bbox 764 2371 905 2450; x_wconf 88' lang='grc' dir='ltr'>πρότερος</span> <span class='ocrx_word' id='word_1_155' title='bbox 926 2371 1021 2432; x_wconf 81' lang='grc' dir='ltr'>αὐτῶν</span> <span class='ocrx_word' id='word_1_156' title='bbox 1038 2371 1107 2448; x_wconf 83' lang='grc' dir='ltr'>βίος</span> <span class='ocrx_word' id='word_1_157' title='bbox 1125 2371 1256 2450; x_wconf 83' lang='grc' dir='ltr'>σώφρων</span> <span class='ocrx_word' id='word_1_158' title='bbox 1274 2369 1321 2434; x_wconf 84' lang='grc' dir='ltr'>καί</span> <span class='ocrx_word' id='word_1_159' title='bbox 1339 2372 1446 2435; x_wconf 74' lang='grc' dir='ltr'>ἆνεπί·</span> 
     </span>
     <span class='ocr_line' id='line_1_19' title="bbox 394 2471 1446 2551; baseline 0 -16"><span class='ocrx_word' id='word_1_160' title='bbox 394 2480 515 2550; x_wconf 89' lang='grc' dir='ltr'>ληπτος·</span> <span class='ocrx_word' id='word_1_161' title='bbox 532 2474 729 2534; x_wconf 83' lang='grc' dir='ltr'>δουλωθεῖσαι</span> <span class='ocrx_word' id='word_1_162' title='bbox 744 2471 776 2532; x_wconf 87' lang='grc' dir='ltr'>δέ</span> <span class='ocrx_word' id='word_1_163' title='bbox 791 2473 840 2532; x_wconf 78' lang='grc' dir='ltr'>διὰ</span> <span class='ocrx_word' id='word_1_164' title='bbox 853 2474 904 2548; x_wconf 82' lang='grc' dir='ltr'>τῆς</span> <span class='ocrx_word' id='word_1_165' title='bbox 918 2472 1135 2551; x_wconf 82' lang='grc' dir='ltr'>αἰχμαλωσίας,</span> <span class='ocrx_word' id='word_1_166' title='bbox 1148 2472 1180 2533; x_wconf 84' lang='grc' dir='ltr'>ἐκ</span> <span class='ocrx_word' id='word_1_167' title='bbox 1195 2472 1266 2549; x_wconf 84' lang='grc' dir='ltr'>βίας</span> <span class='ocrx_word' id='word_1_168' title='bbox 1279 2471 1446 2549; x_wconf 77' lang='grc' dir='ltr'>ὑπέμειναν</span> 
     </span>
     <span class='ocr_line' id='line_1_20' title="bbox 395 2571 1446 2653; baseline 0.002 -18"><span class='ocrx_word' id='word_1_169' title='bbox 395 2573 449 2651; x_wconf 78' lang='grc' dir='ltr'>τὴν</span> <span class='ocrx_word' id='word_1_170' title='bbox 469 2572 714 2652; x_wconf 77' lang='grc' dir='ltr'>τῶνβαρβάρων</span> <span class='ocrx_word' id='word_1_171' title='bbox 736 2573 834 2652; x_wconf 80' lang='grc' dir='ltr'>ὕβριν,</span> <span class='ocrx_word' id='word_1_172' title='bbox 857 2571 1042 2651; x_wconf 83' lang='grc' dir='ltr'>ἆνέγκληταί</span> <span class='ocrx_word' id='word_1_173' title='bbox 1061 2575 1129 2635; x_wconf 89' lang='grc' dir='ltr'>εἰσι·</span> <span class='ocrx_word' id='word_1_174' title='bbox 1155 2573 1204 2635; x_wconf 84' lang='grc' dir='ltr'>καὶ</span> <span class='ocrx_word' id='word_1_175' title='bbox 1225 2575 1446 2653; x_wconf 78' lang='grc' dir='ltr'>παραδείγματι</span> 
     </span>
     <span class='ocr_line' id='line_1_21' title="bbox 396 2675 1446 2760; baseline -0.002 -23"><span class='ocrx_word' id='word_1_176' title='bbox 396 2676 546 2757; x_wconf 88' lang='grc' dir='ltr'>κέχρηται,</span> <span class='ocrx_word' id='word_1_177' title='bbox 560 2699 594 2753; x_wconf 83' lang='grc' dir='ltr'>τη</span> <span class='ocrx_word' id='word_1_178' title='bbox 611 2676 645 2736; x_wconf 83' lang='grc' dir='ltr'>ἐν</span> <span class='ocrx_word' id='word_1_179' title='bbox 659 2677 699 2758; x_wconf 70' lang='grc' dir='ltr'>τῷ</span> <span class='ocrx_word' id='word_1_180' title='bbox 716 2675 940 2757; x_wconf 80' lang='grc' dir='ltr'>Δεντερονομίῳ</span> <span class='ocrx_word' id='word_1_181' title='bbox 956 2676 1139 2758; x_wconf 76' lang='grc' dir='ltr'>θεσμοθεσίιρ</span> <span class='ocrx_word' id='word_1_182' title='bbox 1152 2678 1187 2760; x_wconf 78' lang='grc' dir='ltr'>τῇ</span> <span class='ocrx_word' id='word_1_183' title='bbox 1202 2675 1270 2754; x_wconf 78' lang='grc' dir='ltr'>περὶ</span> <span class='ocrx_word' id='word_1_184' title='bbox 1284 2678 1335 2751; x_wconf 82' lang='grc' dir='ltr'>τῆς</span> <span class='ocrx_word' id='word_1_185' title='bbox 1349 2681 1446 2752; x_wconf 84' lang='grc' dir='ltr'>βιασ-</span> 
     </span>
     <span class='ocr_line' id='line_1_22' title="bbox 396 2772 1443 2857; baseline 0.002 -19"><span class='ocrx_word' id='word_1_186' title='bbox 396 2778 497 2853; x_wconf 86' lang='grc' dir='ltr'>θείσης</span> <span class='ocrx_word' id='word_1_187' title='bbox 510 2773 668 2854; x_wconf 81' lang='grc' dir='ltr'>παρθένου,</span> <span class='ocrx_word' id='word_1_188' title='bbox 684 2772 721 2852; x_wconf 75' lang='grc' dir='ltr'>ἣν</span> <span class='ocrx_word' id='word_1_189' title='bbox 743 2775 777 2835; x_wconf 87' lang='grc' dir='ltr'>ἐν</span> <span class='ocrx_word' id='word_1_190' title='bbox 797 2774 901 2857; x_wconf 70' lang='grc' dir='ltr'>ἐρημίᾳ</span> <span class='ocrx_word' id='word_1_191' title='bbox 918 2777 935 2836; x_wconf 87' lang='grc' dir='ltr'><strong><em>ὁ</em></strong></span> <span class='ocrx_word' id='word_1_192' title='bbox 950 2773 1136 2854; x_wconf 84' lang='grc' dir='ltr'>βιασάμενος</span> <span class='ocrx_word' id='word_1_193' title='bbox 1154 2777 1284 2857; x_wconf 82' lang='grc' dir='ltr'>ἔφθειρε,</span> <span class='ocrx_word' id='word_1_194' title='bbox 1301 2775 1443 2856; x_wconf 88' lang='grc' dir='ltr'>λέγουσι,</span> 
     </span>
     <span class='ocr_line' id='line_1_23' title="bbox 395 2874 1445 2957; baseline 0.002 -19"><span class='ocrx_word' id='word_1_195' title='bbox 395 2877 430 2957; x_wconf 84' lang='lat' dir='ltr'>(f.</span> <span class='ocrx_word' id='word_1_196' title='bbox 452 2875 611 2957; x_wconf 83' lang='grc' dir='ltr'>λεγούσῃ),</span> <span class='ocrx_word' id='word_1_197' title='bbox 635 2875 792 2936; x_wconf 82' lang='grc' dir='ltr'>οὐκέσται</span> <span class='ocrx_word' id='word_1_198' title='bbox 814 2878 849 2952; x_wconf 74' lang='grc' dir='ltr'>τῇ</span> <span class='ocrx_word' id='word_1_199' title='bbox 873 2874 986 2938; x_wconf 91' lang='grc' dir='ltr'>νεάνιδι</span> <span class='ocrx_word' id='word_1_200' title='bbox 1007 2874 1164 2956; x_wconf 80' lang='grc' dir='ltr'>ἁμάρτημα</span> <span class='ocrx_word' id='word_1_201' title='bbox 1185 2875 1323 2940; x_wconf 88' lang='grc' dir='ltr'>θανάτου.</span> <span class='ocrx_word' id='word_1_202' title='bbox 1371 2877 1445 2939; x_wconf 82' lang='lat' dir='ltr'>Ab·</span> 
     </span>
     <span class='ocr_line' id='line_1_24' title="bbox 394 2973 1442 3042; baseline -0.001 -1"><span class='ocrx_word' id='word_1_203' title='bbox 394 2977 559 3042; x_wconf 85' lang='lat' dir='ltr'>solvuntur</span> <span class='ocrx_word' id='word_1_204' title='bbox 582 2973 712 3037; x_wconf 85' lang='lat' dir='ltr'>erimine</span> <span class='ocrx_word' id='word_1_205' title='bbox 735 2974 930 3037; x_wconf 73' lang='lat' dir='ltr'>confessores</span> <span class='ocrx_word' id='word_1_206' title='bbox 954 2975 1027 3038; x_wconf 91' lang='lat' dir='ltr'>fidei</span> <span class='ocrx_word' id='word_1_207' title='bbox 1052 2976 1242 3040; x_wconf 83' lang='lat' dir='ltr'>Christionae</span> <span class='ocrx_word' id='word_1_208' title='bbox 1269 2986 1338 3041; x_wconf 89' lang='lat' dir='ltr'>tum</span> <span class='ocrx_word' id='word_1_209' title='bbox 1361 2999 1383 3041; x_wconf 82' lang='lat' dir='ltr'>s</span> <span class='ocrx_word' id='word_1_210' title='bbox 1407 2978 1442 3042; x_wconf 91' lang='lat' dir='ltr'>S.</span> 
     </span>
     <span class='ocr_line' id='line_1_25' title="bbox 397 3074 1442 3163; baseline 0 -20"><span class='ocrx_word' id='word_1_211' title='bbox 397 3081 495 3143; x_wconf 90' lang='lat' dir='ltr'>Petro</span> <span class='ocrx_word' id='word_1_212' title='bbox 518 3074 737 3140; x_wconf 78' lang='lat' dir='ltr'>Alexandrino</span> <span class='ocrx_word' id='word_1_213' title='bbox 759 3076 792 3138; x_wconf 89' lang='lat' dir='ltr'>in</span> <span class='ocrx_word' id='word_1_214' title='bbox 817 3077 936 3139; x_wconf 77' lang='lat' dir='ltr'>anmse</span> <span class='ocrx_word' id='word_1_215' title='bbox 959 3098 1011 3139; x_wconf 79' lang='lat' dir='ltr'>suo</span> <span class='ocrx_word' id='word_1_216' title='bbox 1036 3077 1149 3141; x_wconf 63' lang='lat' dir='ltr'>deciens</span> <span class='ocrx_word' id='word_1_217' title='bbox 1173 3087 1373 3163; x_wconf 73' lang='lat' dir='ltr'>quamtum</span> <span class='ocrx_word' id='word_1_218' title='bbox 1398 3080 1442 3143; x_wconf 78' lang='lat' dir='ltr'>sb</span> 
     </span>
     <span class='ocr_line' id='line_1_26' title="bbox 394 3176 1441 3265; baseline 0.001 -21"><span class='ocrx_word' id='word_1_219' title='bbox 394 3182 566 3264; x_wconf 85' lang='lat' dir='ltr'>Anoyrsno</span> <span class='ocrx_word' id='word_1_220' title='bbox 589 3176 732 3241; x_wconf 83' lang='lat' dir='ltr'>Concilio</span> <span class='ocrx_word' id='word_1_221' title='bbox 756 3178 787 3241; x_wconf 90' lang='lat' dir='ltr'>in</span> <span class='ocrx_word' id='word_1_222' title='bbox 814 3178 933 3241; x_wconf 77' lang='grc' dir='ltr'>Οαοονιο</span> <span class='ocrx_word' id='word_1_223' title='bbox 954 3178 1120 3255; x_wconf 70' lang='lat' dir='ltr'>diedecima,</span> <span class='ocrx_word' id='word_1_224' title='bbox 1142 3181 1195 3264; x_wconf 94' lang='lat' dir='ltr'>qui</span> <span class='ocrx_word' id='word_1_225' title='bbox 1220 3180 1389 3265; x_wconf 78' lang='lat' dir='ltr'>omnigena</span> <span class='ocrx_word' id='word_1_226' title='bbox 1410 3181 1441 3245; x_wconf 83' lang='lat' dir='ltr'>vi</span> 
     </span>
     <span class='ocr_line' id='line_1_27' title="bbox 394 3279 1441 3367; baseline -0.003 -20"><span class='ocrx_word' id='word_1_227' title='bbox 394 3279 546 3367; x_wconf 78' lang='lat' dir='ltr'>compulsi</span> <span class='ocrx_word' id='word_1_228' title='bbox 575 3279 765 3364; x_wconf 77' lang='lat' dir='ltr'>idolothyta,</span> <span class='ocrx_word' id='word_1_229' title='bbox 794 3279 850 3344; x_wconf 84' lang='lat' dir='ltr'>sed</span> <span class='ocrx_word' id='word_1_230' title='bbox 876 3279 1059 3353; x_wconf 79' lang='lat' dir='ltr'><strong>renitentes,</strong></span> <span class='ocrx_word' id='word_1_231' title='bbox 1087 3281 1318 3355; x_wconf 81' lang='lat' dir='ltr'>comedissent3</span> <span class='ocrx_word' id='word_1_232' title='bbox 1352 3282 1441 3345; x_wconf 86' lang='lat' dir='ltr'>dam-</span> 
     </span>
     <span class='ocr_line' id='line_1_28' title="bbox 376 3381 1443 3467; baseline 0 -20"><span class='ocrx_word' id='word_1_233' title='bbox 376 3385 514 3449; x_wconf 62' lang='lat' dir='ltr'>&#39;nentur</span> <span class='ocrx_word' id='word_1_234' title='bbox 538 3391 647 3447; x_wconf 84' lang='lat' dir='ltr'>sutem</span> <span class='ocrx_word' id='word_1_235' title='bbox 669 3382 690 3444; x_wconf 92' lang='lat' dir='ltr'>ii</span> <span class='ocrx_word' id='word_1_236' title='bbox 714 3388 747 3445; x_wconf 90' lang='lat' dir='ltr'>et</span> <span class='ocrx_word' id='word_1_237' title='bbox 768 3381 909 3466; x_wconf 81' lang='lat' dir='ltr'>graviter</span> <span class='ocrx_word' id='word_1_238' title='bbox 930 3381 1106 3465; x_wconf 84' lang='lat' dir='ltr'>puniuntur</span> <span class='ocrx_word' id='word_1_239' title='bbox 1127 3404 1167 3445; x_wconf 87' lang='lat' dir='ltr'>ex</span> <span class='ocrx_word' id='word_1_240' title='bbox 1193 3384 1313 3446; x_wconf 70' lang='lat' dir='ltr'>Oenone</span> <span class='ocrx_word' id='word_1_241' title='bbox 1333 3393 1443 3467; x_wconf 72' lang='lat' dir='ltr'>quarto</span> 
     </span>
     <span class='ocr_line' id='line_1_29' title="bbox 394 3482 1440 3570; baseline 0 -20"><span class='ocrx_word' id='word_1_242' title='bbox 394 3487 535 3570; x_wconf 89' lang='lat' dir='ltr'>ejusdem</span> <span class='ocrx_word' id='word_1_243' title='bbox 550 3483 691 3557; x_wconf 79' lang='lat' dir='ltr'>Concilii,</span> <span class='ocrx_word' id='word_1_244' title='bbox 707 3482 761 3567; x_wconf 91' lang='lat' dir='ltr'>qui</span> <span class='ocrx_word' id='word_1_245' title='bbox 776 3491 946 3567; x_wconf 80' lang='lat' dir='ltr'><strong>postquam</strong></span> <span class='ocrx_word' id='word_1_246' title='bbox 969 3505 1060 3545; x_wconf 78' lang='lat' dir='ltr'>soors</span> <span class='ocrx_word' id='word_1_247' title='bbox 1074 3483 1178 3547; x_wconf 83' lang='lat' dir='ltr'>faeere</span> <span class='ocrx_word' id='word_1_248' title='bbox 1198 3484 1300 3546; x_wconf 82' lang='lat' dir='ltr'>eoacti</span> <span class='ocrx_word' id='word_1_249' title='bbox 1321 3496 1440 3562; x_wconf 85' lang='lat' dir='ltr'>essent,</span> 
     </span>
     <span class='ocr_line' id='line_1_30' title="bbox 394 3582 1439 3669; baseline -0.001 -19"><span class='ocrx_word' id='word_1_250' title='bbox 394 3588 427 3650; x_wconf 89' lang='lat' dir='ltr'>in</span> <span class='ocrx_word' id='word_1_251' title='bbox 442 3587 597 3648; x_wconf 89' lang='lat' dir='ltr'>idolorum</span> <span class='ocrx_word' id='word_1_252' title='bbox 612 3582 739 3666; x_wconf 87' lang='lat' dir='ltr'>templis</span> <span class='ocrx_word' id='word_1_253' title='bbox 756 3603 828 3645; x_wconf 88' lang='lat' dir='ltr'>eum</span> <span class='ocrx_word' id='word_1_254' title='bbox 846 3583 922 3647; x_wconf 82' lang='lat' dir='ltr'>laete</span> <span class='ocrx_word' id='word_1_255' title='bbox 937 3584 1000 3646; x_wconf 88' lang='lat' dir='ltr'>oris</span> <span class='ocrx_word' id='word_1_256' title='bbox 1020 3585 1216 3667; x_wconf 80' lang='lat' dir='ltr'>vestitusque</span> <span class='ocrx_word' id='word_1_257' title='bbox 1233 3585 1336 3669; x_wconf 85' lang='lat' dir='ltr'>speeie</span> <span class='ocrx_word' id='word_1_258' title='bbox 1355 3587 1439 3649; x_wconf 70' lang='grc' dir='ltr'>δδια·</span> 
     </span>
     <span class='ocr_line' id='line_1_31' title="bbox 394 3683 1440 3770; baseline -0.001 -21"><span class='ocrx_word' id='word_1_259' title='bbox 394 3691 494 3770; x_wconf 82' lang='grc' dir='ltr'>φόρος</span> <span class='ocrx_word' id='word_1_260' title='bbox 517 3684 599 3748; x_wconf 83' lang='lat' dir='ltr'>vesei</span> <span class='ocrx_word' id='word_1_261' title='bbox 622 3683 680 3747; x_wconf 86' lang='lat' dir='ltr'>visi</span> <span class='ocrx_word' id='word_1_262' title='bbox 703 3683 846 3748; x_wconf 81' lang='lat' dir='ltr'>fuissent.</span> <span class='ocrx_word' id='word_1_263' title='bbox 894 3685 1003 3747; x_wconf 89' lang='lat' dir='ltr'>Minus</span> <span class='ocrx_word' id='word_1_264' title='bbox 1029 3694 1138 3748; x_wconf 84' lang='lat' dir='ltr'>eutem</span> <span class='ocrx_word' id='word_1_265' title='bbox 1161 3694 1258 3762; x_wconf 86' lang='lat' dir='ltr'>reete,</span> <span class='ocrx_word' id='word_1_266' title='bbox 1281 3687 1312 3749; x_wconf 89' lang='lat' dir='ltr'>ni</span> <span class='ocrx_word' id='word_1_267' title='bbox 1336 3687 1440 3761; x_wconf 75' lang='lat' dir='ltr'>fallor,</span> 
     </span>
     <span class='ocr_line' id='line_1_32' title="bbox 394 3783 1441 3873; baseline -0.001 -19"><span class='ocrx_word' id='word_1_268' title='bbox 394 3787 509 3854; x_wconf 75' lang='lat' dir='ltr'><strong>statuit</strong></span> <span class='ocrx_word' id='word_1_269' title='bbox 522 3785 699 3850; x_wconf 79' lang='lat' dir='ltr'>Metthaeus</span> <span class='ocrx_word' id='word_1_270' title='bbox 710 3783 874 3849; x_wconf 82' lang='lat' dir='ltr'>Blesteres</span> <span class='ocrx_word' id='word_1_271' title='bbox 885 3785 918 3849; x_wconf 88' lang='lat' dir='ltr'>in</span> <span class='ocrx_word' id='word_1_272' title='bbox 930 3790 1128 3871; x_wconf 67' lang='grc' dir='ltr'>άγτιτορνιαόο</span> <span class='ocrx_word' id='word_1_273' title='bbox 1137 3787 1344 3873; x_wconf 68' lang='grc' dir='ltr'>Αἰρίιαδετιῗοο,</span> <span class='ocrx_word' id='word_1_274' title='bbox 1354 3789 1441 3872; x_wconf 91' lang='lat' dir='ltr'>quod</span> 
     </span>
    </p>
   </div>
   <div class='ocr_carea' id='block_1_3' title="bbox 393 3885 1440 4585">
    <p class='ocr_par' dir='ltr' id='par_1_3' title="bbox 393 3885 1440 4585">
     <span class='ocr_line' id='line_1_33' title="bbox 394 3885 1438 3976; baseline -0.002 -21"><span class='ocrx_word' id='word_1_275' title='bbox 394 3893 426 3955; x_wconf 91' lang='lat' dir='ltr'>in</span> <span class='ocrx_word' id='word_1_276' title='bbox 449 3887 599 3974; x_wconf 71' lang='lat' dir='ltr'>Synodieo</span> <span class='ocrx_word' id='word_1_277' title='bbox 618 3909 675 3950; x_wconf 89' lang='lat' dir='ltr'>suo</span> <span class='ocrx_word' id='word_1_278' title='bbox 694 3885 814 3972; x_wconf 88' lang='lat' dir='ltr'>primus</span> <span class='ocrx_word' id='word_1_279' title='bbox 835 3887 936 3954; x_wconf 81' lang='lat' dir='ltr'>edidit</span> <span class='ocrx_word' id='word_1_280' title='bbox 956 3888 1147 3974; x_wconf 85' lang='lat' dir='ltr'>Bevoregius</span> <span class='ocrx_word' id='word_1_281' title='bbox 1167 3890 1235 3954; x_wconf 88' lang='lat' dir='ltr'>Lit.</span> <span class='ocrx_word' id='word_1_282' title='bbox 1253 3891 1299 3956; x_wconf 91' lang='lat' dir='ltr'>M.</span> <span class='ocrx_word' id='word_1_283' title='bbox 1316 3913 1343 3953; x_wconf 90' lang='lat' dir='ltr'>o.</span> <span class='ocrx_word' id='word_1_284' title='bbox 1358 3913 1390 3953; x_wconf 83' lang='lat' dir='ltr'>x.</span> <span class='ocrx_word' id='word_1_285' title='bbox 1407 3914 1438 3976; x_wconf 90' lang='lat' dir='ltr'>p.</span> 
     </span>
     <span class='ocr_line' id='line_1_34' title="bbox 394 3990 1440 4077; baseline -0.003 -20"><span class='ocrx_word' id='word_1_286' title='bbox 394 3994 443 4061; x_wconf 80' lang='lat'>82.</span> <span class='ocrx_word' id='word_1_287' title='bbox 460 4000 494 4057; x_wconf 86' lang='lat' dir='ltr'>st</span> <span class='ocrx_word' id='word_1_288' title='bbox 510 3990 574 4055; x_wconf 90' lang='lat' dir='ltr'>Lit.</span> <span class='ocrx_word' id='word_1_289' title='bbox 592 3990 638 4052; x_wconf 92' lang='grc' dir='ltr'>ΙΙ.</span> <span class='ocrx_word' id='word_1_290' title='bbox 662 4013 690 4054; x_wconf 88' lang='grc' dir='ltr'>α.</span> <span class='ocrx_word' id='word_1_291' title='bbox 706 4011 757 4053; x_wconf 87' lang='lat' dir='ltr'>xv.</span> <span class='ocrx_word' id='word_1_292' title='bbox 781 4013 811 4075; x_wconf 89' lang='lat' dir='ltr'>p.</span> <span class='ocrx_word' id='word_1_293' title='bbox 830 4008 902 4074; x_wconf 82' lang='lat'>223.</span> <span class='ocrx_word' id='word_1_294' title='bbox 925 3999 993 4054; x_wconf 87' lang='lat' dir='ltr'>tsm</span> <span class='ocrx_word' id='word_1_295' title='bbox 1016 3991 1095 4067; x_wconf 83' lang='lat' dir='ltr'>illos,</span> <span class='ocrx_word' id='word_1_296' title='bbox 1112 3991 1165 4075; x_wconf 87' lang='lat' dir='ltr'>qui</span> <span class='ocrx_word' id='word_1_297' title='bbox 1189 3992 1276 4054; x_wconf 87' lang='lat' dir='ltr'>eibos</span> <span class='ocrx_word' id='word_1_298' title='bbox 1299 3992 1440 4077; x_wconf 80' lang='lat' dir='ltr'>impuros</span> 
     </span>
     <span class='ocr_line' id='line_1_35' title="bbox 394 4093 1439 4179; baseline -0.003 -19"><span class='ocrx_word' id='word_1_299' title='bbox 394 4095 496 4161; x_wconf 80' lang='lat' dir='ltr'>eoacti</span> <span class='ocrx_word' id='word_1_300' title='bbox 511 4093 731 4170; x_wconf 77' lang='lat' dir='ltr'>comedissent,</span> <span class='ocrx_word' id='word_1_301' title='bbox 747 4114 843 4179; x_wconf 83' lang='lat' dir='ltr'><strong>quam</strong></span> <span class='ocrx_word' id='word_1_302' title='bbox 858 4093 1014 4169; x_wconf 85' lang='lat' dir='ltr'>mulieres,</span> <span class='ocrx_word' id='word_1_303' title='bbox 1031 4093 1144 4178; x_wconf 90' lang='lat' dir='ltr'>quibus</span> <span class='ocrx_word' id='word_1_304' title='bbox 1158 4094 1205 4156; x_wconf 89' lang='lat' dir='ltr'>vis</span> <span class='ocrx_word' id='word_1_305' title='bbox 1224 4094 1325 4157; x_wconf 79' lang='lat' dir='ltr'>allata</span> <span class='ocrx_word' id='word_1_306' title='bbox 1343 4103 1439 4173; x_wconf 86' lang='lat' dir='ltr'>esset,</span> 
     </span>
     <span class='ocr_line' id='line_1_36' title="bbox 393 4194 1435 4281; baseline -0.004 -19"><span class='ocrx_word' id='word_1_307' title='bbox 393 4198 564 4262; x_wconf 88' lang='lat' dir='ltr'>seeundum</span> <span class='ocrx_word' id='word_1_308' title='bbox 597 4196 679 4260; x_wconf 82' lang='lat' dir='ltr'>hene</span> <span class='ocrx_word' id='word_1_309' title='bbox 715 4216 868 4259; x_wconf 81' lang='lat' dir='ltr'>cononem</span> <span class='ocrx_word' id='word_1_310' title='bbox 903 4194 1135 4281; x_wconf 80' lang='lat' dir='ltr'>aliquantulum</span> <span class='ocrx_word' id='word_1_311' title='bbox 1165 4195 1269 4280; x_wconf 86' lang='lat' dir='ltr'>puniri</span> <span class='ocrx_word' id='word_1_312' title='bbox 1302 4197 1435 4266; x_wconf 86' lang='lat' dir='ltr'>debere;</span> 
     </span>
     <span class='ocr_line' id='line_1_37' title="bbox 393 4295 1436 4373; baseline 0 -13"><span class='ocrx_word' id='word_1_313' title='bbox 393 4296 517 4361; x_wconf 84' lang='lat' dir='ltr'>etiamsi</span> <span class='ocrx_word' id='word_1_314' title='bbox 539 4297 788 4360; x_wconf 75' lang='lat' dir='ltr'>consentientem</span> <span class='ocrx_word' id='word_1_315' title='bbox 810 4295 870 4359; x_wconf 87' lang='lat' dir='ltr'>sibi</span> <span class='ocrx_word' id='word_1_316' title='bbox 892 4295 925 4358; x_wconf 90' lang='lat' dir='ltr'>in</span> <span class='ocrx_word' id='word_1_317' title='bbox 948 4296 1008 4359; x_wconf 83' lang='lat' dir='ltr'>heo</span> <span class='ocrx_word' id='word_1_318' title='bbox 1028 4318 1062 4359; x_wconf 88' lang='lat' dir='ltr'>re</span> <span class='ocrx_word' id='word_1_319' title='bbox 1084 4296 1305 4360; x_wconf 80' lang='lat' dir='ltr'>Belsemonem</span> <span class='ocrx_word' id='word_1_320' title='bbox 1328 4295 1436 4373; x_wconf 81' lang='lat' dir='ltr'>hebet,</span> 
     </span>
     <span class='ocr_line' id='line_1_38' title="bbox 393 4395 1436 4482; baseline -0.002 -21"><span class='ocrx_word' id='word_1_321' title='bbox 393 4398 446 4482; x_wconf 90' lang='lat' dir='ltr'>qui</span> <span class='ocrx_word' id='word_1_322' title='bbox 466 4419 618 4460; x_wconf 82' lang='lat' dir='ltr'>canonem</span> <span class='ocrx_word' id='word_1_323' title='bbox 640 4395 797 4482; x_wconf 76' lang='lat' dir='ltr'>exposuit.</span> <span class='ocrx_word' id='word_1_324' title='bbox 836 4396 954 4462; x_wconf 75' lang='lat' dir='ltr'>confer</span> <span class='ocrx_word' id='word_1_325' title='bbox 967 4407 1001 4463; x_wconf 89' lang='lat' dir='ltr'>et</span> <span class='ocrx_word' id='word_1_326' title='bbox 1021 4400 1155 4462; x_wconf 88' lang='lat' dir='ltr'>eundem</span> <span class='ocrx_word' id='word_1_327' title='bbox 1175 4398 1353 4462; x_wconf 83' lang='lat' dir='ltr'>Blastarem</span> <span class='ocrx_word' id='word_1_328' title='bbox 1372 4399 1436 4462; x_wconf 90' lang='lat' dir='ltr'>Lit.</span> 
     </span>
     <span class='ocr_line' id='line_1_39' title="bbox 393 4498 1437 4585; baseline 0.002 -22"><span class='ocrx_word' id='word_1_329' title='bbox 393 4504 436 4563; x_wconf 88' lang='lat' dir='ltr'>A.</span> <span class='ocrx_word' id='word_1_330' title='bbox 452 4521 478 4562; x_wconf 88' lang='lat' dir='ltr'>o.</span> <span class='ocrx_word' id='word_1_331' title='bbox 494 4498 514 4561; x_wconf 91' lang='lat' dir='ltr'>i.</span> <span class='ocrx_word' id='word_1_332' title='bbox 530 4519 561 4581; x_wconf 92' lang='lat' dir='ltr'>p.</span> <span class='ocrx_word' id='word_1_333' title='bbox 576 4516 608 4581; x_wconf 86' lang='lat'>5.</span> <span class='ocrx_word' id='word_1_334' title='bbox 655 4499 772 4561; x_wconf 87' lang='lat' dir='ltr'>Verum</span> <span class='ocrx_word' id='word_1_335' title='bbox 793 4504 914 4575; x_wconf 79' lang='lat' dir='ltr'>tamen,</span> <span class='ocrx_word' id='word_1_336' title='bbox 935 4499 1050 4579; x_wconf 80' lang='lat' dir='ltr'>fateor,</span> <span class='ocrx_word' id='word_1_337' title='bbox 1070 4522 1141 4564; x_wconf 88' lang='lat' dir='ltr'>oum</span> <span class='ocrx_word' id='word_1_338' title='bbox 1161 4499 1268 4585; x_wconf 80' lang='lat' dir='ltr'>lapsis,</span> <span class='ocrx_word' id='word_1_339' title='bbox 1288 4501 1341 4585; x_wconf 93' lang='lat' dir='ltr'>qui</span> <span class='ocrx_word' id='word_1_340' title='bbox 1363 4507 1437 4585; x_wconf 91' lang='lat' dir='ltr'>post</span> 
     </span>
    </p>
   </div>
   <div class='ocr_carea' id='block_1_4' title="bbox 0 0 1854 5667">
    <p class='ocr_par' dir='ltr' id='par_1_4' title="bbox 0 0 1854 5667">
     <span class='ocr_line' id='line_1_40' title="bbox 0 0 1854 5667; baseline 0 0"><span class='ocrx_word' id='word_1_341' title='bbox 0 0 1854 5667; x_wconf 95' lang='lat' dir='ltr'> </span> 
     </span>
    </p>
   </div>
  </div>
 </body>
</html>
