3700 5667
559 675 609 738 IN
634 674 863 739 SYNODUM
889 671 1264 735 ANTIOCHENAM.
1369 671 1436 735 833

397 846 513 911 cadim
528 846 620 909 Luat.
636 866 709 907 mox
730 843 904 923 Αἰμιλιανὸς
923 843 969 906 od.
986 841 1088 926 Stepls.
1135 840 1237 905 Extat
1254 861 1328 904 vero
1342 839 1437 904 leetio

396 945 536 1012 Αἰλιανὸς
556 944 588 1007 in
609 965 704 1028 musy.
727 944 773 1008 ul.
799 945 906 1008 Gamo.
930 950 964 1007 et
988 940 1155 1027 Olrislopl.
1177 941 1313 1006 Verrium
1333 940 1382 1025 (et
1404 940 1438 1003 iu

396 1047 485 1110 codd.
501 1071 522 1111 a
537 1045 661 1111 Valesio
680 1045 763 1109 infra
780 1044 987 1129 memoratis).
1033 1043 1097 1108 Sed
1119 1043 1217 1108 etiam
1239 1066 1279 1107 ex
1302 1043 1438 1107 leetions

399 1148 532 1220 thaleri¹
549 1170 603 1211 seu
623 1147 730 1210 codicis
744 1146 899 1223 Palatini,
917 1145 1145 1225 Νικομαδιανὸς,
1162 1153 1235 1209 orta
1254 1168 1294 1210 ex
1314 1145 1438 1209 duobus

396 1248 572 1313 nominibus
594 1249 726 1327 Νικόμας
746 1254 779 1311 et
803 1247 956 1321 Αἶλιανὸς,
977 1254 1069 1331 patet
1090 1246 1253 1311 librarium
1275 1247 1372 1310 istum
1395 1247 1437 1310 le-

396 1349 477 1433 gisse
492 1350 642 1415 Αἰλιανός.
665 1348 796 1412 Srnorn.
822 1349 968 1414 'Habent
984 1351 1155 1433 Νικόμαχος
1169 1357 1203 1414 et
1219 1349 1439 1429 Νικομαδιανὸς

398 1452 497 1513 MSS.
512 1450 653 1534 Norfolo.
669 1460 703 1514 et
717 1452 828 1515 Puris.
848 1472 875 1516 1.

439 1552 477 1616 P.
491 1571 563 1637 303.
579 1552 599 1614 l.
616 1573 645 1636 9.
669 1553 826 1640 Αἰλιανὸς]
846 1555 1021 1634 Αἰμιλιανὸς
1040 1556 1090 1619 ed.
1108 1554 1220 1639 steph.
1269 1555 1309 1617 In
1330 1554 1438 1618 eodies

398 1655 481 1719 Μαι.
499 1653 581 1717 Fuh.
596 1654 668 1718 Sav.
683 1660 717 1718 et
734 1655 820 1718 Med.
837 1657 979 1722 Αἰλιανὸς
993 1657 1118 1742 legitur.
1163 1657 1298 1720 Rufinus
1313 1679 1439 1742 quoque

397 1757 562 1819 Allienum
584 1766 684 1832 voest,
707 1766 804 1841 atque
827 1758 874 1822 ita
894 1758 961 1823 fers
986 1757 1184 1842 Nicephorus
1207 1766 1241 1822 et
1265 1759 1437 1842 Synoellus.

397 1859 544 1924 (letarum
559 1857 754 1922 Athanasius
775 1860 808 1924 in
822 1860 902 1923 libro
917 1861 958 1924 de
978 1861 1115 1945 Synodis
1130 1860 1268 1923 Arimini
1283 1869 1317 1923 et
1333 1859 1440 1924 Seleu·

397 1961 464 2037 eiae,
478 1966 617 2022 testatur
635 1960 668 2023 in
688 1960 747 2024 hae
766 1960 893 2045 Synodo
909 1981 961 2044 70.
976 1961 1073 2025 fuisse
1097 1961 1212 2024 Patres
1235 1961 1289 2046 qui
1305 1961 1440 2024 Paulum

398 2062 650 2125 samosatensem
687 2062 910 2146 deposuerunt.
950 2063 1036 2126 Hau.
1071 2062 1236 2126 Vsnnsms.
1297 2062 1441 2130 Αἶλιανὸς

399 2170 563 2247 praestant,
587 2163 743 2228 referente
769 2164 926 2241 Burtono,
950 2165 1033 2228 codd.
1066 2186 1192 2248 quoque
1216 2165 1312 2247 Nors.
1342 2165 1440 2227 Vener.

399 2265 639 2349 Florauinique.
672 2267 847 2346 Αἰμιλιανὸς
867 2267 954 2331 codd.
972 2269 1047 2351 Ray.
1067 2276 1101 2331 et
1121 2268 1230 2331 Poris.
1247 2284 1277 2341 2,
1296 2289 1316 2330 a
1331 2266 1440 2330 Paris.

399 2389 473 2431 sero
497 2368 599 2452 priori
625 2390 687 2431 vox
712 2369 813 2433 abest.
869 2372 909 2433 ln
936 2370 1089 2455 Soallqsri
1113 2371 1190 2433 MS.
1217 2369 1360 2436 Αἶλιανὸς
1389 2391 1442 2433 ex·

399 2469 501 2533 tabat.
539 2470 682 2534 Hilarius
697 2471 729 2533 in
744 2471 825 2535 libro
840 2474 889 2536 De
904 2473 1045 2556 synodis,
1062 2480 1197 2536 notante
1213 2471 1383 2534 Harduino
1399 2472 1442 2535 ad

400 2593 499 2658 marg.
522 2574 572 2636 ed.
595 2595 660 2637 suae
687 2574 898 2650 Consiliorum,
922 2575 974 2637 ubi
998 2574 1181 2638 Eusebiana
1203 2595 1277 2658 pars
1301 2573 1442 2658 epistolis

400 2674 579 2748 oolloeatur,
595 2685 703 2761 patres
717 2677 795 2740 dioit
810 2677 905 2740 fuisso
925 2677 1099 2761 octoginta.
1143 2678 1248 2739 Immo
1268 2682 1366 2761 auget
1386 2698 1443 2740 nu·

401 2798 519 2839 merum
535 2778 687 2861 usquead
703 2786 828 2841 eentum
844 2789 878 2843 st
893 2778 1057 2863 octoginta
1073 2778 1209 2841 Basilius
1229 2778 1391 2843 Diaoonus
1410 2778 1443 2841 in

401 2877 515 2942 Libello
536 2880 690 2964 Supplici,
710 2902 803 2965 quem
824 2881 1003 2945 Theodosio
1023 2881 1140 2945 obtulit
1158 2888 1192 2945 et
1209 2881 1443 2957 Valentiniano,

402 2981 490 3046 utin
513 2981 682 3045 Annalibus
702 2982 767 3046 suis
790 2992 900 3046 narrat
923 2983 1102 3068 Basnagius
1123 2983 1165 3046 ad
1187 3004 1239 3047 an.
1263 2985 1335 3067 269.
1360 3005 1391 3046 n.
1411 3006 1443 3063 4.

403 3084 487 3145 Dum
503 3105 576 3146 vero
594 3083 704 3147 scribit
722 3084 762 3146 de
781 3093 944 3168 postrema
963 3085 1023 3149 hae
1043 3085 1164 3170 synodo
1185 3083 1356 3160 Eusebius,
1372 3107 1442 3169 eap.

405 3203 453 3268 29.
468 3187 638 3252 τελευταίας
657 3189 905 3267 συγκροτηθείσης
924 3189 1076 3250 πλείστων
1090 3189 1171 3248 ὅσον
1186 3188 1357 3249 ἐπισκόπων
1372 3211 1441 3250 συν·

403 3287 481 3362 loos,
503 3295 589 3350 reete
609 3295 740 3351 monent
760 3288 802 3350 ad
825 3289 1040 3354 Athanasium
1060 3290 1109 3352 De
1129 3287 1260 3369 Syrudis
1281 3309 1354 3373 pag.
1372 3304 1444 3371 757.

403 3387 539 3451 editores
563 3388 759 3453 Benedictini
788 3413 808 3454 a
835 3390 1013 3476 lteadingio
1042 3390 1105 3453 huo
1133 3388 1232 3461 allati,
1258 3389 1446 3452 vertendum

403 3508 481 3563 esse,
495 3489 784 3573 quamplurimorum
799 3494 1010 3577 ephooporum.
1057 3490 1222 3572 Iidemque
1238 3497 1363 3566 notant,
1379 3488 1445 3551 nul·

403 3587 466 3652 lam
484 3589 619 3654 fortasse
639 3590 864 3656 dissensionem
881 3595 966 3657 inter
982 3591 1144 3656 Hilarium
1163 3612 1232 3654 esse
1248 3599 1282 3655 et
1298 3589 1445 3655 Athana-

404 3690 492 3767 sium,
508 3712 638 3756 numero
658 3693 741 3756 enim
760 3694 852 3779 pleno
868 3715 920 3778 70.
936 3704 970 3761 et
986 3698 1037 3760 80.
1054 3693 1115 3758 diei
1131 3715 1234 3778 posse,
1251 3693 1304 3778 qui
1320 3701 1446 3778 septua-

404 3795 564 3877 genarium
593 3795 715 3879 aliquot
743 3798 881 3861 numeris
910 3798 1078 3861 exsudant.
1134 3793 1272 3866 Interea,
1299 3794 1374 3857 dum
1399 3795 1447 3860 ait

406 3894 539 3960 Photius
556 3897 589 3960 in
605 3899 788 3961 arsamus
804 3922 825 3963 a
842 3899 880 3962 ol.
898 3901 1048 3963 Fontano
1064 3896 1236 3961 Florentia
1250 3918 1335 3960 anno
1354 3898 1445 3980 1785.

405 3995 538 4079 primum
564 3998 669 4074 editis,
691 4000 778 4062 Eros.
798 4000 840 4063 ri.
862 4023 894 4085 p.
914 4019 968 4080 42.
996 3999 1132 4063 Paulum
1160 4000 1403 4062 Samosatenum
1426 4017 1448 4059 a

406 4096 557 4161 duodecim
570 4100 736 4186 episeopis,
746 4103 831 4186 quod
841 4103 961 4165 nudum
973 4102 1133 4165 hominem
1142 4121 1211 4163 esse
1222 4098 1386 4163 Christum
1397 4096 1445 4159 di·

406 4208 499 4272 aeret,
515 4201 757 4266 eondemnatum
773 4203 879 4279 fuisse,
891 4203 967 4266 illud
982 4211 1107 4288 spectat
1122 4201 1164 4264 ad
1176 4200 1341 4284 episcopos
1357 4197 1447 4260 initio

405 4299 545 4384 epistolis
565 4303 728 4387 Synodiss
744 4317 1019 4368 commemoratos.
1067 4304 1198 4366 Partem
1212 4321 1286 4364 voro
1301 4297 1446 4383 catalogi

407 4412 532 4485 patrum
552 4405 685 4468 istorum
705 4429 744 4469 ex
764 4408 928 4470 Gennano
942 4404 1119 4470 (lPolitano
1134 4400 1268 4488 protulit
1282 4399 1398 4464 Gavius
1416 4399 1446 4462 in

408 4503 491 4567 Hs’sl.
506 4506 666 4570 literaria
682 4530 757 4571 roeo
774 4509 913 4591 Magum
929 4507 961 4570 in
982 4528 1045 4590 qua
1063 4513 1201 4588 quatuor
1219 4522 1302 4565 nova
1320 4499 1449 4563 nomina

407 4604 555 4681 existunt,
572 4610 635 4671 Leo
663 4610 827 4682 Turrem,
844 4610 981 4693 Moyses,
999 4606 1160 4680 Pluinna,
1178 4601 1354 4667 Marcellus.
1391 4600 1448 4662 Ait

407 4707 527 4783 Gavius,
556 4721 577 4745 ‘¹
594 4714 773 4774 (inmissus
801 4711 867 4774 (ΞΡ.
894 4710 926 4772 in
960 4709 1150 4792 Dogmatico
1178 4706 1220 4769 sd
1252 4703 1445 4768 Anthimum
