<?xml version="1.0" encoding="UTF-8"?>
<!DOCTYPE html PUBLIC "-//W3C//DTD XHTML 1.0 Transitional//EN"
    "http://www.w3.org/TR/xhtml1/DTD/xhtml1-transitional.dtd">
<html xmlns="http://www.w3.org/1999/xhtml" xml:lang="en" lang="en">
 <head>
  <title>
</title>
<meta http-equiv="Content-Type" content="text/html;charset=utf-8" />
  <meta name='ocr-system' content='tesseract 3.04.00' />
  <meta name='ocr-capabilities' content='ocr_page ocr_carea ocr_par ocr_line ocrx_word'/>
</head>
<body>
  <div class='ocr_page' id='page_1' title='image "./reliquiaesacrae08routgoog_0315.png"; bbox 0 0 3700 5667; ppageno 0'>
   <div class='ocr_carea' id='block_1_1' title="bbox 398 684 1406 759">
    <p class='ocr_par' dir='ltr' id='par_1_1' title="bbox 398 684 1406 759">
     <span class='ocr_line' id='line_1_1' title="bbox 398 684 1406 759; baseline 0.011 -11"><span class='ocrx_word' id='word_1_1' title='bbox 398 684 504 749; x_wconf 89' lang='lat' dir='ltr'><strong>SYN.</strong></span> <span class='ocrx_word' id='word_1_2' title='bbox 521 685 754 750; x_wconf 85' lang='lat' dir='ltr'><strong>ANTIOCH.</strong></span> <span class='ocrx_word' id='word_1_3' title='bbox 770 686 879 751; x_wconf 83' lang='lat' dir='ltr'><strong>ADV.</strong></span> <span class='ocrx_word' id='word_1_4' title='bbox 897 687 1105 753; x_wconf 86' lang='lat' dir='ltr'>PAULUM</span> <span class='ocrx_word' id='word_1_5' title='bbox 1128 690 1295 754; x_wconf 84' lang='lat' dir='ltr'>SAMOS.</span> <span class='ocrx_word' id='word_1_6' title='bbox 1339 692 1406 759; x_wconf 78' lang='lat'>809</span> 
     </span>
    </p>
   </div>
   <div class='ocr_carea' id='block_1_2' title="bbox 315 850 1408 2981">
    <p class='ocr_par' dir='ltr' id='par_1_2' title="bbox 315 850 1408 2981">
     <span class='ocr_line' id='line_1_2' title="bbox 353 850 1405 961; baseline 0.01 -31"><span class='ocrx_word' id='word_1_7' title='bbox 353 854 392 931; x_wconf 89' lang='grc' dir='ltr'>τί</span> <span class='ocrx_word' id='word_1_8' title='bbox 417 850 462 930; x_wconf 80' lang='grc' dir='ltr'>ἂν</span> <span class='ocrx_word' id='word_1_9' title='bbox 492 862 605 932; x_wconf 82' lang='grc' dir='ltr'>ταῦτα</span> <span class='ocrx_word' id='word_1_10' title='bbox 636 853 866 961; x_wconf 71' lang='grc' dir='ltr'>γράφοιμεν,</span> <span class='ocrx_word' id='word_1_11' title='bbox 908 855 1133 957; x_wconf 76' lang='grc' dir='ltr'>ἐπιστάμεθα</span> <span class='ocrx_word' id='word_1_12' title='bbox 1160 858 1197 938; x_wconf 81' lang='grc' dir='ltr'>δὲ</span> <span class='ocrx_word' id='word_1_13' title='bbox 1225 862 1405 961; x_wconf 78' lang='grc' dir='ltr'>ἀγαπητοὶ</span> 
     </span>
     <span class='ocr_line' id='line_1_3' title="bbox 355 985 1406 1097; baseline 0.008 -31"><span class='ocrx_word' id='word_1_14' title='bbox 355 986 408 1066; x_wconf 79' lang='grc' dir='ltr'>ὅτι</span> <span class='ocrx_word' id='word_1_15' title='bbox 426 985 491 1066; x_wconf 86' lang='grc' dir='ltr'>τὸν</span> <span class='ocrx_word' id='word_1_16' title='bbox 508 989 704 1068; x_wconf 83' lang='grc' dir='ltr'>ἐπίσκοπον</span> <span class='ocrx_word' id='word_1_17' title='bbox 722 993 779 1069; x_wconf 83' lang='grc' dir='ltr'>καὶ</span> <span class='ocrx_word' id='word_1_18' title='bbox 804 988 846 1069; x_wconf 82' lang='grc' dir='ltr'>τὸ</span> <span class='ocrx_word' id='word_1_19' title='bbox 871 996 1039 1095; x_wconf 84' lang='grc' dir='ltr'>ῖεματεΐον</span> <span class='ocrx_word' id='word_1_20' title='bbox 1063 989 1161 1072; x_wconf 80' lang='grc' dir='ltr'>ἅπαν</span> <span class='ocrx_word' id='word_1_21' title='bbox 1179 992 1406 1097; x_wconf 74' lang='grc' dir='ltr'>παράδειγμα</span> 
     </span>
     <span class='ocr_line' id='line_1_4' title="bbox 355 1118 1407 1229; baseline 0.01 -30"><span class='ocrx_word' id='word_1_22' title='bbox 355 1118 442 1202; x_wconf 83' lang='grc' dir='ltr'>εἶναι</span> <span class='ocrx_word' id='word_1_23' title='bbox 466 1126 522 1201; x_wconf 85' lang='grc' dir='ltr'>δεῖ</span> <span class='ocrx_word' id='word_1_24' title='bbox 542 1129 593 1229; x_wconf 79' lang='grc' dir='ltr'>τῷ</span> <span class='ocrx_word' id='word_1_25' title='bbox 616 1124 747 1223; x_wconf 77' lang='grc' dir='ltr'>πλήθει</span> <span class='ocrx_word' id='word_1_26' title='bbox 771 1123 918 1205; x_wconf 82' lang='grc' dir='ltr'>πάντων</span> <span class='ocrx_word' id='word_1_27' title='bbox 944 1133 1067 1206; x_wconf 82' lang='grc' dir='ltr'>καλῶν</span> <span class='ocrx_word' id='word_1_28' title='bbox 1091 1126 1215 1229; x_wconf 78' lang='grc' dir='ltr'>ἔργον·</span> <span class='ocrx_word' id='word_1_29' title='bbox 1247 1131 1305 1207; x_wconf 81' lang='grc' dir='ltr'>καὶ</span> <span class='ocrx_word' id='word_1_30' title='bbox 1327 1128 1407 1209; x_wconf 73' lang='grc' dir='ltr'>οὐδὲ</span> 
     </span>
     <span class='ocr_line' id='line_1_5' title="bbox 355 1257 1406 1362; baseline 0.01 -27"><span class='ocrx_word' id='word_1_31' title='bbox 355 1259 464 1336; x_wconf 81' lang='grc' dir='ltr'>ἐκεῖνο</span> <span class='ocrx_word' id='word_1_32' title='bbox 493 1260 699 1358; x_wconf 85' lang='grc' dir='ltr'>ἀγνοοῦμεν,</span> <span class='ocrx_word' id='word_1_33' title='bbox 725 1259 806 1339; x_wconf 80' lang='grc' dir='ltr'>ὅσοι</span> <span class='ocrx_word' id='word_1_34' title='bbox 831 1257 901 1341; x_wconf 78' lang='grc' dir='ltr'>ὑπὸ</span> <span class='ocrx_word' id='word_1_35' title='bbox 926 1269 990 1340; x_wconf 85' lang='grc' dir='ltr'>τοῦ</span> <span class='ocrx_word' id='word_1_36' title='bbox 1014 1260 1243 1362; x_wconf 82' lang='grc' dir='ltr'>συνεισάγειν</span> <span class='ocrx_word' id='word_1_37' title='bbox 1271 1264 1406 1348; x_wconf 71' lang='grc' dir='ltr'>εἀυτοῖς</span> 
     </span>
     <span class='ocr_line' id='line_1_6' title="bbox 330 1393 1406 1499; baseline 0.006 -28"><span class='ocrx_word' id='word_1_38' title='bbox 330 1401 523 1495; x_wconf 64' lang='grc' dir='ltr'>,γυναῖκας’</span> <span class='ocrx_word' id='word_1_39' title='bbox 542 1393 723 1499; x_wconf 72' lang='grc' dir='ltr'>ἐξέπεσον·</span> <span class='ocrx_word' id='word_1_40' title='bbox 758 1400 791 1474; x_wconf 83' lang='grc' dir='ltr'>οῖ</span> <span class='ocrx_word' id='word_1_41' title='bbox 810 1397 839 1473; x_wconf 78' lang='grc' dir='ltr'>δ’</span> <span class='ocrx_word' id='word_1_42' title='bbox 860 1396 1157 1496; x_wconf 78' lang='grc' dir='ltr'>ῖπαπττειίθησαν·</span> <span class='ocrx_word' id='word_1_43' title='bbox 1189 1396 1277 1477; x_wconf 83' lang='grc' dir='ltr'>ὥστ’</span> <span class='ocrx_word' id='word_1_44' title='bbox 1298 1402 1357 1477; x_wconf 81' lang='grc' dir='ltr'>καὶ</span> <span class='ocrx_word' id='word_1_45' title='bbox 1376 1404 1406 1478; x_wconf 89' lang='grc' dir='ltr'>εῖ</span> 
     </span>
     <span class='ocr_line' id='line_1_7' title="bbox 356 1528 1406 1635; baseline 0.004 -28"><span class='ocrx_word' id='word_1_46' title='bbox 356 1530 432 1628; x_wconf 95' lang='grc' dir='ltr'>δοίη</span> <span class='ocrx_word' id='word_1_47' title='bbox 457 1532 510 1612; x_wconf 77' lang='grc' dir='ltr'>τῖς</span> <span class='ocrx_word' id='word_1_48' title='bbox 533 1530 629 1635; x_wconf 78' lang='grc' dir='ltr'>αὐτῷ</span> <span class='ocrx_word' id='word_1_49' title='bbox 652 1528 694 1608; x_wconf 82' lang='grc' dir='ltr'>τὸ</span> <span class='ocrx_word' id='word_1_50' title='bbox 718 1528 828 1629; x_wconf 75' lang='grc' dir='ltr'>μηδὲν</span> <span class='ocrx_word' id='word_1_51' title='bbox 846 1528 1001 1633; x_wconf 74' lang='grc' dir='ltr'>ἀσελγὲς</span> <span class='ocrx_word' id='word_1_52' title='bbox 1018 1538 1142 1628; x_wconf 80' lang='grc' dir='ltr'>ποιεῖν,</span> <span class='ocrx_word' id='word_1_53' title='bbox 1161 1530 1261 1610; x_wconf 83' lang='grc' dir='ltr'>ἀλλὰ</span> <span class='ocrx_word' id='word_1_54' title='bbox 1279 1529 1345 1630; x_wconf 86' lang='grc' dir='ltr'>τήν</span> <span class='ocrx_word' id='word_1_55' title='bbox 1363 1566 1406 1634; x_wconf 83' lang='grc' dir='ltr'>γε</span> 
     </span>
     <span class='ocr_line' id='line_1_8' title="bbox 357 1664 1404 1774; baseline 0.005 -31"><span class='ocrx_word' id='word_1_56' title='bbox 357 1665 525 1744; x_wconf 79' lang='grc' dir='ltr'>ὑπόνοιαν</span> <span class='ocrx_word' id='word_1_57' title='bbox 544 1664 610 1763; x_wconf 78' lang='grc' dir='ltr'>τὴν</span> <span class='ocrx_word' id='word_1_58' title='bbox 636 1669 675 1746; x_wconf 78' lang='grc' dir='ltr'>ἐκ</span> <span class='ocrx_word' id='word_1_59' title='bbox 699 1674 763 1744; x_wconf 79' lang='grc' dir='ltr'>τοῦ</span> <span class='ocrx_word' id='word_1_60' title='bbox 787 1665 947 1746; x_wconf 79' lang='grc' dir='ltr'>τοιούτου</span> <span class='ocrx_word' id='word_1_61' title='bbox 973 1667 1185 1770; x_wconf 77' lang='grc' dir='ltr'>πράγματος</span> <span class='ocrx_word' id='word_1_62' title='bbox 1211 1668 1404 1774; x_wconf 73' lang='grc' dir='ltr'>φυομεῖπην,</span> 
     </span>
     <span class='ocr_line' id='line_1_9' title="bbox 356 1798 1407 1906; baseline 0.005 -30"><span class='ocrx_word' id='word_1_63' title='bbox 356 1801 463 1902; x_wconf 78' lang='grc' dir='ltr'>ἐχρῆν</span> <span class='ocrx_word' id='word_1_64' title='bbox 481 1800 734 1898; x_wconf 79' lang='grc' dir='ltr'>εὐλαβηθῆναι,</span> <span class='ocrx_word' id='word_1_65' title='bbox 752 1798 802 1898; x_wconf 87' lang='grc' dir='ltr'>μή</span> <span class='ocrx_word' id='word_1_66' title='bbox 826 1834 906 1880; x_wconf 87' lang='grc' dir='ltr'>τινα</span> <span class='ocrx_word' id='word_1_67' title='bbox 931 1803 1173 1906; x_wconf 76' lang='grc' dir='ltr'>σκανδαλίσῃ,</span> <span class='ocrx_word' id='word_1_68' title='bbox 1191 1800 1274 1884; x_wconf 76' lang='grc' dir='ltr'>τοὺς</span> <span class='ocrx_word' id='word_1_69' title='bbox 1292 1801 1329 1881; x_wconf 75' lang='grc' dir='ltr'>δὲ</span> <span class='ocrx_word' id='word_1_70' title='bbox 1348 1806 1407 1881; x_wconf 84' lang='grc' dir='ltr'>καὶ</span> 
     </span>
     <span class='ocr_line' id='line_1_10' title="bbox 356 1935 1406 2043; baseline 0.005 -31"><span class='ocrx_word' id='word_1_71' title='bbox 356 1941 540 2034; x_wconf 88' lang='grc' dir='ltr'>μιμεῖσθαι</span> <span class='ocrx_word' id='word_1_72' title='bbox 567 1936 824 2041; x_wconf 74' lang='grc' dir='ltr'>προτρέψηται.</span> <span class='ocrx_word' id='word_1_73' title='bbox 853 1944 930 2021; x_wconf 77' lang='grc' dir='ltr'>πῶς</span> <span class='ocrx_word' id='word_1_74' title='bbox 959 1936 1031 2041; x_wconf 79' lang='grc' dir='ltr'>γὰρ</span> <span class='ocrx_word' id='word_1_75' title='bbox 1059 1936 1103 2018; x_wconf 78' lang='grc' dir='ltr'>ἂν</span> <span class='ocrx_word' id='word_1_76' title='bbox 1130 1935 1356 2043; x_wconf 83' lang='grc' dir='ltr'>ἐπιπλήξειεν</span> <span class='ocrx_word' id='word_1_77' title='bbox 1383 1936 1406 2037; x_wconf 83' lang='grc' dir='ltr'>ἢ</span> 
     </span>
     <span class='ocr_line' id='line_1_11' title="bbox 315 2064 1407 2171; baseline 0.005 -27"><span class='ocrx_word' id='word_1_78' title='bbox 315 2064 599 2165; x_wconf 84' lang='grc' dir='ltr'>ιονουθετήσειεν</span> <span class='ocrx_word' id='word_1_79' title='bbox 632 2068 760 2169; x_wconf 82' lang='grc' dir='ltr'>ἕτερον,</span> <span class='ocrx_word' id='word_1_80' title='bbox 791 2080 806 2111; x_wconf 85' lang='lat'>¹</span> <span class='ocrx_word' id='word_1_81' title='bbox 820 2068 870 2168; x_wconf 79' lang='grc' dir='ltr'>μὴ</span> <span class='ocrx_word' id='word_1_82' title='bbox 904 2072 1206 2171; x_wconf 76' lang='grc' dir='ltr'>συγκαταβαίνειν</span> <span class='ocrx_word' id='word_1_83' title='bbox 1237 2070 1407 2151; x_wconf 77' lang='grc' dir='ltr'>ε’πιπλίον</span> 
     </span>
     <span class='ocr_line' id='line_1_12' title="bbox 358 2200 1403 2310; baseline 0.005 -31"><span class='ocrx_word' id='word_1_84' title='bbox 358 2208 405 2284; x_wconf 75' lang='grc' dir='ltr'>εἷς</span> <span class='ocrx_word' id='word_1_85' title='bbox 432 2200 541 2279; x_wconf 81' lang='grc' dir='ltr'>ταύτὸ</span> <span class='ocrx_word' id='word_1_86' title='bbox 569 2207 707 2304; x_wconf 79' lang='grc' dir='ltr'>γυναικὶ</span> <span class='ocrx_word' id='word_1_87' title='bbox 734 2204 784 2302; x_wconf 83' lang='grc' dir='ltr'>μὴ</span> <span class='ocrx_word' id='word_1_88' title='bbox 809 2206 944 2307; x_wconf 79' lang='grc' dir='ltr'>ὀλισθῇ</span> <span class='ocrx_word' id='word_1_89' title='bbox 972 2203 1255 2310; x_wconf 85' lang='grc' dir='ltr'>φυλαττόμενον,</span> <span class='ocrx_word' id='word_1_90' title='bbox 1275 2208 1323 2289; x_wconf 80' lang='grc' dir='ltr'>ὡς·</span> <span class='ocrx_word' id='word_1_91' title='bbox 1341 2206 1403 2307; x_wconf 79' lang='grc' dir='ltr'>γε’·</span> 
     </span>
     <span class='ocr_line' id='line_1_13' title="bbox 358 2337 1407 2440; baseline 0.003 -23"><span class='ocrx_word' id='word_1_92' title='bbox 358 2367 526 2439; x_wconf 85' lang='grc' dir='ltr'>γραπται·</span> <span class='ocrx_word' id='word_1_93' title='bbox 567 2337 606 2420; x_wconf 76' lang='grc' dir='ltr'>ὅς</span> <span class='ocrx_word' id='word_1_94' title='bbox 636 2372 690 2422; x_wconf 78' lang='grc' dir='ltr'>τις</span> <span class='ocrx_word' id='word_1_95' title='bbox 722 2341 808 2437; x_wconf 90' lang='grc' dir='ltr'>μίαν</span> <span class='ocrx_word' id='word_1_96' title='bbox 836 2337 901 2438; x_wconf 67' lang='grc' dir='ltr'>μὲν</span> <span class='ocrx_word' id='word_1_97' title='bbox 929 2340 1137 2439; x_wconf 70' lang='grc' dir='ltr'>ἀπέστησεν</span> <span class='ocrx_word' id='word_1_98' title='bbox 1168 2341 1246 2440; x_wconf 81' lang='grc' dir='ltr'>ἤδη,</span> <span class='ocrx_word' id='word_1_99' title='bbox 1274 2340 1337 2420; x_wconf 89' lang='grc' dir='ltr'>δυό</span> <span class='ocrx_word' id='word_1_100' title='bbox 1369 2339 1407 2420; x_wconf 75' lang='grc' dir='ltr'>δὲ</span> 
     </span>
     <span class='ocr_line' id='line_1_14' title="bbox 358 2470 1405 2580; baseline 0.005 -31"><span class='ocrx_word' id='word_1_101' title='bbox 358 2470 584 2573; x_wconf 76' lang='grc' dir='ltr'>ἀκμαζούσας</span> <span class='ocrx_word' id='word_1_102' title='bbox 609 2475 667 2552; x_wconf 80' lang='grc' dir='ltr'>καὶ</span> <span class='ocrx_word' id='word_1_103' title='bbox 684 2473 866 2574; x_wconf 78' lang='grc' dir='ltr'>εὐπρεπεῖς</span> <span class='ocrx_word' id='word_1_104' title='bbox 890 2471 956 2572; x_wconf 80' lang='grc' dir='ltr'>τὴν</span> <span class='ocrx_word' id='word_1_105' title='bbox 974 2473 1064 2580; x_wconf 74' lang='grc' dir='ltr'>ὄψιν</span> <span class='ocrx_word' id='word_1_106' title='bbox 1082 2472 1153 2577; x_wconf 78' lang='grc' dir='ltr'>ἔχει</span> <span class='ocrx_word' id='word_1_107' title='bbox 1171 2477 1247 2572; x_wconf 82' lang='grc' dir='ltr'>μεθ’</span> <span class='ocrx_word' id='word_1_108' title='bbox 1267 2477 1405 2554; x_wconf 82' lang='grc' dir='ltr'>ἑαυτοῦ·</span> 
     </span>
     <span class='ocr_line' id='line_1_15' title="bbox 359 2602 1408 2715; baseline 0.006 -33"><span class='ocrx_word' id='word_1_109' title='bbox 359 2602 425 2711; x_wconf 79' lang='grc' dir='ltr'>κηῖν</span> <span class='ocrx_word' id='word_1_110' title='bbox 451 2607 537 2710; x_wconf 78' lang='grc' dir='ltr'>ἀπίῃ</span> <span class='ocrx_word' id='word_1_111' title='bbox 562 2640 643 2703; x_wconf 90' lang='grc' dir='ltr'>που,</span> <span class='ocrx_word' id='word_1_112' title='bbox 662 2607 931 2712; x_wconf 76' lang='grc' dir='ltr'>συμπεριφέρει·</span> <span class='ocrx_word' id='word_1_113' title='bbox 964 2611 1158 2688; x_wconf 80' lang='grc' dir='ltr'>καὶταῦτα</span> <span class='ocrx_word' id='word_1_114' title='bbox 1181 2615 1328 2715; x_wconf 80' lang='grc' dir='ltr'>τρυφῶν</span> <span class='ocrx_word' id='word_1_115' title='bbox 1350 2611 1408 2688; x_wconf 83' lang='grc' dir='ltr'>καὶ</span> 
     </span>
     <span class='ocr_line' id='line_1_16' title="bbox 315 2738 1408 2843; baseline 0.004 -25"><span class='ocrx_word' id='word_1_116' title='bbox 315 2739 753 2841; x_wconf 75' lang='grc' dir='ltr'>ι5ὑπερεμπιμπλοῖμενος.</span> <span class='ocrx_word' id='word_1_117' title='bbox 794 2738 844 2820; x_wconf 76' lang='grc' dir='ltr'>ὧν</span> <span class='ocrx_word' id='word_1_118' title='bbox 876 2740 978 2820; x_wconf 79' lang='grc' dir='ltr'>ἕνεκα</span> <span class='ocrx_word' id='word_1_119' title='bbox 1007 2738 1218 2843; x_wconf 79' lang='grc' dir='ltr'>οτενιίζουσι</span> <span class='ocrx_word' id='word_1_120' title='bbox 1251 2740 1316 2840; x_wconf 72' lang='grc' dir='ltr'>μὲν</span> <span class='ocrx_word' id='word_1_121' title='bbox 1349 2745 1408 2822; x_wconf 84' lang='grc' dir='ltr'>καὶ</span> 
     </span>
     <span class='ocr_line' id='line_1_17' title="bbox 359 2873 1406 2981; baseline 0.005 -28"><span class='ocrx_word' id='word_1_122' title='bbox 359 2874 542 2979; x_wconf 81' lang='grc' dir='ltr'>ὀδύρονται</span> <span class='ocrx_word' id='word_1_123' title='bbox 567 2875 698 2959; x_wconf 73' lang='grc' dir='ltr'>πάντες</span> <span class='ocrx_word' id='word_1_124' title='bbox 722 2878 799 2954; x_wconf 81' lang='grc' dir='ltr'>καθ’</span> <span class='ocrx_word' id='word_1_125' title='bbox 819 2875 977 2959; x_wconf 77' lang='grc' dir='ltr'>ἑαυτούς·</span> <span class='ocrx_word' id='word_1_126' title='bbox 1009 2877 1101 2956; x_wconf 82' lang='grc' dir='ltr'>οὕτω</span> <span class='ocrx_word' id='word_1_127' title='bbox 1126 2876 1163 2955; x_wconf 76' lang='grc' dir='ltr'>δὲ</span> <span class='ocrx_word' id='word_1_128' title='bbox 1186 2873 1252 2975; x_wconf 82' lang='grc' dir='ltr'>τὴν</span> <span class='ocrx_word' id='word_1_129' title='bbox 1275 2909 1406 2981; x_wconf 87' lang='grc' dir='ltr'>τυμαν·</span> 
     </span>
    </p>
   </div>
   <div class='ocr_carea' id='block_1_3' title="bbox 360 3009 1406 3116">
    <p class='ocr_par' dir='ltr' id='par_1_3' title="bbox 360 3009 1406 3116">
     <span class='ocr_line' id='line_1_18' title="bbox 360 3009 1406 3116; baseline 0.007 -29"><span class='ocrx_word' id='word_1_130' title='bbox 360 3012 439 3087; x_wconf 91' lang='grc' dir='ltr'>νίδα</span> <span class='ocrx_word' id='word_1_131' title='bbox 462 3013 521 3088; x_wconf 77' lang='grc' dir='ltr'>καὶ</span> <span class='ocrx_word' id='word_1_132' title='bbox 545 3012 757 3089; x_wconf 88' lang='grc' dir='ltr'>δυναστείαν</span> <span class='ocrx_word' id='word_1_133' title='bbox 782 3012 890 3090; x_wconf 79' lang='grc' dir='ltr'>αὑτοῦ</span> <span class='ocrx_word' id='word_1_134' title='bbox 914 3009 1152 3116; x_wconf 82' lang='grc' dir='ltr'>πεφόβηνται,</span> <span class='ocrx_word' id='word_1_135' title='bbox 1175 3009 1270 3093; x_wconf 77' lang='grc' dir='ltr'>ὥστε</span> <span class='ocrx_word' id='word_1_136' title='bbox 1294 3047 1406 3114; x_wconf 86' lang='grc' dir='ltr'>κατη-</span> 
     </span>
    </p>
   </div>
   <div class='ocr_carea' id='block_1_4' title="bbox 315 3285 1410 3763">
    <p class='ocr_par' dir='ltr' id='par_1_4' title="bbox 315 3285 1410 3763">
     <span class='ocr_line' id='line_1_19' title="bbox 361 3285 1408 3362; baseline 0.003 -19"><span class='ocrx_word' id='word_1_137' title='bbox 361 3308 417 3344; x_wconf 92' lang='lat' dir='ltr'>non</span> <span class='ocrx_word' id='word_1_138' title='bbox 435 3286 571 3345; x_wconf 84' lang='lat' dir='ltr'>audeant.</span> <span class='ocrx_word' id='word_1_139' title='bbox 609 3286 657 3343; x_wconf 81' lang='lat' dir='ltr'>Ad</span> <span class='ocrx_word' id='word_1_140' title='bbox 672 3287 733 3344; x_wconf 81' lang='lat' dir='ltr'>haec</span> <span class='ocrx_word' id='word_1_141' title='bbox 747 3285 858 3344; x_wconf 85' lang='lat' dir='ltr'>divitiis</span> <span class='ocrx_word' id='word_1_142' title='bbox 908 3295 1006 3343; x_wconf 85' lang='lat' dir='ltr'>tamon</span> <span class='ocrx_word' id='word_1_143' title='bbox 1035 3305 1100 3362; x_wconf 84' lang='lat' dir='ltr'>quoe</span> <span class='ocrx_word' id='word_1_144' title='bbox 1126 3286 1194 3344; x_wconf 90' lang='lat' dir='ltr'>inde</span> <span class='ocrx_word' id='word_1_145' title='bbox 1221 3288 1299 3345; x_wconf 84' lang='lat' dir='ltr'>nosci</span> <span class='ocrx_word' id='word_1_146' title='bbox 1324 3287 1408 3355; x_wconf 81' lang='lat' dir='ltr'>solet.</span> 
     </span>
     <span class='ocr_line' id='line_1_20' title="bbox 359 3365 1408 3444; baseline 0.001 -20"><span class='ocrx_word' id='word_1_147' title='bbox 359 3388 408 3424; x_wconf 86' lang='lat' dir='ltr'>cos</span> <span class='ocrx_word' id='word_1_148' title='bbox 420 3366 618 3444; x_wconf 81' lang='lat' dir='ltr'><strong>locupletavit.</strong></span> <span class='ocrx_word' id='word_1_149' title='bbox 637 3366 730 3441; x_wconf 83' lang='lat' dir='ltr'>Cujus</span> <span class='ocrx_word' id='word_1_150' title='bbox 739 3366 779 3423; x_wconf 87' lang='lat' dir='ltr'>rei</span> <span class='ocrx_word' id='word_1_151' title='bbox 790 3386 858 3423; x_wconf 89' lang='lat' dir='ltr'>cau·</span> <span class='ocrx_word' id='word_1_152' title='bbox 909 3365 995 3422; x_wconf 88' lang='lat' dir='ltr'>vitari</span> <span class='ocrx_word' id='word_1_153' title='bbox 1006 3366 1178 3442; x_wconf 80' lang='lat' dir='ltr'>oportebot3</span> <span class='ocrx_word' id='word_1_154' title='bbox 1197 3386 1234 3423; x_wconf 85' lang='lat' dir='ltr'>ue</span> <span class='ocrx_word' id='word_1_155' title='bbox 1244 3387 1408 3444; x_wconf 79' lang='lat' dir='ltr'><strong>quenquam</strong></span> 
     </span>
     <span class='ocr_line' id='line_1_21' title="bbox 315 3444 1409 3523; baseline 0.001 -21"><span class='ocrx_word' id='word_1_156' title='bbox 315 3450 392 3504; x_wconf 72' lang='lat' dir='ltr'>roal</span> <span class='ocrx_word' id='word_1_157' title='bbox 405 3448 487 3504; x_wconf 85' lang='lat' dir='ltr'>abiis</span> <span class='ocrx_word' id='word_1_158' title='bbox 501 3448 551 3522; x_wconf 92' lang='lat' dir='ltr'>qui</span> <span class='ocrx_word' id='word_1_159' title='bbox 563 3446 633 3506; x_wconf 86' lang='lat' dir='ltr'>talio</span> <span class='ocrx_word' id='word_1_160' title='bbox 647 3446 858 3523; x_wconf 86' lang='lat' dir='ltr'>concupiscunt</span> <span class='ocrx_word' id='word_1_161' title='bbox 909 3444 1081 3511; x_wconf 84' lang='lat' dir='ltr'>offenderet,</span> <span class='ocrx_word' id='word_1_162' title='bbox 1117 3465 1190 3504; x_wconf 86' lang='lat' dir='ltr'>neve</span> <span class='ocrx_word' id='word_1_163' title='bbox 1225 3446 1338 3521; x_wconf 85' lang='lat' dir='ltr'>aliquos</span> <span class='ocrx_word' id='word_1_164' title='bbox 1372 3446 1409 3504; x_wconf 91' lang='lat' dir='ltr'>ad</span> 
     </span>
     <span class='ocr_line' id='line_1_22' title="bbox 360 3524 1409 3604; baseline 0.001 -20"><span class='ocrx_word' id='word_1_165' title='bbox 360 3538 473 3585; x_wconf 88' lang='lat' dir='ltr'>amatur</span> <span class='ocrx_word' id='word_1_166' title='bbox 488 3540 574 3604; x_wconf 86' lang='lat' dir='ltr'>atque</span> <span class='ocrx_word' id='word_1_167' title='bbox 588 3526 754 3601; x_wconf 78' lang='lat' dir='ltr'>suspicitur.</span> <span class='ocrx_word' id='word_1_168' title='bbox 777 3525 858 3596; x_wconf 87' lang='lat' dir='ltr'><strong>Quid</strong></span> <span class='ocrx_word' id='word_1_169' title='bbox 910 3524 1102 3583; x_wconf 87' lang='lat' dir='ltr'>imitationem</span> <span class='ocrx_word' id='word_1_170' title='bbox 1146 3526 1190 3583; x_wconf 81' lang='lat' dir='ltr'>sui</span> <span class='ocrx_word' id='word_1_171' title='bbox 1230 3536 1409 3603; x_wconf 83' lang='lat' dir='ltr'>provocaret.</span> 
     </span>
     <span class='ocr_line' id='line_1_23' title="bbox 360 3604 1410 3685; baseline -0.001 -21"><span class='ocrx_word' id='word_1_172' title='bbox 360 3608 477 3683; x_wconf 87' lang='lat' dir='ltr'>inquam</span> <span class='ocrx_word' id='word_1_173' title='bbox 498 3609 605 3665; x_wconf 84' lang='lat' dir='ltr'>attinet</span> <span class='ocrx_word' id='word_1_174' title='bbox 628 3607 688 3663; x_wconf 82' lang='lat' dir='ltr'>lnoc</span> <span class='ocrx_word' id='word_1_175' title='bbox 710 3606 857 3662; x_wconf 83' lang='lat' dir='ltr'>seribere?</span> <span class='ocrx_word' id='word_1_176' title='bbox 910 3605 980 3675; x_wconf 89' lang='lat' dir='ltr'>Quo</span> <span class='ocrx_word' id='word_1_177' title='bbox 1014 3605 1093 3661; x_wconf 87' lang='lat' dir='ltr'>enim</span> <span class='ocrx_word' id='word_1_178' title='bbox 1128 3604 1215 3662; x_wconf 82' lang='lat' dir='ltr'>modo</span> <span class='ocrx_word' id='word_1_179' title='bbox 1249 3605 1410 3685; x_wconf 81' lang='lat' dir='ltr'>increpabit</span> 
     </span>
     <span class='ocr_line' id='line_1_24' title="bbox 361 3684 1410 3763; baseline -0.001 -18"><span class='ocrx_word' id='word_1_180' title='bbox 361 3688 475 3745; x_wconf 81' lang='lat' dir='ltr'><strong>Scimus</strong></span> <span class='ocrx_word' id='word_1_181' title='bbox 496 3689 598 3763; x_wconf 91' lang='lat' dir='ltr'>utique</span> <span class='ocrx_word' id='word_1_182' title='bbox 612 3686 717 3743; x_wconf 82' lang='lat' dir='ltr'>fratres</span> <span class='ocrx_word' id='word_1_183' title='bbox 732 3685 858 3743; x_wconf 76' lang='lat' dir='ltr'>dileetis-</span> <span class='ocrx_word' id='word_1_184' title='bbox 910 3685 998 3742; x_wconf 87' lang='lat' dir='ltr'>alium</span> <span class='ocrx_word' id='word_1_185' title='bbox 1022 3695 1052 3743; x_wconf 86' lang='lat' dir='ltr'>et</span> <span class='ocrx_word' id='word_1_186' title='bbox 1072 3684 1240 3743; x_wconf 80' lang='lat' dir='ltr'>admonebit</span> <span class='ocrx_word' id='word_1_187' title='bbox 1261 3697 1295 3743; x_wconf 88' lang='lat' dir='ltr'>ut</span> <span class='ocrx_word' id='word_1_188' title='bbox 1316 3686 1410 3745; x_wconf 85' lang='lat' dir='ltr'>afre-</span> 
     </span>
    </p>
   </div>
   <div class='ocr_carea' id='block_1_5' title="bbox 360 3764 1409 3903">
    <p class='ocr_par' dir='ltr' id='par_1_5' title="bbox 360 3764 1409 3903">
     <span class='ocr_line' id='line_1_25' title="bbox 360 3764 1409 3903; baseline 0.001 -79"><span class='ocrx_word' id='word_1_189' title='bbox 360 3768 433 3833; x_wconf 79' lang='lat' dir='ltr'>cimi,</span> <span class='ocrx_word' id='word_1_190' title='bbox 455 3767 622 3845; x_wconf 73' lang='lat' dir='ltr'>episcopum</span> <span class='ocrx_word' id='word_1_191' title='bbox 641 3776 672 3823; x_wconf 91' lang='lat' dir='ltr'>et</span> <span class='ocrx_word' id='word_1_192' title='bbox 691 3765 858 3823; x_wconf 79' lang='lat' dir='ltr'>univercum</span> <span class='ocrx_word' id='word_1_193' title='bbox 910 3764 1056 3903; x_wconf 58' lang='lat' dir='ltr'>poentiori</span> <span class='ocrx_word' id='word_1_194' title='bbox 1090 3764 1220 3823; x_wconf 78' lang='lat' dir='ltr'>mulieris</span> <span class='ocrx_word' id='word_1_195' title='bbox 1253 3777 1409 3825; x_wconf 84' lang='lat' dir='ltr'>consuetu·</span> 
     </span>
    </p>
   </div>
   <div class='ocr_carea' id='block_1_6' title="bbox 312 3845 1411 4564">
    <p class='ocr_par' dir='ltr' id='par_1_6' title="bbox 312 3845 1411 4564">
     <span class='ocr_line' id='line_1_26' title="bbox 315 3845 1408 3922; baseline 0.002 -21"><span class='ocrx_word' id='word_1_196' title='bbox 315 3847 479 3921; x_wconf 81' lang='lat' dir='ltr'>25clerurn,</span> <span class='ocrx_word' id='word_1_197' title='bbox 501 3847 642 3904; x_wconf 87' lang='lat' dir='ltr'>bonorum</span> <span class='ocrx_word' id='word_1_198' title='bbox 665 3865 785 3922; x_wconf 87' lang='lat' dir='ltr'>operum</span> <span class='ocrx_word' id='word_1_199' title='bbox 807 3864 857 3903; x_wconf 88' lang='lat' dir='ltr'>ex·</span> <span class='ocrx_word' id='word_1_200' title='bbox 931 3845 978 3902; x_wconf 90' lang='lat' dir='ltr'>ine</span> <span class='ocrx_word' id='word_1_201' title='bbox 1004 3845 1156 3912; x_wconf 76' lang='lat' dir='ltr'>abstineat,</span> <span class='ocrx_word' id='word_1_202' title='bbox 1181 3866 1219 3904; x_wconf 91' lang='lat' dir='ltr'>ne</span> <span class='ocrx_word' id='word_1_203' title='bbox 1243 3846 1320 3905; x_wconf 80' lang='lat' dir='ltr'>forte</span> <span class='ocrx_word' id='word_1_204' title='bbox 1344 3866 1408 3905; x_wconf 89' lang='lat' dir='ltr'>cor·</span> 
     </span>
     <span class='ocr_line' id='line_1_27' title="bbox 360 3924 1410 4005; baseline -0.001 -21"><span class='ocrx_word' id='word_1_205' title='bbox 360 3925 489 4005; x_wconf 89' lang='lat' dir='ltr'>emplum</span> <span class='ocrx_word' id='word_1_206' title='bbox 517 3924 702 3984; x_wconf 89' lang='lat' dir='ltr'>multitudini</span> <span class='ocrx_word' id='word_1_207' title='bbox 731 3926 859 4003; x_wconf 74' lang='lat' dir='ltr'>praebere</span> <span class='ocrx_word' id='word_1_208' title='bbox 909 3934 986 3994; x_wconf 82' lang='lat' dir='ltr'>runt,</span> <span class='ocrx_word' id='word_1_209' title='bbox 1015 3926 1091 3984; x_wconf 80' lang='lat' dir='ltr'>sicut</span> <span class='ocrx_word' id='word_1_210' title='bbox 1118 3925 1258 4003; x_wconf 74' lang='lat' dir='ltr'>scriptum</span> <span class='ocrx_word' id='word_1_211' title='bbox 1286 3937 1349 3985; x_wconf 82' lang='lat' dir='ltr'>est:</span> <span class='ocrx_word' id='word_1_212' title='bbox 1385 3926 1410 3984; x_wconf 80' lang='lat' dir='ltr'>ie</span> 
     </span>
     <span class='ocr_line' id='line_1_28' title="bbox 360 4004 1408 4084; baseline 0 -20"><span class='ocrx_word' id='word_1_213' title='bbox 360 4007 475 4064; x_wconf 85' lang='lat' dir='ltr'>debere.</span> <span class='ocrx_word' id='word_1_214' title='bbox 491 4004 858 4084; x_wconf 81' lang='lat' dir='ltr'>Nequeilludignoramus,</span> <span class='ocrx_word' id='word_1_215' title='bbox 910 4006 960 4083; x_wconf 92' lang='lat' dir='ltr'>qui</span> <span class='ocrx_word' id='word_1_216' title='bbox 976 4024 1062 4063; x_wconf 88' lang='lat' dir='ltr'>unam</span> <span class='ocrx_word' id='word_1_217' title='bbox 1077 4004 1195 4082; x_wconf 90' lang='lat' dir='ltr'>quidem</span> <span class='ocrx_word' id='word_1_218' title='bbox 1211 4005 1271 4081; x_wconf 88' lang='lat' dir='ltr'>jam</span> <span class='ocrx_word' id='word_1_219' title='bbox 1288 4005 1408 4073; x_wconf 77' lang='lat' dir='ltr'>dimisit.</span> 
     </span>
     <span class='ocr_line' id='line_1_29' title="bbox 360 4084 1410 4162; baseline -0.001 -19"><span class='ocrx_word' id='word_1_220' title='bbox 360 4096 432 4162; x_wconf 91' lang='lat' dir='ltr'>quot</span> <span class='ocrx_word' id='word_1_221' title='bbox 460 4106 497 4144; x_wconf 78' lang='lat' dir='ltr'>ex</span> <span class='ocrx_word' id='word_1_222' title='bbox 528 4084 670 4161; x_wconf 84' lang='lat' dir='ltr'>ejusmodi</span> <span class='ocrx_word' id='word_1_223' title='bbox 702 4084 858 4142; x_wconf 84' lang='lat' dir='ltr'><strong>mulierum</strong></span> <span class='ocrx_word' id='word_1_224' title='bbox 910 4086 982 4143; x_wconf 81' lang='lat' dir='ltr'>duas</span> <span class='ocrx_word' id='word_1_225' title='bbox 1006 4105 1074 4143; x_wconf 84' lang='lat' dir='ltr'>vero</span> <span class='ocrx_word' id='word_1_226' title='bbox 1102 4095 1187 4142; x_wconf 64' lang='lat' dir='ltr'>aetate</span> <span class='ocrx_word' id='word_1_227' title='bbox 1215 4084 1352 4144; x_wconf 79' lang='lat' dir='ltr'>florentes</span> <span class='ocrx_word' id='word_1_228' title='bbox 1379 4100 1410 4144; x_wconf 85' lang='lat' dir='ltr'>et</span> 
     </span>
     <span class='ocr_line' id='line_1_30' title="bbox 360 4164 1409 4243; baseline -0.001 -20"><span class='ocrx_word' id='word_1_229' title='bbox 360 4165 551 4223; x_wconf 84' lang='lat' dir='ltr'>contubernio</span> <span class='ocrx_word' id='word_1_230' title='bbox 566 4165 671 4243; x_wconf 88' lang='lat' dir='ltr'>partim</span> <span class='ocrx_word' id='word_1_231' title='bbox 687 4166 717 4221; x_wconf 92' lang='lat' dir='ltr'>in</span> <span class='ocrx_word' id='word_1_232' title='bbox 731 4184 860 4242; x_wconf 81' lang='lat' dir='ltr'>puccepa</span> <span class='ocrx_word' id='word_1_233' title='bbox 909 4166 1004 4222; x_wconf 83' lang='lat' dir='ltr'>forma</span> <span class='ocrx_word' id='word_1_234' title='bbox 1018 4165 1188 4242; x_wconf 82' lang='lat' dir='ltr'>conspicuas</span> <span class='ocrx_word' id='word_1_235' title='bbox 1203 4183 1299 4222; x_wconf 82' lang='lat' dir='ltr'>secum</span> <span class='ocrx_word' id='word_1_236' title='bbox 1313 4164 1409 4230; x_wconf 87' lang='lat' dir='ltr'>habet,</span> 
     </span>
     <span class='ocr_line' id='line_1_31' title="bbox 312 4243 1411 4323; baseline -0.004 -18"><span class='ocrx_word' id='word_1_237' title='bbox 312 4245 433 4323; x_wconf 72' lang='lat' dir='ltr'>golapsi</span> <span class='ocrx_word' id='word_1_238' title='bbox 454 4245 523 4311; x_wconf 81' lang='lat' dir='ltr'>sint,</span> <span class='ocrx_word' id='word_1_239' title='bbox 542 4245 647 4323; x_wconf 86' lang='lat' dir='ltr'>partim</span> <span class='ocrx_word' id='word_1_240' title='bbox 667 4246 697 4301; x_wconf 94' lang='lat' dir='ltr'>in</span> <span class='ocrx_word' id='word_1_241' title='bbox 719 4244 860 4320; x_wconf 78' lang='lat' dir='ltr'>suspicio-</span> <span class='ocrx_word' id='word_1_242' title='bbox 910 4256 941 4302; x_wconf 86' lang='lat' dir='ltr'>et</span> <span class='ocrx_word' id='word_1_243' title='bbox 955 4262 1138 4321; x_wconf 89' lang='lat' dir='ltr'>quocumque</span> <span class='ocrx_word' id='word_1_244' title='bbox 1153 4243 1344 4321; x_wconf 75' lang='lat' dir='ltr'>proficiscitur</span> <span class='ocrx_word' id='word_1_245' title='bbox 1355 4243 1411 4303; x_wconf 92' lang='lat' dir='ltr'>cir-</span> 
     </span>
     <span class='ocr_line' id='line_1_32' title="bbox 361 4322 1409 4400; baseline 0 -19"><span class='ocrx_word' id='word_1_246' title='bbox 361 4345 427 4383; x_wconf 85' lang='lat' dir='ltr'>nem</span> <span class='ocrx_word' id='word_1_247' title='bbox 445 4326 588 4384; x_wconf 83' lang='lat' dir='ltr'>uenerint.</span> <span class='ocrx_word' id='word_1_248' title='bbox 624 4323 728 4400; x_wconf 89' lang='lat' dir='ltr'>Itaque</span> <span class='ocrx_word' id='word_1_249' title='bbox 746 4324 859 4382; x_wconf 82' lang='lat' dir='ltr'>etiamsi</span> <span class='ocrx_word' id='word_1_250' title='bbox 910 4324 1059 4382; x_wconf 90' lang='lat' dir='ltr'>cumducit</span> <span class='ocrx_word' id='word_1_251' title='bbox 1069 4346 1078 4393; x_wconf 79' lang='lat'><em>3</em></span> <span class='ocrx_word' id='word_1_252' title='bbox 1097 4322 1184 4399; x_wconf 92' lang='lat' dir='ltr'>idque</span> <span class='ocrx_word' id='word_1_253' title='bbox 1193 4322 1305 4381; x_wconf 83' lang='lat' dir='ltr'>deliciis</span> <span class='ocrx_word' id='word_1_254' title='bbox 1314 4323 1409 4381; x_wconf 89' lang='lat' dir='ltr'><strong>dilllu-</strong></span> 
     </span>
     <span class='ocr_line' id='line_1_33' title="bbox 361 4401 1409 4482; baseline 0 -21"><span class='ocrx_word' id='word_1_255' title='bbox 361 4406 426 4480; x_wconf 86' lang='lat' dir='ltr'>quis</span> <span class='ocrx_word' id='word_1_256' title='bbox 454 4404 627 4463; x_wconf 78' lang='lat' dir='ltr'>concesserit</span> <span class='ocrx_word' id='word_1_257' title='bbox 655 4403 729 4461; x_wconf 90' lang='lat' dir='ltr'>nihil</span> <span class='ocrx_word' id='word_1_258' title='bbox 756 4405 792 4462; x_wconf 88' lang='lat' dir='ltr'>ab</span> <span class='ocrx_word' id='word_1_259' title='bbox 824 4424 860 4462; x_wconf 87' lang='lat' dir='ltr'>eo</span> <span class='ocrx_word' id='word_1_260' title='bbox 910 4424 962 4462; x_wconf 79' lang='lat' dir='ltr'>ena</span> <span class='ocrx_word' id='word_1_261' title='bbox 979 4414 1009 4461; x_wconf 90' lang='lat' dir='ltr'>et</span> <span class='ocrx_word' id='word_1_262' title='bbox 1026 4401 1122 4482; x_wconf 83' lang='lat' dir='ltr'>epulis</span> <span class='ocrx_word' id='word_1_263' title='bbox 1137 4422 1199 4460; x_wconf 80' lang='lat' dir='ltr'>aeae</span> <span class='ocrx_word' id='word_1_264' title='bbox 1218 4402 1409 4481; x_wconf 77' lang='lat' dir='ltr'>ingurgitans.</span> 
     </span>
     <span class='ocr_line' id='line_1_34' title="bbox 361 4482 1411 4564; baseline -0.002 -23"><span class='ocrx_word' id='word_1_265' title='bbox 361 4495 447 4564; x_wconf 87' lang='lat' dir='ltr'>turpe</span> <span class='ocrx_word' id='word_1_266' title='bbox 482 4484 635 4551; x_wconf 87' lang='lat' dir='ltr'>committi,</span> <span class='ocrx_word' id='word_1_267' title='bbox 667 4484 859 4562; x_wconf 74' lang='lat' dir='ltr'>suspicionem</span> <span class='ocrx_word' id='word_1_268' title='bbox 912 4484 970 4542; x_wconf 80' lang='lat' dir='ltr'>Hir</span> <span class='ocrx_word' id='word_1_269' title='bbox 993 4483 1030 4541; x_wconf 89' lang='lat' dir='ltr'>de</span> <span class='ocrx_word' id='word_1_270' title='bbox 1052 4482 1146 4541; x_wconf 77' lang='lat' dir='ltr'>caucia</span> <span class='ocrx_word' id='word_1_271' title='bbox 1168 4502 1269 4541; x_wconf 83' lang='lat' dir='ltr'>omnea</span> <span class='ocrx_word' id='word_1_272' title='bbox 1292 4482 1411 4560; x_wconf 79' lang='lat' dir='ltr'>quidem</span> 
     </span>
    </p>
   </div>
   <div class='ocr_carea' id='block_1_7' title="bbox 727 4659 1040 4723">
    <p class='ocr_par' dir='ltr' id='par_1_7' title="bbox 727 4659 1040 4723">
     <span class='ocr_line' id='line_1_35' title="bbox 727 4659 1040 4723; baseline 0 -16"><span class='ocrx_word' id='word_1_273' title='bbox 727 4672 742 4701; x_wconf 77' lang='grc' dir='ltr'><strong><em>ι</em></strong></span> <span class='ocrx_word' id='word_1_274' title='bbox 754 4660 803 4709; x_wconf 77' lang='lat' dir='ltr'>Au</span> <span class='ocrx_word' id='word_1_275' title='bbox 816 4659 905 4709; x_wconf 63' lang='lat' dir='ltr'>noua.</span> <span class='ocrx_word' id='word_1_276' title='bbox 919 4676 970 4723; x_wconf 76' lang='lat' dir='ltr'>cup.</span> <span class='ocrx_word' id='word_1_277' title='bbox 983 4675 1040 4708; x_wconf 82' lang='grc' dir='ltr'>ιιτ.</span> 
     </span>
    </p>
   </div>
   <div class='ocr_carea' id='block_1_8' title="bbox 0 0 1861 5667">
    <p class='ocr_par' dir='ltr' id='par_1_8' title="bbox 0 0 1861 5667">
     <span class='ocr_line' id='line_1_36' title="bbox 0 0 1861 5667; baseline 0 0"><span class='ocrx_word' id='word_1_278' title='bbox 0 0 1861 5667; x_wconf 95' lang='lat' dir='ltr'> </span> 
     </span>
    </p>
   </div>
  </div>
 </body>
</html>
