3700 5667
557 654 607 716 IN
633 653 863 717 CONCILIA
889 653 1139 719 CARTHAG.
1309 656 1369 719 151

324 819 440 903 injuste
455 819 586 903 repositi
606 819 638 882 in
659 820 885 904 episcopatum,
903 818 943 881 de
965 842 1027 903 quo
1043 821 1131 904 juste
1151 819 1286 904 depositi
1307 819 1373 882 iuo-

323 927 408 993 rant,
436 942 507 984 curn
536 943 691 1005 usurpare
720 921 822 984 locum
847 919 1017 1004 pristinum
1047 930 1247 994 conarentur,
1275 919 1373 983 obsti-

325 1030 392 1087 tere
418 1021 521 1085 clerici
548 1020 759 1106 Legionenses
785 1029 818 1084 et
842 1021 1062 1085 Asturieenses
1086 1044 1151 1086 una
1174 1044 1245 1086 cnm
1270 1022 1371 1107 plebe,

324 1123 470 1208 datisque
494 1124 536 1186 ad
556 1122 750 1207 Cypriacam
772 1122 888 1186 litteris
910 1122 1107 1207 appellavere
1130 1123 1374 1209 Carthaginien-

324 1247 390 1288 sem
405 1225 556 1288 adversus
571 1225 760 1288 Romanum.
783 1223 955 1287 Rmssrins
970 1246 991 1287 a
1006 1224 1096 1287 Fello
1110 1224 1234 1289 allatus.

370 1330 406 1391 P.
435 1346 505 1391 102.
530 1327 550 1390 l.
575 1328 626 1390 28.
654 1326 844 1410 contemptis
874 1325 987 1388 divinis
1017 1325 1185 1411 praeceptis
1212 1326 1281 1410 tre]
1308 1325 1373 1389 Hic

325 1428 431 1491 Esaiae
453 1427 540 1490 locus
562 1427 632 1490 fons
656 1442 689 1491 et
712 1427 801 1511 erigo
823 1435 873 1491 est
895 1427 1036 1490 omnium
1058 1449 1138 1510 quas
1160 1428 1297 1491 antehac
1319 1430 1373 1491 ob

326 1530 517 1594 servavimus
545 1528 719 1593 dictionum
748 1529 930 1613 hujusmodi
960 1528 1229 1613 Cyprianicarum,
1260 1530 1374 1615 quibus

326 1631 487 1694 hominurn
510 1639 698 1703 commenta,
720 1630 833 1695 divinis
856 1631 1017 1695 mandatis
1041 1631 1198 1715 opposita,
1222 1631 1375 1696 damnan-

326 1742 397 1798 tur:
420 1732 554 1795 Dixerat
569 1746 677 1795 autem
693 1732 824 1796 Esaias:
847 1732 943 1812 μάτην
959 1735 991 1795 δὲ
1007 1731 1155 1811 σέβονταί
1167 1758 1204 1811 με
1220 1733 1373 1797 διδάσκον·

326 1860 374 1901 τες
400 1833 570 1911 ἐντάλματα
595 1834 758 1914 ἀνθρώπων
785 1833 833 1896 καὶ
858 1835 1060 1898 διδασκαλίας.
1110 1832 1259 1897 Christus
1288 1836 1374 1918 apud

328 1934 448 1999 Matth.
471 1933 652 1998 Pharisaeos
671 1934 837 2018 increpans
859 1934 959 1997 dixit:
989 1933 1090 2012 Quare
1109 1943 1135 1996 et
1155 1956 1205 1997 eos
1226 1945 1375 2018 transpos-

326 2037 439 2102 dimini
457 2036 636 2100 mandatum
650 2037 724 2112 Dei,
732 2058 794 2121 per
811 2036 1004 2099 traditionem
1022 2046 1159 2099 cestram.
1205 2037 1297 2117 Quod
1313 2039 1376 2122 cy-

327 2141 456 2225 prianus
482 2139 726 2222 interpretatur,
749 2137 893 2221 Reiicitis
917 2138 1098 2201 medatem
1121 2139 1193 2214 Dei,
1219 2149 1253 2202 ut
1277 2140 1376 2203 trodi-

328 2244 433 2306 tiooom
451 2251 581 2304 cetram
600 2240 751 2304 statuetis.
798 2240 862 2302 Pro
882 2239 1142 2324 transpredimioi,
1156 2240 1219 2303 sice
1238 2241 1376 2324 rejicitis,

328 2355 381 2409 aet
395 2345 520 2408 irritam
526 2343 656 2427 societis,
668 2341 783 2406 Graeca
797 2342 917 2405 hahent
931 2345 1133 2422 παραβαίνετε
1148 2348 1181 2405 et
1195 2343 1374 2423 ἠκνρόσατε.

329 2447 505 2533 Cyprianus
526 2446 617 2521 dixit,
634 2445 827 2508 oorzteumitis.
872 2443 989 2527 Itaque
1010 2443 1142 2528 opponit
1160 2444 1307 2509 humanae
1328 2445 1376 2508 in·

329 2548 510 2634 dulgentia,
536 2546 676 2610 divinam
706 2545 998 2631 praescriptionem
1037 2544 1184 2609 humanis
1213 2547 1375 2624 doctrinis,

329 2650 434 2713 divina
455 2656 637 2734 praecepta;
663 2647 889 2712 traditionibus
911 2647 1068 2718 humanis,
1085 2647 1238 2711 mandata
1260 2647 1376 2712 divina.

330 2752 379 2814 Ac
403 2750 498 2814 semel
526 2749 641 2813 statuit
665 2751 750 2835 quod
774 2771 898 2834 semper
921 2747 1074 2811 custodiri
1097 2748 1183 2823 velit,
1205 2748 1376 2813 humanam

329 2851 557 2938 indulgentiam
580 2851 657 2915 nihil
677 2853 849 2916 concedere
869 2850 1016 2934 cuiquam
1035 2873 1136 2935 posse,
1152 2850 1206 2913 nbi
1222 2851 1310 2915 Deus
1328 2853 1375 2916 in-

331 2954 475 3029 tercedit,
488 2953 547 3017 hoc
563 2960 623 3026 est,
636 2961 734 3018 vetat.
763 2953 944 3016 Videantur
956 2952 1200 3017 Observationes
1214 2954 1256 3017 ad
1272 2954 1377 3040 Epist.

331 3078 374 3119 111.
390 3056 498 3119 ubido
514 3055 645 3119 ecclesia
661 3057 809 3120 humana.
833 3056 964 3119 Risum.
980 3076 1000 3118 a
1016 3055 1105 3118 Fello
1120 3055 1247 3119 allatus.

375 3156 458 3219 Ibid.
485 3156 505 3219 l.
532 3176 581 3240 31.
608 3157 682 3220 Sine
707 3158 816 3240 caeso]
851 3158 903 3220 Sic
933 3157 1073 3221 reddidit
1102 3157 1278 3241 Cyprianus
1306 3178 1378 3241 quae

333 3257 543 3342 Septuaginta
564 3257 684 3330 dixero,
703 3258 799 3337 μάτην
818 3257 967 3336 σέβονταί
983 3284 1030 3337 με.
1076 3258 1150 3321 Siue
1171 3279 1275 3334 caeso,
1292 3279 1379 3335 eone,

324 3380 495 3444 perperam.
521 3359 690 3423 1110111101
705 3381 725 3423 a
741 3359 832 3422 Fello
847 3358 975 3423 allatus.

375 3461 411 3523 P.
432 3480 502 3544 ¹03·
518 3460 538 3524 l.
554 3482 585 3540 4.
604 3461 707 3525 audiri
723 3460 754 3523 iu
771 3461 929 3545 precibus]
946 3460 1095 3523 Adnotat
1112 3460 1265 3522 Erasmus
1280 3458 1378 3523 videri

331 3562 523 3647 cyprianum
547 3563 680 3627 sensisse
703 3563 857 3626 sacrificio
881 3561 1055 3627 sacerdotis
1079 3560 1167 3646 impii
1192 3560 1269 3623 nihil
1289 3561 1378 3636 effici,

331 3664 426 3728 immo
446 3664 547 3749 magis
567 3663 724 3748 inquinari
745 3664 906 3749 populum.
952 3663 1094 3727 Joannes
1114 3665 1241 3725 Gerson
1262 3663 1293 3725 in
1315 3685 1380 3727 ser-

332 3787 423 3829 mone
443 3766 483 3829 de
503 3787 594 3829 coena
609 3765 758 3829 Domini:
784 3767 850 3829 Die
870 3774 1074 3849 assequentes
1091 3786 1146 3828 eur
1163 3766 1336 3849 Cyprianus
1352 3777 1380 3831 et

332 3866 392 3928 olii
416 3865 543 3929 doctores
563 3866 709 3950 plurimi,
736 3888 862 3951 quorem
886 3867 971 3930 diota
996 3865 1163 3929 recitantur
1185 3867 1220 3929 io
1244 3867 1379 3943 decretas,

325 3977 491 4049 ponerent
505 3967 586 4032 111111
593 3969 671 4050 fieri
689 3968 723 4031 ie
743 3970 940 4033 sacramentis
955 3968 1089 4052 nihilque
1106 3969 1238 4050 conferi
1251 3992 1272 4033 o
1291 3969 1381 4033 11111-

332 4068 461 4132 matioia.
493 4069 572 4133 Vide
585 4090 611 4133 1.
628 4093 658 4155 q.
675 4091 702 4133 1.
719 4071 751 4133 in
766 4070 894 4134 decreto
910 4071 1068 4135 Gratiani.
1099 4071 1197 4154 Apud
1214 4071 1381 4135 Etherium

333 4178 367 4234 et
386 4170 523 4235 Beatum
544 4172 576 4235 in
596 4171 677 4235 libro
692 4172 794 4256 primo
816 4171 968 4236 adversus
984 4172 1176 4256 Elipandum
1191 4170 1382 4235 Toletanum

332 4272 486 4357 scriptum
501 4280 551 4337 est
565 4272 753 4337 sacrificium
768 4271 880 4335 altaris
899 4272 1004 4336 offerri
1019 4294 1081 4336 uon
1097 4295 1190 4357 posse
1205 4294 1261 4356 per
1275 4294 1383 4357 quem·

333 4373 411 4437 libet
433 4374 643 4447 sacerdotem,
660 4374 716 4436 sed
736 4395 794 4458 per
813 4373 1012 4437 sacerdotem
1032 4383 1177 4436 sanctum
1197 4379 1231 4436 et
1246 4373 1381 4457 justum.

333 4473 486 4538 Alhertus
503 4475 669 4538 Stadensis
688 4473 869 4537 describens
888 4473 1053 4537 historiam
1070 4473 1268 4556 quorundam
1283 4474 1382 4538 haere·

335 4575 469 4640 ticorum
500 4575 553 4659 qui
583 4597 667 4639 anno
698 4579 788 4656 1248.
815 4584 981 4661 coeperunt
1006 4576 1160 4661 pullulare
1190 4577 1221 4640 iu
1251 4577 1384 4642 ecclesia

336 4675 403 4752 Dei,
420 4677 469 4743 ait
483 4677 554 4741 illos
567 4677 685 4743 dixisse
701 4680 883 4744 sacerdotes
897 4677 930 4740 in
944 4677 1083 4762 peccatis
1101 4678 1289 4742 mortalibus
1309 4699 1382 4741 eon-.
