3700 5667
393 643 459 710 364
744 636 1099 705 ANNOTATIONES

395 815 455 878 lire
482 821 672 876 conarentur.
726 811 838 876 Graeoe
860 817 937 874 sunt
962 808 1071 885 rerba,
1098 808 1128 870 oi
1152 805 1188 884 δὴ
1213 807 1282 868 τότε
1310 805 1355 871 είς
1381 805 1454 883 μίαν

395 915 516 996 γραφὴν
537 914 729 994 ἀθροίσαντες
748 916 785 975 τὸ
804 910 970 993 δεδογμένα
990 911 1039 973 ἐπὶ
1059 909 1173 992 Παύλῳ
1193 910 1234 992 τᾷ
1254 909 1289 969 ἔκ
1310 903 1453 984 Σαμοσά-

395 1042 465 1092 των,
480 1016 529 1078 καὶ
548 1015 686 1100 Φωτοινῷ
706 1018 747 1098 τῷ
768 1014 801 1076 ἑκ
821 1013 953 1093 Σιρρίσυ,
970 1012 1019 1074 καὶ
1038 1010 1094 1089 τὴν
1109 1013 1283 1073 ἑκτεθεῖσαν
1298 1010 1405 1071 πίστιν
1419 1008 1454 1070 ἐι

395 1123 457 1183 τοῖς
475 1116 634 1196 tyrannim
654 1118 705 1192 τῆς
718 1112 901 1195 Ἀντιοχέων
922 1113 1092 1189 ἐκκλησίας,
1109 1112 1148 1177 ὦς
1163 1107 1452 1191 intumesceret

398 1220 558 1298 ὁμοουσίου
579 1218 807 1299 ἐπιχειρούντων
827 1221 915 1278 τινῶν
936 1216 1013 1278 ίδίαν
1032 1213 1224 1278 σννιστάνειν
1243 1214 1373 1293 αἵρεσιν,
1395 1235 1452 1274 πα·

398 1319 613 1402 ροσκευάζουσι
635 1316 813 1382 συναινέσαι
833 1317 924 1395 ταύτῃ
947 1315 1091 1395 Λιβίριον
1107 1317 1164 1379 διο.
1209 1313 1342 1379 Etenim
1366 1312 1452 1388 hine,

398 1422 522 1507 opinor,
537 1425 674 1495 oonetat,
690 1419 819 1482 deoreta
838 1418 985 1501 quadam
1005 1424 1104 1501 atque
1122 1416 1204 1480 seito
1221 1413 1370 1479 extitisse
1388 1412 1452 1498 pri-

399 1523 464 1586 oris
480 1521 562 1584 illiue
578 1520 770 1583 Antiooheni
785 1519 907 1582 aoncilii
923 1526 1037 1583 eontra
1052 1518 1188 1582 Paulum
1203 1517 1451 1581 Samosatennm

400 1622 514 1698 habiti,
530 1643 601 1706 quae
622 1621 664 1684 ab
686 1643 745 1684 usu
768 1621 863 1696 vonis,
883 1620 923 1683 de
945 1642 1009 1705 qua
1030 1620 1146 1704 agitur,
1164 1625 1223 1683 ant
1244 1618 1453 1703 derogarent,

399 1736 458 1790 aut
479 1725 594 1788 saltam
615 1723 840 1787 abstinendum
862 1744 932 1786 esee
948 1722 1110 1808 juberent.
1156 1719 1270 1804 Supra,
1285 1725 1325 1783 ut
1344 1717 1453 1781 obiter

399 1827 434 1889 id
457 1832 577 1902 notem,
600 1824 699 1889 babes
721 1828 758 1888 τὸ
781 1826 831 1887 ἐπὶ
853 1824 967 1906 Παύλῳ
989 1819 1185 1902 πεπραγμένα
1208 1820 1291 1904 Imp.
1311 1816 1453 1882 Justiui·

399 1949 494 1991 anum
513 1926 708 1990 afferentem.
754 1925 838 2002 Quin
853 1945 954 2009 neque
969 1923 1009 1986 ol.
1025 1922 1200 1999 Ehrliohio,
1214 1921 1305 2006 eujus
1321 1920 1452 1984 Diam.

400 2029 450 2093 De
481 2026 652 2092 Erroridas
680 2026 781 2091 Pauli
806 2028 923 2091 Samos.
951 2048 1036 2111 soepe
1065 2023 1319 2101 oommemoravi‚
1345 2021 1453 2108 potuit

401 2132 462 2195 hoo
492 2129 683 2215 persuadere
712 2128 906 2206 Feverlinus,
931 2128 997 2193 falli
1023 2127 1250 2204 Athanasium,
1275 2125 1452 2201 Hilarium,

400 2231 490 2304 alios,
513 2232 589 2294 dum
609 2230 768 2294 memoriae
786 2230 926 2315 produnt
948 2229 1144 2314 improbasse
1163 2249 1255 2292 unum
1274 2226 1362 2291 voois
1382 2228 1453 2304 δμο-

402 2335 505 2397 ουσίου
528 2333 749 2396 Antioohenos
774 2339 904 2417 potres;
937 2333 1004 2416 ipse
1027 2339 1137 2397 tamen
1161 2331 1244 2395 idem
1266 2328 1452 2393 Ehrliobins

401 2434 568 2499 formulam
589 2434 661 2497 fidoi
680 2435 776 2497 modo
795 2443 1015 2510 memoratam,
1034 2433 1067 2496 in
1087 2455 1152 2518 qua
1173 2454 1257 2517 saepe
1277 2431 1454 2496 adhibetur

402 2537 462 2600 hoo
485 2536 684 2612 vocabulum,
709 2537 752 2599 ad
777 2536 904 2600 eosdem
930 2547 1040 2620 patres
1069 2533 1289 2598 Antioohenos
1313 2533 1453 2597 referen-

402 2638 477 2701 dam
492 2659 561 2700 esse
579 2658 651 2700 oum
669 2637 834 2701 Faveriino
849 2638 981 2701 censuit.
1020 2639 1069 2702 At
1084 2636 1165 2701 ooni.
1181 2659 1239 2700 nos
1257 2634 1353 2720 paulo
1368 2633 1453 2697 infra

402 2746 436 2801 et
461 2737 535 2801 Not.
561 2738 712 2801 Ehrliohii
740 2741 769 2820 δ.
788 2739 830 2801 ix.
880 2738 1026 2823 Denique
1048 2738 1090 2803 ad
1113 2737 1197 2802 voois
1219 2738 1379 2817 δροονσίον
1403 2756 1452 2798 re-

403 2838 623 2922 probationem
646 2839 706 2902 hoo
728 2840 879 2922 pertinet,
903 2841 988 2925 quod
1011 2840 1095 2903 idem
1117 2839 1244 2923 quidem
1267 2836 1454 2902 Foverlinns

402 2940 436 3002 in
460 2939 694 3002 Dissertatione
719 2941 791 3017 alia,
817 2965 887 3026 quae
910 2964 995 3005 anno
1020 2957 1101 3025 1755
1124 2942 1164 3004 de
1187 2941 1248 3005 hoo
1271 2962 1306 3005 re
1331 2939 1453 3025 seripta

403 3046 465 3114 est,
486 3046 599 3101 eontra
621 3040 813 3104 narrationis
836 3043 1003 3106 veritatem
1024 3049 1247 3127 argumentum
1268 3041 1359 3106 duait
1380 3062 1453 3104 oum

404 3164 445 3204 ex
471 3140 622 3205 diuturno
648 3141 843 3207 Arianorum
871 3145 910 3208 de
936 3145 1047 3208 eadem
1074 3144 1209 3220 silentio,
1234 3151 1304 3208 tum
1330 3165 1371 3206 ex
1397 3164 1454 3226 ap-

403 3243 591 3328 probatione
627 3244 712 3308 vooie
750 3268 772 3309 a
810 3246 965 3331 Dionysio
1003 3247 1222 3311 Alexandrino
1261 3246 1347 3309 olare
1388 3253 1452 3309 tes-

405 3353 488 3421 tata,
503 3345 556 3429 qui
580 3347 691 3431 synodi
716 3347 926 3412 Antiochense
949 3349 1047 3412 initiis
1068 3348 1223 3413 interfuit.
1268 3347 1361 3411 Idem
1376 3367 1451 3410 vero

405 3446 577 3530 Dionysius
596 3455 673 3511 ante
692 3448 933 3531 comprobatam
948 3449 981 3511 in
996 3447 1155 3533 Apologia
1169 3471 1228 3511 sna
1242 3469 1350 3511 vooem
1365 3447 1452 3510 dixe·

301 3572 306 3584 ¹
405 3556 467 3624 rat,
484 3570 518 3610 se
540 3570 695 3633 nusquam
719 3550 752 3612 in
776 3550 950 3634 Scripturis
974 3550 1080 3614 Saoris
1103 3551 1190 3614 illam
1211 3550 1334 3635 legisse.
1366 3547 1452 3612 Vide

404 3650 446 3712 ad
475 3648 528 3711 fin.
553 3650 700 3713 D1onrs11
728 3651 868 3726 Ronnm,
896 3675 983 3717 num.
1011 3672 1060 3716 ιι.
1114 3652 1299 3717 Liberatum
1327 3671 1454 3735 qaoque

407 3749 540 3811 Faseoni
563 3749 603 3812 de
625 3773 700 3816 vooe
722 3752 886 3817 λοσιοοιιοίο
907 3754 1163 3817 dissertationem
1185 3752 1320 3817 edidisse
1345 3753 1455 3815 Romae

405 3849 516 3912 eodem
538 3871 623 3913 anno
642 3869 733 3936 1755,
753 3855 790 3917 ol.
807 3855 990 3918 Harlesium
1011 3865 1196 3926 narrantem
1215 3854 1321 3929 habos,
1337 3853 1370 3916 in
1391 3874 1456 3936 qua

407 3952 575 4017 ostendere
589 3963 723 4019 conatus
737 3957 790 4032 sit,
805 3980 913 4021 vocem
929 3959 1014 4021 illam
1029 3959 1070 4022 ab
1086 3956 1297 4023 Antiochenis
1310 3955 1457 4040 patribus

405 4054 617 4140 proscriptam
633 4056 681 4119 vel
703 4059 903 4141 repudiatam
922 4082 983 4122 non
1004 4083 1080 4124 esse.
1114 4059 1189 4122 Vid.
1210 4057 1349 4122 Fabricii
1367 4055 1455 4120 Bibe.

408 4158 463 4218 Gr.
480 4166 556 4220 tom.
574 4158 628 4220 xii.
644 4181 675 4242 p.
691 4161 765 4244 568.
781 4161 830 4224 ed.
847 4182 947 4224 novae.
979 4163 1033 4225 Αιι
1047 4183 1122 4225 vero
1137 4182 1204 4224 rem
1222 4160 1302 4223 bene
1321 4157 1458 4243 gesserit

407 4257 554 4333 Fassoni,
571 4259 694 4324 dubito.
741 4260 813 4324 Hoo
836 4262 910 4325 olim
932 4264 1054 4347 seripsi.
1092 4262 1170 4326 Jam
1192 4261 1276 4326 leota
1296 4260 1457 4323 Disserta-

407 4358 494 4421 tione
516 4359 595 4442 ejus,
618 4361 745 4424 fortiter
766 4362 818 4426 ille
840 4385 1007 4448 pugnasse,
1029 4365 1083 4428 vix
1106 4373 1214 4428 tamen
1235 4360 1358 4437 vicisse,
1379 4360 1457 4424 mihi

407 4458 492 4522 visus
514 4468 572 4524 est.
618 4462 715 4527 Haud
735 4462 838 4526 debile
859 4465 987 4549 quidem
1006 4487 1064 4530 neo
1083 4463 1296 4550 spernendum
1310 4468 1361 4526 eat
1375 4461 1454 4538 illud
