3700 5667
627 1053 1057 1153 MALCHION.

738 1319 959 1349 4-

422 1508 458 1578 S.
477 1504 741 1589 Hrsnournus
758 1504 835 1577 Lib.
853 1504 917 1577 De
943 1506 1039 1577 Viris
1055 1503 1265 1586 Illustribus

675 1647 751 1714 cap.
769 1624 857 1693 lxxi.
876 1647 909 1715 p.
927 1622 1009 1694 160.

325 1752 638 1854 MALCHION,
665 1773 912 1841 disertissimus
939 1769 1177 1841 Antiochense
1210 1766 1366 1837 eeolesiae

322 1895 512 1986 presbyter,
548 1894 678 1986 quippe
712 1897 773 1986 qui
804 1897 841 1964 in
875 1897 999 1964 eadem
1033 1894 1121 1963 urbe
1155 1892 1366 1962 rhetoricam

322 2016 568 2087 florentissime
598 2020 777 2099 docuerat,
805 2020 993 2088 adversum
1023 2016 1174 2087 Paulum
1206 2015 1368 2086 Samosa-

323 2149 456 2221 tenum,
478 2143 536 2232 qui
559 2139 797 2212 Antiochense
821 2140 981 2210 eoolesiae
1005 2140 1188 2232 episeopus
1213 2139 1368 2230 “dogma

323 2263 528 2333 Artemonis
558 2266 777 2347 instaurarat,
808 2259 1095 2356 berroipientibus
1124 2261 1269 2332 notariis
1299 2261 1369 2330 dis-

323 2388 482 2477 putavit:
518 2387 577 2477 qui
606 2386 765 2479 dialogus
796 2409 907 2477 usque
935 2387 1040 2456 hodie
1067 2394 1178 2456 extat.
1231 2383 1302 2455 Sed
1330 2392 1369 2454 et

323 2509 391 2579 alia
431 2512 573 2603 grandis
612 2510 773 2602 Epistola
809 2533 856 2580 ex
894 2533 1043 2602 persona
1080 2510 1203 2603 synodi
1242 2507 1287 2577 ab
1325 2530 1368 2577 eo
1446 2569 1453 2583 .

326 2636 455 2724 scripta
488 2636 531 2703 ad
568 2633 778 2726 Dionysium
812 2643 850 2704 et
884 2634 1098 2718 Maximum,
1129 2633 1298 2702 Romauae
1331 2639 1370 2700 et

324 2755 574 2826 Alexandrinae
597 2757 754 2826 eoolesiae
775 2758 957 2849 episcopos
981 2756 1154 2850 dirigitur.
1205 2754 1370 2826 ⁰Eloruit

325 2880 390 2950 sub
408 2879 556 2951 Claudio
573 2891 610 2950 et
627 2879 834 2949 Aureliano.

366 3111 381 3142 ἃ
396 3101 541 3159 Eusebius
557 3120 584 3157 v.
599 3100 647 3159 28.
667 3110 807 3160 memorat
829 3101 989 3174 σπούδασμα
1005 3101 1115 3160 vetusti
1136 3100 1286 3180 scriptoris
1305 3103 1370 3158 κατὰ

325 3211 370 3276 virs
383 3207 541 3279 Ἀρτέμωνος
557 3210 681 3280 αῑρέσεωο
699 3209 876 3277 πεπονημένον
890 3208 920 3277 ἣν
934 3208 1007 3266 αὖθις
1020 3211 1035 3262 ὁ
1049 3211 1077 3263 ἐκ
1094 3210 1252 3279 Σαμοσάτων
1265 3212 1371 3265 Παῦλος

326 3312 381 3367 ruff
403 3313 468 3382 ἡμᾶς
491 3313 686 3368 ἀνανεώσασθαι
709 3313 871 3385 πεπείραται.
923 3312 1065 3390 Episoopi
1088 3312 1267 3370 Antiocheni
1292 3311 1370 3389 apud

326 3415 450 3472 eundem
465 3416 514 3472 vii.
529 3417 579 3473 30.
598 3435 663 3493 pag.
679 3416 749 3474 282.
769 3415 805 3472 de
826 3413 920 3471 Paulo
938 3414 1050 3472 Samos.
1071 3420 1109 3490 τῷ
1124 3417 1153 3471 δέ
1165 3415 1278 3488 Ἀρτέμα
1295 3414 1370 3471 οὗτος

326 3523 512 3586 ἐπισταλλέτω,
527 3524 568 3576 καὶ
582 3526 607 3576 oi
619 3525 652 3577 τὰ
664 3523 776 3594 ’Aperui
792 3526 950 3595 φρονοῦντες
963 3521 1047 3596 ror'rrp
1060 3523 1269 3578 κοινωνείτωσαν.
1313 3518 1369 3578 Fa·

327 3624 438 3683 cundus
452 3625 494 3684 iii.
510 3628 538 3683 2.
561 3626 752 3704 Monffestom
769 3634 809 3686 est
827 3627 901 3701 quod
916 3627 1120 3684 Samosatenus
1135 3625 1247 3682 Paulus
1263 3624 1371 3703 episco-

325 3751 382 3807 pus
396 3730 577 3808 quidemsuit
594 3732 770 3791 Antiocheno
783 3731 906 3791 ecelesia
916 3731 1033 3790 Domini
1045 3731 1112 3796 Dei,
1130 3730 1265 3789 Theodoti
1279 3739 1371 3788 auton

328 3846 353 3893 et
369 3836 527 3893 Artemonis
545 3856 639 3894 errore
657 3845 804 3915 aegrotons,
821 3836 870 3916 qui
887 3858 992 3915 purum
1012 3837 1146 3894 bominem
1164 3837 1296 3894 dixerunt
1311 3855 1372 3893 esse

330 3941 481 3999 Dominum
506 3942 604 4001 Jemm
632 3942 784 4000 Christum.
836 3943 886 4000 Sic
913 3941 1105 4000 Artemonem
1133 3941 1195 4000 sive
1219 3943 1370 4009 Arteman,

329 4046 453 4105 Paulum
471 4048 690 4106 samosatenum
710 4059 740 4107 et
756 4049 916 4108 Photinum
932 4047 1055 4107 velutin
1070 4049 1171 4106 heresi
1187 4046 1288 4105 eadem
1305 4065 1373 4104 eon·

328 4151 470 4229 spirantes
485 4150 586 4228 jungit
608 4150 693 4209 Felix
711 4150 773 4210 ΙΙΙ.
797 4152 875 4230 Papa
895 4151 926 4208 in
946 4149 1081 4228 Epistola
1101 4149 1138 4207 ad
1158 4149 1280 4207 Petrum
1300 4146 1372 4204 Ful·

327 4255 434 4314 lonem.
476 4253 647 4313 Artemonis
661 4256 783 4314 heresin
797 4254 978 4333 oppugnavit
992 4252 1088 4312 saeculi
1101 4250 1221 4310 secundi
1235 4250 1272 4308 ad
1286 4249 1372 4309 finem

327 4359 473 4436 vergentis
494 4358 618 4437 scriptor
635 4370 720 4417 vetus
739 4359 776 4418 de
793 4377 852 4436 quo
872 4358 1020 4417 Eusebius
1033 4377 1063 4416 v.
1078 4355 1127 4415 28.
1145 4365 1175 4413 et
1189 4355 1278 4413 Caius
1294 4352 1373 4433 apud

329 4463 468 4522 Photium
484 4463 548 4523 cod.
558 4464 608 4523 48.
624 4464 709 4523 Pauli
725 4460 905 4524 samosateni
920 4463 1036 4522 heresis
1051 4463 1186 4520 damnata
1198 4460 1229 4518 in
1242 4460 1373 4519 Concilio

328 4567 514 4628 Antiocheno
531 4568 571 4627 A.
586 4568 656 4636 270.
699 4569 728 4626 Is
748 4567 901 4647 episeopus
922 4566 1085 4625 Antiochia
1106 4565 1203 4624 faetus
1223 4575 1285 4625 erat
1306 4576 1372 4644 post
