3700 5667
546 651 596 715 IN
622 653 851 716 CONCILIA
877 653 1125 718 CARTHAG.
1298 655 1362 723 139

224 854 230 863 ·
312 817 484 882 admodum
499 840 646 903 suprema
660 817 715 880 illa
730 825 823 882 noete
843 825 1039 902 praeceperat
1055 819 1221 896 Dominus,
1237 825 1273 883 ut
1288 841 1362 882 con-

309 919 411 1002 jurati
435 919 608 1003 prodibant
634 920 764 995 olearon,
791 928 989 1004 mortemque
1014 921 1141 985 fortiter
1166 923 1363 1006 oppetebant

313 1044 408 1106 quam
431 1022 586 1086 Dominus
608 1046 666 1108 pro
690 1023 829 1108 ipsorum
852 1022 955 1086 salute
971 1023 1104 1088 obierat.
1150 1025 1321 1088 Rammius
1342 1048 1364 1089 a

314 1124 404 1188 Fello
420 1125 547 1189 allatus.

356 1226 393 1290 P.
411 1244 461 1312 95.
478 1227 499 1289 l.
520 1248 568 1306 19.
592 1234 626 1291 et
645 1235 793 1312 optamus
816 1235 849 1291 et
865 1227 1035 1311 oredimus]
1056 1226 1136 1291 Haeo
1160 1227 1286 1312 quidem
1307 1229 1362 1294 ha·

313 1330 430 1393 bentur
449 1330 482 1392 in
502 1343 623 1414 septem
640 1331 800 1394 codicibus
819 1329 968 1414 antiquis.
1015 1330 1078 1394 Sed
1103 1331 1218 1394 desunt
1240 1331 1271 1393 in
1294 1332 1365 1395 aliis

281 1494 286 1501 ,
313 1438 396 1495 ooto.
441 1433 597 1495 Erasmus
616 1433 736 1517 primus
754 1433 870 1517 posuit.
916 1435 1002 1496 Nam
1018 1434 1239 1497 desiderantur
1253 1433 1286 1496 in
1303 1456 1360 1497 an·

313 1534 410 1618 tiquis
444 1535 646 1600 editionibus.
685 1537 852 1600 Bnuuzms.
913 1536 1041 1599 Primus
1073 1537 1246 1613 Morelliru,
1280 1544 1363 1602 teste

315 1636 466 1712 Pamelio,
482 1639 579 1702 verba
598 1639 666 1704 hae
685 1639 821 1703 addidit.
867 1638 979 1723 Neque
998 1640 1081 1702 enim
1096 1641 1246 1703 Erasnrus
1261 1662 1363 1724 neque

313 1738 409 1802 etiam
434 1740 598 1804 Manutius
622 1764 661 1805 ea
686 1741 884 1805 exhibuerat.
946 1741 1071 1805 Extant
1097 1750 1206 1805 autem
1235 1742 1267 1804 in
1291 1742 1362 1806 aod.

314 1841 481 1925 posteriori
508 1843 593 1906 Noui
617 1844 750 1929 uoluat,
776 1852 809 1907 et
831 1843 863 1905 in
883 1844 1150 1920 ulleermauuiano,
1173 1843 1226 1927 qui
1249 1844 1365 1909 duode-

314 1943 395 2006 oimo
418 1945 532 2008 aaeoulo
554 1946 755 2010 adscribitur.
791 1945 874 2010 Solae
897 1969 1001 2023 voces,
1021 1957 1049 2009 et
1071 1956 1219 2030 optamus,
1239 1947 1271 2009 in
1294 1949 1363 2011 ood.

314 2047 416 2110 altero
449 2069 519 2111 meo
545 2048 619 2112 olim
641 2050 803 2113 Druriauo
826 2049 940 2133 positae
964 2056 1047 2112 sunt.
1093 2048 1201 2111 Editio
1222 2050 1365 2113 Romana

313 2150 388 2213 anni
413 2168 506 2233 1471,
526 2174 581 2214 seu
609 2152 765 2237 princeps,
789 2152 898 2228 habet,
918 2172 975 2214 neo
995 2150 1088 2226 male,
1111 2150 1286 2214 audiuimus
1306 2174 1365 2236 pro

314 2252 466 2316 audimus.

357 2353 440 2417 Ibid.
455 2354 476 2418 l.
496 2374 546 2439 23.
571 2354 725 2418 sacrificia
745 2354 823 2439 Dei]
850 2355 1035 2437 sucrificium
1059 2356 1126 2419 Deo
1151 2355 1223 2420 MS.
1246 2363 1364 2421 noster.

315 2455 478 2519 Hsanunr.
495 2459 536 2520 ad
554 2457 702 2532 Concilio,
718 2457 873 2521 saorifioia
888 2459 951 2521 Dei
964 2483 973 2534 3
989 2458 1036 2522 ita
1051 2467 1137 2522 certe
1152 2458 1250 2523 habet
1264 2462 1365 2525 codex

315 2558 522 2623 corbeiensis.
568 2560 613 2624 Et
637 2568 745 2624 tamen
766 2560 924 2643 Rigaltius
946 2562 1082 2626 adnotat
1097 2563 1128 2625 in
1144 2562 1197 2626 illo
1212 2563 1364 2648 scriptum

315 2683 383 2726 esse
400 2664 475 2726 Deo.
502 2664 668 2725 Banuzrus.
714 2663 910 2747 Designatus
931 2663 972 2726 ab
993 2663 1161 2728 Harduino
1179 2666 1251 2728 MS.
1269 2666 1366 2729 Bibli-

315 2765 436 2828 otheoae
456 2765 653 2830 Jesuitarum
673 2765 803 2850 collegii
826 2765 977 2829 Ludovioi
996 2767 1042 2830 M.
1060 2767 1202 2830 Parisiis.
1247 2768 1366 2832 Extat·

315 2887 375 2950 que
390 2867 500 2930 eadem
515 2867 609 2931 leotio
624 2868 807 2950 saonfloium
821 2869 887 2932 Deo
901 2869 934 2930 in
950 2868 1057 2932 codiee
1073 2869 1147 2932 olim
1162 2871 1366 2934 Meermanni

315 2990 396 3031 nuno
411 2991 493 3032 meo.

357 3069 440 3133 Ibid.
475 3070 616 3153 quotidie
638 3071 845 3156 celebramus]
880 3072 920 3134 In
946 3072 1027 3135 libro
1053 3073 1093 3135 de
1120 3072 1274 3137 Oratione
1297 3073 1363 3137 Do-

314 3171 428 3235 minioa
454 3194 526 3257 pag.
555 3192 626 3252 209.
662 3174 894 3237 Eruturiatinu
914 3175 1114 3258 quotidieud
1137 3174 1234 3237 cibum
1257 3177 1367 3240 salutm

314 3275 487 3359 acceptamus.
534 3274 748 3338 Tertullianus
767 3275 820 3338 lib.
839 3275 871 3339 ii.
892 3277 934 3338 ad
956 3276 1110 3352 Uxorem,
1132 3278 1253 3340 Nesciet
1269 3280 1366 3341 ruari-

314 3385 361 3440 tus
374 3377 452 3461 quid
463 3388 569 3441 secreto
581 3388 650 3441 aute
664 3400 778 3441 nauem
792 3377 890 3442 eibum
902 3390 999 3463 pastea
1009 3406 1023 3452 ‚·
1037 3390 1063 3442 et
1077 3380 1105 3440 ai
1118 3379 1367 3464 ramponem,

314 3478 474 3542 tonsillam
497 3480 666 3543 crediturae
685 3481 739 3564 qui
759 3480 885 3544 dieitur.
931 3481 1011 3543 Vide
1032 3503 1102 3564 oap.
1127 3478 1265 3557 Quotidie
1279 3482 1364 3565 apud

316 3580 507 3645 Gratianum
523 3581 597 3644 dist.
615 3602 643 3647 a.
660 3583 699 3645 de
715 3582 970 3647 consecratione.
1003 3582 1168 3645 Banuzrus.

360 3682 399 3746 P.
416 3685 468 3764 96.
485 3682 504 3744 l.
521 3704 551 3760 4.
575 3681 629 3766 qui
644 3683 832 3767 martyrium
848 3682 949 3769 tollit]
970 3683 1022 3747 Sio
1039 3684 1115 3746 Luo.
1132 3682 1175 3745 ix.
1193 3703 1242 3768 23.
1271 3681 1368 3764 ἀράτω

315 3783 368 3847 τὸν
393 3785 524 3866 σταυρὸν
550 3787 649 3848 αὐτοῦ.
694 3786 853 3871 Rigaltius
875 3787 931 3864 ait,
957 3787 1021 3856 Qui
1047 3786 1231 3872 dignatione
1258 3786 1365 3850 divina

315 3889 501 3973 martyrium
522 3889 667 3961 obtinet;
691 3887 879 3973 martyrium
901 3889 996 3965 tollit,
1022 3897 1058 3953 ut
1083 3889 1177 3964 infra,
1202 3910 1291 3952 urum
1314 3887 1368 3952 ut

317 3989 414 4054 euos.
461 3990 591 4054 Faunus.

359 4093 441 4156 Ibid.
466 4093 618 4177 sanguine
637 4115 694 4156 suo
714 4093 909 4178 baptizatur]
930 4093 1089 4176 Rigaltius
1104 4093 1162 4168 ait,
1183 4093 1256 4154 Tota
1265 4112 1366 4175 para-

315 4194 376 4259 disi
389 4195 496 4271 emota,
514 4195 638 4280 sanquis
659 4204 728 4258 tuus
747 4204 797 4273 eu,
817 4194 921 4279 inquit
945 4196 1065 4259 Tertul.
1082 4194 1144 4258 vid.
1160 4193 1263 4276 Epist.
1280 4215 1366 4255 uvnr.

316 4298 369 4375 (al.
392 4303 473 4380 avr.)
498 4297 628 4360 Faunus.
674 4297 778 4381 Epist.
802 4317 854 4382 73.
884 4320 956 4382 pag.
982 4301 1054 4384 136.
1077 4306 1174 4381 utpote
1194 4296 1248 4379 qui
1270 4294 1367 4380 bapti-

315 4411 419 4465 uuor
429 4401 641 4487 phriosuuruo
661 4410 687 4463 et
707 4401 838 4463 mauimo
857 4401 1016 4485 sauguinis
1031 4399 1186 4484 baptismo.
1232 4397 1277 4461 Et
1291 4420 1365 4461 mox

315 4504 404 4569 addit
434 4503 587 4588 sanguine
617 4525 674 4566 suo
701 4502 882 4587 baptizatos
912 4511 945 4566 et
976 4503 1120 4585 passione
1150 4501 1366 4566 sanctificatos

317 4606 526 4672 consummari
556 4614 589 4670 et
619 4605 732 4671 divinae
763 4603 1002 4691 pollicitationis
1035 4603 1173 4688 gratiam
1207 4603 1365 4687 consequi.

814 4731 832 4769 Τ
849 4726 867 4772 2
