3700 5667
469 710 521 775 IN
538 712 571 775 S.
589 711 778 776 DIONYS.
795 710 943 776 ALEX.
960 710 1030 775 ΕΡ.
1048 710 1115 774 ΑΙ)
1133 709 1341 775 BASILID.
1384 712 1450 781 249

396 878 543 963 exemplo
565 877 664 942 allato
686 879 837 951 ostendit,
852 877 1000 942 maritale
1022 876 1158 941 officium
1178 898 1294 962 eorpus
1315 875 1443 939 Domini

397 980 540 1064 aooipere
560 1002 623 1042 non
645 980 831 1065 permittere
852 980 937 1044 fideli
958 979 1104 1065 cuiquam
1126 1001 1184 1065 per
1198 981 1293 1043 breve
1307 986 1443 1064 tempus.

395 1082 462 1146 Sed
482 1082 620 1147 severius
642 1105 714 1146 enm
733 1104 805 1146 oum
824 1083 908 1147 olero
930 1083 1032 1168 egisse
1052 1091 1143 1168 petet
1162 1105 1203 1147 ex
1221 1082 1356 1168 epistola
1376 1083 1446 1167 ejus

393 1184 443 1248 od
457 1186 701 1258 Pammaetiam,
718 1186 777 1249 sub
801 1187 903 1261 finem,
919 1194 988 1251 tum
1008 1208 1083 1250 vero
1104 1208 1144 1250 ex
1165 1186 1245 1250 libro
1266 1185 1368 1271 primo
1388 1185 1445 1250 nd-

397 1308 498 1350 versas
518 1289 731 1365 Jooiaiaaom,
753 1310 825 1373 pag.
849 1309 901 1366 ιο.
928 1288 982 1353 ubi
1007 1296 1193 1374 perpetuam
1219 1288 1447 1353 abstinentiam

396 1389 499 1454 eidem
515 1390 688 1476 injunctam
705 1414 771 1455 esse
786 1392 912 1456 statuit.
949 1392 1066 1457 Oonfer
1079 1414 1151 1457 oum
1168 1391 1321 1476 Dionysio
1335 1389 1444 1454 Timo-

397 1492 463 1556 thei
488 1493 592 1577 Episo.
619 1493 710 1558 Alex.
734 1495 875 1578 Bosporus.
891 1515 920 1557 v.
967 1494 1063 1558 Nune
1085 1493 1215 1559 firmant
1235 1494 1448 1558 mutationem

397 1616 501 1659 meam
517 1596 685 1659 Pedalium
699 1619 738 1660 ao
752 1596 872 1680 Syllope
889 1597 1071 1660 Groeoorusa.

442 1697 478 1760 P.
497 1716 568 1782 231.
584 1698 604 1762 l.
626 1720 672 1762 ιο.
695 1704 848 1779 προσῆκον
863 1699 1007 1778 ἀλλήλων
1021 1702 1055 1763 ἐκ
1069 1702 1231 1780 συμφώνου
1245 1699 1318 1780 πρὸς
1333 1698 1446 1780 καιρὸν,

397 1802 448 1863 ἵνα
470 1799 662 1885 σχολόσωσι]
688 1804 743 1866 Ita
762 1802 917 1886 praedito
937 1803 1081 1882 ἀλλήλων
1103 1808 1255 1884 προσῆκον
1275 1805 1308 1865 d«
1327 1811 1449 1883 συμφυ-

397 1902 463 1967 νέος
482 1902 533 1964 ἵνα
553 1902 626 1982 πρὸς
644 1902 749 1984 καιρὸν
768 1904 958 1986 σχολάσυσι,
975 1926 1015 1967 ex
1035 1915 1098 1968 octo
1112 1904 1242 1967 MSStis
1256 1910 1290 1967 et
1307 1902 1450 1966 Herveto

398 2003 512 2066 Titiani
533 2004 653 2067 oodiois
673 2005 861 2089 interprete,
883 2007 1012 2070 favente
1035 2028 1160 2092 quoque
1184 2005 1319 2090 apostoli
1343 2011 1447 2071 sextu.

398 2105 555 2190 inscripsi.
592 2106 655 2170 Sed
670 2116 705 2171 st
719 2106 796 2171 illud
810 2111 845 2171 ἑκ
859 2110 1022 2190 συμφώνου
1036 2109 1134 2174 etiam
1149 2109 1181 2172 in
1196 2108 1294 2172 eodiee
1309 2129 1317 2171 ι
1324 2110 1377 2192 58.
1391 2107 1447 2194 qui

396 2208 558 2293 discrepat
572 2231 593 2273 a
608 2210 746 2295 reliquis,
759 2211 912 2296 seriptum
928 2219 1031 2288 extat,
1043 2211 1125 2276 siout
1139 2211 1224 2296 apud
1236 2211 1396 2274 Zonarnm
1411 2221 1445 2274 et

399 2309 632 2376 Balsamonem.
671 2313 774 2377 Extat
790 2321 823 2377 et
837 2313 869 2376 in
885 2313 1023 2379 Pedalie.

443 2413 524 2477 lbid.
547 2414 567 2477 l.
590 2437 636 2478 ιι.
660 2418 710 2480 ἵνα
733 2416 913 2499 σχολάσωσι
935 2419 970 2497 τῇ
992 2414 1161 2504 προσευχῇ]
1187 2415 1294 2479 Hodie
1317 2414 1445 2500 quidem

396 2515 562 2600 praefixum
578 2526 628 2582 est
643 2519 675 2582 in
690 2519 825 2603 apostoli
846 2526 939 2584 textu
960 2525 995 2600 τῇ
1016 2522 1138 2604 νηστείᾳ
1160 2520 1218 2595 καὶ,
1234 2518 1318 2604 quod
1338 2519 1443 2594 abest,

397 2619 608 2703 probantibus
622 2628 657 2685 et
672 2621 776 2686 Millio
794 2638 828 2686 et
844 2622 1065 2698 Griesbaohio‚
1079 2645 1099 2686 a
1113 2620 1256 2706 plurimis
1273 2619 1442 2685 oodioibus.

398 2720 509 2785 Verba
518 2729 625 2787 tamen
636 2724 743 2807 posita
753 2732 829 2789 sunt
839 2724 871 2787 in
883 2725 981 2789 codiee
992 2727 1033 2787 62
1034 2746 1065 2810 5.
1075 2746 1231 2789 sanonum
1243 2724 1356 2787 horum
1368 2722 1443 2786 olim

397 2824 598 2901 Εοιοίἰτιοοιιιῗ,
611 2827 785 2911 eademque
795 2827 949 2891 invenisse
964 2828 1078 2892 saltem
1088 2828 1174 2912 apud
1188 2825 1367 2912 apostolum
1381 2826 1444 2889 Zo-

399 2947 492 2989 naras
508 2935 541 2992 et
559 2928 706 2993 Balsama
722 2930 879 2994 videntur.
912 2930 1072 3005 Ceterum,
1089 2952 1161 2994 oum
1175 2930 1215 2993 de
1230 2929 1444 2994 diuturnitate

396 3037 495 3113 atque
513 3030 618 3093 nausis
639 3031 731 3116 hujus
750 3031 953 3097 abstinentia
975 3032 1142 3117 qnaesitnm
1156 3041 1251 3109 esset,
1266 3040 1300 3096 et
1315 3054 1445 3117 respon·

397 3131 498 3196 disset
519 3133 655 3217 apostoli
678 3134 782 3197 verbis
804 3157 880 3199 usus
902 3134 935 3200 S.
953 3135 1133 3220 Dionysius,
1148 3136 1275 3219 quando
1297 3156 1337 3197 ex
1359 3156 1445 3197 eom·

398 3236 484 3299 muni
500 3258 653 3301 consensu
668 3237 700 3300 id
716 3237 817 3301 visum
836 3238 941 3314 suerit,
957 3247 991 3301 ee
1008 3246 1112 3302 eareat
1131 3238 1286 3309 orationis
1310 3237 1447 3300 adnotat

398 3338 542 3402 Zonaras
558 3337 628 3401 ἀλλ’
645 3340 679 3402 οὐ
694 3342 761 3419 περὶ
776 3342 875 3418 πάσης
889 3345 1070 3422 προσευχῆς,
1087 3342 1216 3403 ἐνταῦθα
1230 3338 1354 3418 φησλνὸ
1375 3337 1449 3399 ἀπό·

397 3448 519 3514 στολος,
535 3442 602 3518 περὶ
620 3440 654 3504 δέ
675 3467 711 3522 γε
733 3447 783 3520 τῆς
803 3439 1034 3520 σπουδαιοτέρας
1053 3441 1089 3519 ἣν
1110 3443 1144 3504 έν
1161 3440 1284 3520 δάκρυσι
1301 3442 1348 3502 καὶ
1363 3463 1449 3501 sono·

398 3543 534 3607 παθείοις
549 3547 596 3605 δεῖ
609 3545 756 3623 γίνεσθαι·
780 3545 815 3608 οὐ
833 3547 891 3625 γὰρ
907 3543 1024 3610 πάντως
1039 3546 1129 3609 οὕτως
1146 3539 1363 3624 προσεύξοντσι
1376 3537 1450 3601 πάν·

397 3668 475 3706 τοτε.
506 3648 648 3721 νηστείαν
670 3648 702 3708 δὲ
726 3645 813 3725 λέγει
839 3646 991 3730 (Paulus)
1015 3645 1069 3723 την
1093 3643 1254 3726 γινομένην
1278 3646 1312 3706 ἐν
1340 3648 1451 3724 καιροῖς

398 3745 583 3825 ὡρισμένοις,
599 3745 617 3825 ἢ
632 3749 682 3811 ὅτε
697 3748 806 3826 μέλλοι
820 3774 863 3814 τις
878 3755 936 3811 τῶν
951 3747 1147 3830 ἁγιασμότων
1160 3747 1308 3829 μετέχειν.

446 3846 524 3909 lbid.
540 3847 562 3910 l.
585 3851 628 3911 16.
653 3850 704 3924 ὣς]
733 3850 784 3912 Ita
807 3872 865 3933 pro
885 3850 965 3913 edito
988 3851 1037 3913 καλ
1056 3849 1142 3913 codd.
1161 3870 1257 3912 omues
1275 3846 1452 3923 Beddriam',

399 3948 668 4034 interpretatioque
690 3952 826 4015 Herodi.
875 3952 970 4015 Adde
992 3953 1152 4016 Zonaram
1175 3951 1243 4015 haee
1265 3950 1450 4014 afferentem

398 4051 430 4113 in
448 4054 666 4117 Cornumnturio
680 4076 732 4116 suo
747 4055 780 4117 ιἰι
796 4056 829 4117 S.
842 4054 1007 4118 Athanasii
1022 4054 1194 4139 Epistolnm
1209 4054 1254 4117 ad
1268 4054 1418 4115 Αυιυιιιιιι.

443 4155 526 4219 ibid.
542 4155 562 4218 l.
584 4175 630 4236 17.
647 4158 697 4219 καὶ
714 4159 747 4219 έν
764 4158 877 4223 τούτοις
890 4158 1099 4235 εὐσυνείδητος
1115 4155 1188 4239 διο]
1205 4154 1403 4219 Athanasius
1418 4152 1450 4214 in

398 4259 556 4321 Canonien
584 4259 727 4343 Epistodr
757 4259 865 4323 ornain
895 4259 1076 4343 hujusmodi
1107 4265 1225 4342 praeter
1254 4256 1449 4319 voluntatem

396 4380 468 4443 qnae
484 4361 576 4435 fiunt,
589 4361 681 4445 eulpa
696 4361 825 4425 omnino
838 4384 936 4425 vaona
952 4384 1021 4425 esse
1037 4361 1217 4445 respondet.
1234 4382 1263 4443 p.
1276 4362 1330 4442 36.
1356 4359 1451 4439 Syne-

394 4462 469 4525 di-ei.
508 4464 600 4544 Quod
622 4487 696 4527 voro
720 4464 891 4549 quaesierat
914 4488 935 4527 a
957 4463 1113 4548 Dionysio
1134 4462 1298 4538 Basilides,
1315 4461 1450 4522 Zonaras

397 4564 501 4628 verbis
520 4568 720 4642 ostenditur3
746 4569 900 4647 ἐρωτηθεὶς
924 4570 951 4630 εἰ
970 4572 1018 4630 δεῖ
1037 4568 1104 4633 τοὺς
1127 4568 1160 4629 ἓν
1181 4567 1266 4646 ῥύσει
1278 4561 1448 4642 σπέρματος

397 4667 577 4748 γενομένους
592 4669 799 4750 ἀπροαιρέτως,
813 4676 872 4732 τῶν
889 4668 1083 4751 ἅγιοσμάτων
1097 4665 1247 4751 μετέχειν,
1262 4667 1320 4747 ἔφη
1335 4666 1381 4726 ὅτι
1397 4663 1452 4724 διο.

445 4793 504 4832 vor.
533 4793 578 4833 ιιι.
898 4772 958 4834 uk

1547 4866 1668 5040 r
