3700 5667
782 729 814 788 S.
840 729 1121 791 CORNELIUS.
1430 730 1469 790 21

425 925 495 973 σας
515 890 702 983 βασάνους
720 891 779 970 διά
797 891 860 971 τδν
878 902 941 972 τοῦ
955 900 1050 973 Θεοῦ
1068 896 1169 973 ἔλεον
1187 897 1472 997 καρτερικώτατα

426 1023 615 1124 διενέγκας·
646 1027 703 1101 καὶ
721 1030 765 1126 τῇ
785 1025 887 1129 ῥώμῃ
905 1030 968 1123 τῆς
988 1029 1096 1105 αὐτοῦ
1113 1029 1279 1123 πίστεως,
1297 1027 1338 1106 τὸ
1357 1032 1469 1108 ἀσθε-

428 1158 483 1240 νὲς
507 1163 571 1255 τῆς
597 1156 733 1259 σαρκὸς
757 1159 969 1261 ε’πιῤῥῶσας,
989 1160 1206 1260 κατακράτος
1231 1163 1385 1260 νενίκηκε
1410 1162 1473 1240 τὸν

428 1293 676 1387 ἀντικείμενον·
707 1293 802 1370 οὗτοι
828 1291 871 1389 δή
897 1293 960 1370 οὖν
984 1298 1017 1370 οἱ
1042 1293 1164 1393 ἄνδρες
1190 1293 1473 1391 κατανοήσαντες

400 1422 552 1520 5αίντδν,
572 1428 629 1501 καὶ
648 1422 973 1527 καταφωράσαντες
991 1423 1056 1522 τήν
1075 1429 1112 1503 ε’ν
1134 1428 1229 1532 αὐτῷ
1253 1428 1473 1528 πανουργίαν

429 1593 467 1636 τε
487 1562 545 1635 καὶ
559 1558 818 1654 παλιμβολίαν,
832 1558 895 1639 τάς
909 1593 947 1635 τε
961 1561 1137 1659 ἐπιορκίας
1152 1562 1209 1637 καὶ
1220 1562 1472 1664 ψευδολογίας,

428 1695 488 1770 καὶ
506 1692 572 1789 τὴν
591 1693 846 1790 ἀκοινωνησίαν
865 1694 973 1770 αὐτοῦ
992 1697 1048 1770 καὶ
1068 1696 1293 1796 λυκοφιλίαν·
1319 1698 1474 1791 ἐπανήλ-

430 1831 495 1903 θον
521 1831 569 1906 είς
594 1822 660 1922 τὴν
681 1826 787 1924 ἁγίαν
815 1824 1019 1922 ἐκκλησίαν,
1038 1828 1096 1902 καὶ
1125 1822 1266 1903 ἅπαντα
1294 1829 1401 1904 αι’ντοῦ
1428 1827 1474 1904 roi

429 1959 664 2061 τεχνάσματα
685 1963 743 2037 καὶ
768 1958 1018 2060 πονηρεύματα
1043 1954 1067 2036 ἀ
1092 1960 1130 2036 ἐκ
1155 1968 1298 2036 πολλοῦ
1324 1960 1415 2061 ἔχων
1438 1964 1475 2037 ἐν

386 2095 545 2198 ιοὲαυτῲ
564 2094 814 2188 ὑπεστέλλετο,
833 2093 1020 2193 παρόντων
1039 2098 1167 2171 ἱκανῶν
1186 2101 1291 2170 τοῦτο
1313 2092 1377 2187 μὲν
1395 2095 1471 2171 ε’πι·

430 2224 593 2305 σκόπων·
623 2235 728 2304 τοῦτο
752 2226 789 2304 δὲ
815 2229 1070 2328 πρεσβυτέρων
1095 2231 1153 2305 καὶ
1179 2234 1313 2305 λαῖκῶν
1337 2230 1475 2328 ἀνδρῶν

430 2358 672 2457 παμπόλλων,
694 2359 909 2466 ἐξήγγειλαν
927 2361 1182 2463 ἀποδυρόμενοι
1201 2365 1259 2440 καὶ
1279 2363 1473 2461 μεταγινώ-

428 2527 580 2575 σκοντες
598 2497 655 2598 ἐφ’
675 2492 726 2575 οἷς
753 2493 958 2576 πεισθέντες
984 2501 1035 2599 τῷ
1063 2498 1199 2601 δολερῷ
1227 2501 1284 2573 καὶ
1308 2495 1472 2592 κακοήθει

431 2627 554 2731 θηρίῳ,
573 2625 663 2724 πρὸς
686 2628 811 2726 ὀλίγον
839 2626 969 2729 χρόνον
994 2632 1056 2724 τῆς
1079 2630 1271 2726 ἐκκλησίας
1296 2630 1474 2732 ἀπελείφ-

389 2766 564 2859 ’ὅθησαν

478 2893 554 2955 Εἶτα
567 2896 642 2971 μετὰ
655 2893 775 2975 βραχέα
789 2894 891 2974 φησίν.

489 3003 538 3096 β’.
557 3001 764 3104 Ἀμήχανον
783 3001 885 3100 ὅσην,
904 3002 1065 3102 ἀγαπητὲ
1091 3003 1239 3107 ἀδελφέ,
1260 3005 1396 3105 τροπὴν
1421 3010 1479 3084 καὶ

432 3135 642 3234 μεταβολήν
672 3139 710 3214 ἐν
742 3144 874 3239 βραχεῖ
902 3141 1012 3242 καιρῷ
1042 3137 1265 3234 ἐθεασάμεθα
1294 3140 1347 3216 ἐπ’
1371 3141 1479 3217 αὐτοῦ

434 3435 479 3492 vir
508 3435 559 3510 qui
591 3444 695 3491 cuncta
721 3444 932 3491 tormentorum
983 3446 1029 3493 tra
1049 3454 1080 3492 se
1100 3432 1258 3495 occultans,
1280 3450 1341 3488 sese
1364 3432 1480 3489 interim

390 3530 541 3591 degenero
562 3533 613 3590 per
631 3513 687 3570 Dei
709 3513 932 3570 misericordiam
983 3513 1183 3579 submittebat,
1212 3511 1401 3588 praesentibus
1428 3510 1481 3568 ali.

435 3593 593 3650 fortissime
614 3593 763 3660 sustinuit,
779 3602 809 3649 et
830 3593 879 3667 qui
899 3592 932 3648 fi·
983 3605 1055 3669 quot
1069 3591 1211 3669 episcopis
1221 3611 1253 3646 ac
1264 3591 1347 3664 presb
1368 3591 1438 3648 teris
1452 3601 1482 3648 et

435 3671 482 3728 dei
494 3690 554 3728 suae
565 3673 725 3728 constantia
737 3671 932 3728 infirmitatem
984 3672 1063 3729 laicis
1077 3670 1273 3747 compluribus
1290 3611 1480 3747 evuigarunt:

435 3751 564 3827 corporis
590 3750 635 3807 sui
660 3751 806 3815 roborans,
834 3749 934 3806 adver·
984 3750 1207 3826 ingemiscentes
1215 3770 1248 3806 aa
1257 3750 1482 3825 dolentes‚qu0d

436 3830 543 3886 sarium
560 3831 676 3906 penitus
694 3829 866 3886 debellavit:
891 3829 934 3885 Hi
984 3850 1001 3886 a
1021 3828 1208 3886 frandulenta
1227 3828 1276 3886 illa
1298 3829 1481 3906 malignaque

390 3926 537 3985 a5omnes
551 3929 616 3965 cum
630 3909 713 3965 illum
733 3907 847 3965 tandem
867 3928 933 3984 cog·
984 3909 1077 3966 bestia
1098 3907 1221 3972 inducti,
1239 3908 1387 3984 aliquanto
1409 3919 1482 3966 tem.

436 3988 594 4053 novissent,
616 3999 646 4046 et
666 3987 797 4045 fraudem
820 3987 934 4061 ejusne
984 3989 1063 4063 poris
1082 3987 1176 4065 spatio
1195 3989 1231 4045 ab
1250 3987 1369 4045 ecclesia
1391 4007 1483 4044 reces-

435 4067 605 4131 versutiam,
621 4067 747 4144 perjuria
760 4085 875 4141 quoque
890 4076 933 4122 at·
984 4069 1097 4124 sissent.

436 4164 493 4221 que
511 4146 669 4211 mendacia,
684 4157 714 4203 et
733 4146 934 4202 abhorrentem
1021 4151 1056 4204 Et
1068 4153 1148 4220 paulo
1160 4160 1221 4220 post
1233 4149 1322 4203 addit:

436 4225 473 4282 ab
486 4225 566 4281 omni
581 4227 718 4283 societate
735 4225 889 4289 feritatem,
905 4233 935 4280 et
1027 4224 1056 4279 2.
1074 4222 1238 4279 Mirabilem
1257 4218 1410 4297 quamdam
1425 4220 1482 4277 fra-

390 4324 428 4380 30
437 4303 566 4382 lupinam
578 4304 730 4381 quamdam
746 4304 775 4359 in
790 4323 825 4360 eo
839 4302 936 4358 amici·
986 4313 1032 4359 ter
1053 4301 1198 4359 carissime
1219 4301 1434 4357 conversionem
1454 4300 1484 4355 in

437 4384 507 4442 tism
522 4383 790 4462 deprehendissent,
805 4381 842 4438 ad
856 4400 935 4438 sano-
986 4401 1022 4439 eo
1045 4379 1293 4453 mutationemque
1311 4378 1390 4434 brevi
1411 4388 1484 4433 tem.

437 4473 496 4521 tam
529 4463 679 4521 ecclesiam
712 4462 818 4520 reversi
847 4470 933 4518 sunt:
985 4460 1063 4538 poris
1077 4457 1201 4516 articulo
1212 4457 1316 4514 factam
1331 4456 1485 4531 conspexi·

436 4553 613 4621 cunctasque
627 4542 708 4600 illius
723 4541 936 4618 praestigiosae
985 4559 1058 4596 mus.
1102 4537 1179 4594 Nam
1204 4536 1338 4612 egregius
1360 4533 1411 4588 ille
1431 4533 1484 4595 vir,

437 4623 595 4697 nequitiam
607 4642 695 4699 quam
703 4618 876 4697 jampridem
890 4619 935 4675 in.
986 4620 1035 4694 qui
1061 4614 1219 4674 tremendis
1243 4611 1415 4689 quibusdam
1441 4628 1484 4663 sa·
