3700 5667
394 637 438 700 50
747 635 1100 703 ANNOTATIONES

398 801 478 867 Haec
504 805 565 870 illo.
621 805 844 871 Adnotarerat
873 829 947 870 vero
972 806 1132 884 Valesius,
1161 830 1232 893 quae
1260 815 1446 894 sequuntur.

398 915 417 943 “
436 907 529 971 Hanc
544 908 679 973 Cornelii
694 909 860 993 epistolam
881 931 952 974 cum
966 911 1071 993 priore
1094 910 1147 974 illa
1162 912 1252 995 eujus
1265 911 1387 974 mentio
1405 910 1446 974 ab

396 1016 416 1045 “
435 1009 574 1074 Eusebio
596 1012 681 1075 facta
704 1019 762 1087 est,
779 1012 971 1076 contundere
992 1013 1119 1077 videtur
1135 1014 1279 1086 Rufinus,
1297 1015 1351 1097 qui
1366 1016 1446 1077 duas

398 1117 419 1147 “
435 1118 561 1175 tantum
577 1113 714 1177 Cornelii
730 1114 880 1197 epistolas
900 1114 1054 1198 agnoscit.
1101 1117 1150 1179 At
1174 1115 1389 1198 Hieronymus
1412 1116 1446 1179 in

395 1219 415 1249 ‘⁸
430 1212 1306 1300 librodescriptoribusecclesiasticisquatuornumerat.
1323 1217 1446 1281 Verum

399 1315 591 1380 “Eusebius
614 1317 764 1381 hocloco
786 1325 853 1381 tres
875 1320 1035 1385 duntaxat
1050 1320 1188 1385 Cornelii
1213 1330 1357 1385 recenset
1380 1321 1445 1406 epi·

397 1427 418 1456 “
434 1418 551 1491 stolam
580 1419 714 1503 primam
730 1420 771 1482 ad
789 1420 925 1484 Fabium
942 1423 1191 1487 Antiochensom
1206 1423 1388 1508 episcopum
1405 1425 1445 1488 de

396 1528 418 1558 ‘⁶
435 1521 581 1585 &mana
605 1521 745 1605 Synodo,
767 1522 869 1606 deque
895 1525 999 1588 ltaliae
1025 1534 1059 1590 et
1082 1525 1199 1589 Africae
1224 1526 1444 1610 episcoporum

396 1630 416 1659 “
433 1645 608 1699 consensu;
638 1625 808 1687 secundam
836 1624 876 1688 de
896 1627 1032 1690 decretis
1060 1628 1205 1711 Synodi;
1244 1629 1375 1692 tertiam
1405 1629 1445 1693 de

396 1733 418 1763 “
434 1725 624 1789 facinoribus
651 1727 821 1789 Novatiani
845 1728 885 1790 ad
910 1728 1046 1791 eundem
1071 1728 1206 1791 Fabium
1232 1729 1444 1794 Antiochense

396 1828 521 1891 “urbis
544 1829 734 1913 episcopum,
758 1852 796 1892 ex
828 1852 890 1913 qua
918 1829 1199 1894 luculentissimum
1225 1831 1443 1894 testimonium

397 1941 417 1967 “
432 1930 483 1995 hic
498 1934 619 2017 profert
632 1933 797 1996 Eusebiae.
845 1933 888 1996 Et
903 1932 1006 2016 prima
1021 1933 1146 2015 quidem
1162 1954 1200 1994 ac
1216 1933 1314 1996 tertia
1329 1934 1443 1996 Gracco

396 2043 415 2070 “
431 2058 575 2099 sermono
590 2059 610 2100 a
626 2037 773 2099 Cornelio
789 2037 915 2120 scriptae
932 2036 1096 2106 videntum
1117 2035 1212 2118 idque
1226 2036 1335 2099 multis
1350 2059 1443 2120 argu-

396 2139 549 2201 “mentis
573 2139 700 2223 probari
727 2146 842 2220 potest.
888 2137 968 2199 (lum
994 2136 1077 2198 enim
1102 2137 1258 2199 Eusebius
1283 2158 1321 2199 ex
1345 2139 1444 2201 tertia

396 2239 578 2323 “Epistola
598 2238 734 2324 plurima
752 2239 892 2302 adducat
918 2239 1101 2311 testmonia,
1126 2261 1282 2325 nusquam
1302 2238 1381 2303 dicit
1405 2262 1443 2303 ea

397 2348 416 2375 “
431 2362 471 2403 ex
493 2341 610 2404 Latino
630 2363 774 2404 sermone
797 2341 830 2403 in
855 2343 1001 2404 Gnaeum
1027 2341 1122 2404 luisse
1146 2343 1323 2414 translata;
1357 2343 1442 2427 quod

396 2449 416 2476 “
431 2450 539 2506 tamen
560 2450 713 2528 perpetuo
729 2464 855 2505 monere
870 2443 1053 2517 consuevit;
1083 2444 1217 2528 exempli
1235 2445 1351 2528 gratia,
1371 2466 1443 2506 cum

395 2551 415 2580 “
433 2545 518 2609 locos
540 2548 661 2630 profert
683 2569 723 2609 cx
739 2545 924 2608 Tertulliani
950 2545 1173 2629 Apolegetico,
1193 2555 1250 2609 aut
1273 2569 1344 2610 euru
1368 2546 1443 2631 Epi·

396 2660 417 2689 “
433 2651 533 2714 stolas
552 2650 728 2734 principum
744 2648 971 2711 Romanorum.
1016 2648 1140 2711 Deinde
1158 2648 1314 2712 Eusebius
1328 2649 1396 2733 ipse
1411 2649 1443 2711 in

394 2759 415 2788 “
431 2752 491 2816 hoe
508 2755 612 2837 capite
627 2753 705 2816 satis
721 2752 834 2826 innuit,
847 2750 980 2834 primam
996 2750 1081 2813 illam
1093 2750 1229 2815 Cornelii
1245 2751 1288 2813 ad
1304 2750 1442 2813 Fabium

396 2862 415 2890 “
432 2855 609 2940 Epistolam
631 2854 783 2937 scriptam
803 2853 898 2915 luisse
922 2855 1037 2916 Gnrco
1059 2875 1212 2915 sermono.
1264 2853 1442 2937 Postquam

395 2965 415 2993 “
430 2957 514 3020 enim
534 2959 573 3020 de
597 2957 649 3019 illa
671 2956 940 3029 commemoravit,
956 2955 1047 3018 addit
1070 2955 1271 3037 conjunctam
1294 2954 1321 3016 ei
1347 2954 1443 3017 luisse

395 3066 416 3095 ‘⁴
432 3059 526 3121 aliam
561 3058 678 3121 Latino
711 3080 854 3121 sermone
889 3058 1040 3141 scriptam
1072 3056 1250 3142 Epistolam
1279 3056 1442 3141 Cypriani.

395 3162 525 3242 “Quod
548 3161 674 3246 quidem
697 3183 759 3223 non
783 3161 929 3236 adderet,
951 3160 1011 3222 nisi
1027 3159 1163 3223 Cornelii
1185 3158 1331 3242 Epistola
1351 3180 1442 3242 supe·

395 3271 416 3302 ‘⁶
433 3264 499 3328 rius
518 3272 695 3327 memorata
717 3263 841 3326 diverso
862 3283 1007 3325 sermone
1028 3262 1149 3345 scripta
1174 3260 1315 3323 luisset.”
1361 3260 1441 3324 Haeo

397 3367 563 3441 Valesius3
601 3366 654 3451 qui
688 3373 774 3429 recte
810 3364 937 3440 statuit,
970 3362 1142 3426 Eusebium
1179 3370 1246 3425 tres
1280 3362 1441 3426 duntaxat

396 3469 535 3532 Cornelii
555 3491 718 3533 recensere
739 3467 910 3552 epistolam
947 3466 1069 3540 iisdem,
1089 3466 1121 3527 ni
1141 3464 1243 3539 fallor,
1262 3464 1441 3528 rationibus

395 3571 554 3646 inductus,
571 3572 684 3655 quibus
706 3582 818 3655 postea
834 3590 909 3633 usus
923 3577 973 3632 est
988 3567 1162 3633 Ootclerius
1176 3568 1216 3630 ad
1233 3568 1333 3652 Epist.
1350 3568 1440 3650 Poly·

393 3674 483 3757 carpi
504 3674 533 3754 ξ.
546 3692 577 3756 3.
601 3672 653 3734 ubi
675 3671 817 3755 pluribus
834 3669 986 3754 exemplis
1001 3669 1148 3732 adductis
1166 3671 1307 3733 ostendit
1322 3670 1362 3733 de
1377 3691 1442 3733 una

393 3772 528 3856 epistola
548 3772 789 3855 interpretanda
804 3795 872 3836 esse
888 3771 1017 3835 Eusebii
1032 3772 1138 3847 verba,
1155 3773 1313 3834 ἐπιστολαὶ
1329 3777 1442 3849 Κορνη-

392 3874 470 3945 λίου,
492 3879 529 3936 ut
542 3873 622 3936 vidit
637 3872 795 3958 vertitque
814 3874 1040 3958 Hieronymus,
1057 3873 1213 3936 Gemellas
1234 3874 1357 3958 scripsit
1378 3874 1441 3958 cpi·

393 3975 499 4039 dolam
522 3976 568 4039 ad
586 3975 735 4051 Foliam,
758 3977 812 4060 qui
842 3985 950 4041 tamen
981 3977 1048 4061 ipse
1071 3977 1166 4039 aliam
1192 3983 1348 4060 praterea
1373 3975 1438 4060 epi·

393 4079 509 4142 stolam
539 4077 687 4141 Cornelio
716 4079 900 4143 adscribens
925 4079 1055 4142 erravit.
1115 4077 1155 4141 Id
1176 4079 1262 4163 qnod
1286 4078 1441 4154 Valesius,

394 4180 561 4246 Fabricius
580 4181 613 4244 in
635 4180 720 4245 notis
742 4182 858 4246 statuit
880 4181 1027 4244 adalind
1050 4180 1237 4264 Hieronymi
1256 4188 1361 4264 caput,
1381 4181 1442 4243 hoc

392 4290 443 4347 est
466 4306 564 4346 nxxn.
610 4282 673 4346 Sed
688 4282 781 4346 aliter
798 4283 924 4367 judicat
947 4282 1178 4358 Tillemontius,
1194 4283 1227 4346 in
1243 4284 1339 4346 Mem.
1356 4282 1440 4346 Ecel.

394 4386 471 4447 Not.
482 4383 536 4446 xii.
547 4385 579 4446 in
591 4384 776 4460 Contollam,
793 4405 912 4447 necnon
928 4386 995 4471 ipse
1005 4386 1153 4450 Valesius
1165 4386 1279 4450 Latine
1288 4394 1442 4461 verterat,

392 4486 524 4571 qrbtolae
548 4486 694 4550 canolii.
731 4484 856 4550 -Simile
882 4494 991 4551 tamen
1021 4489 1226 4553 statuendum
1252 4488 1378 4552 videtur
1401 4487 1442 4550 de

392 4586 542 4673 Cypriani
555 4595 652 4671 atque
666 4585 817 4650 Afrorum
830 4589 1014 4667 ἐπιστολαῖς,
1026 4612 1121 4674 quarn
1134 4590 1261 4674 quidem
1272 4588 1441 4674 epistolam
