3700 5667
489 677 539 740 IN
565 677 784 740 DIONYSII
811 679 925 740 ROM.
952 679 1271 743 EXCERPTUM.
1341 681 1402 741 881

360 846 513 909 andrinus
535 847 567 908 in
592 848 750 931 excerptis
773 848 855 911 illins
877 848 1020 931 epistolis
1045 850 1109 912 sive
1132 850 1295 934 apologiae,
1320 872 1405 912 num.

361 949 445 1011 xviii.
461 971 492 1033 p.
508 967 578 1033 255.
596 949 642 1011 vel
658 950 740 1014 inira
756 973 785 1035 p.
798 972 871 1035 392.
902 951 1053 1015 Ceterum
1070 951 1256 1015 Gallandius
1271 956 1303 1014 in
1318 961 1407 1016 tomo

363 1050 405 1113 iii.
425 1051 570 1114 Bibliotd.
592 1052 726 1114 Petrum
752 1075 815 1115 suae
841 1053 900 1116 hoe
924 1054 1067 1138 Dionysii
1091 1055 1226 1118 Romani
1249 1054 1406 1139 fragmen·

361 1160 439 1224 tum,
457 1175 520 1216 una
535 1175 605 1215 eum
622 1155 804 1218 Constantii
821 1156 937 1224 notitia
958 1157 1344 1240 animadversionibusque
1360 1180 1406 1220 re-

361 1256 484 1339 posuit;
508 1257 593 1338 quod
609 1257 684 1319 milri
701 1258 846 1320 constitit
861 1269 934 1342 post
950 1281 1029 1342 opus
1046 1268 1209 1343 peractum
1225 1283 1341 1324 meum.

406 1360 443 1422 P.
460 1375 533 1441 373.
550 1358 569 1421 l.
587 1379 619 1441 5.
637 1356 727 1435 Ἑξῆς
748 1357 771 1420 δ’
788 1358 825 1421 ἂν
846 1362 963 1426 εἰκότως
983 1361 1055 1444 iia]
1081 1363 1208 1446 Insigne
1223 1363 1308 1427 istud
1324 1364 1406 1448 frag·

361 1471 502 1523 mentum
524 1461 674 1522 debemus
690 1461 880 1533 Athanasio,
898 1484 995 1544 aqam
1012 1463 1192 1546 inepistola
1213 1465 1252 1527 do
1271 1466 1407 1529 decretis

363 1561 499 1625 Nieaenae
520 1563 631 1645 synodi
652 1585 682 1625 n.
703 1565 752 1627 26.
773 1563 817 1625 sie
837 1564 1004 1627 laudatur:
1029 1566 1197 1648 Dionysius
1216 1588 1329 1651 quoque
1348 1569 1408 1630 Re

362 1684 417 1723 ma
440 1663 601 1746 episcopus,
616 1662 745 1726 scribens
764 1675 867 1727 contra
887 1665 1085 1741 Sabellionoa
1104 1666 1248 1729 adversus
1265 1668 1334 1731 ilbi
1353 1670 1408 1753 qai

361 1766 439 1828 tolio
456 1815 462 1827 .
481 1814 488 1828 .
506 1816 513 1828 .
530 1767 663 1845 (seilicet
680 1768 819 1831 Verbum
839 1770 958 1832 fastum
979 1778 1011 1833 et
1031 1779 1173 1834 creatum
1196 1779 1278 1853 esse)
1295 1775 1407 1838 audeo

361 1868 470 1939 dicere,
486 1868 668 1952 indipnoim·
687 1868 735 1931 his
754 1867 860 1932 vorbis.
907 1872 960 1932 Ex
976 1893 1013 1935 eo
1029 1894 1123 1956 opere
1144 1882 1328 1956 excerptum
1345 1884 1407 1951 est,

362 1971 445 2054 quod
473 1970 555 2032 idem
581 1970 780 2033 Athanasius
806 1972 899 2053 epist.
925 1973 966 2036 de
992 1975 1151 2038 sententia
1178 1975 1274 2039 Dion.
1302 1999 1332 2040 n.
1359 1999 1406 2062 ¹3·

361 2082 462 2134 centro
487 2069 683 2146 tieboldum,
704 2083 731 2135 et
753 2094 798 2135 eos
819 2075 873 2158 qui
894 2075 957 2157 ejus
978 2086 1066 2138 essem
1087 2077 1239 2140 sententia
1260 2076 1293 2140 ob
1316 2101 1408 2163 quone

361 2175 461 2236 Arius
482 2173 520 2237 ab
542 2174 662 2237 ecclesia
678 2185 782 2258 postea
804 2175 910 2258 ejectam
932 2187 983 2250 est,
1006 2177 1158 2262 seriptum
1182 2179 1280 2249 dieit;
1309 2181 1406 2263 quod-

362 2299 422 2359 que
443 2277 484 2338 ab
504 2275 639 2359 epistola
659 2276 799 2359 ejusdem
820 2277 979 2361 pontilicis
998 2279 1040 2341 ad
1060 2279 1248 2363 Dionysium
1269 2281 1405 2344 Alexan·

361 2380 486 2442 drinum
513 2378 604 2440 simul
629 2378 724 2442 missa
747 2379 1004 2462 distinguendum
1027 2404 1095 2445 esse
1118 2382 1169 2446 hie
1192 2384 1406 2467 probabimus.

362 2479 521 2564 Scriptum
542 2480 626 2544 istud
648 2482 690 2543 ab
711 2481 846 2564 epistola
863 2483 905 2544 ad
926 2483 1123 2567 Dionysium,
1141 2508 1236 2568 quam
1259 2487 1407 2550 Athana-

361 2584 426 2647 sius
441 2584 554 2646 exinde
570 2592 735 2656 memorat,
753 2585 1009 2669 distinguendum
1025 2610 1094 2651 esse
1110 2588 1266 2652 Baronius
1281 2599 1404 2654 censet:

361 2686 413 2750 alii
430 2687 469 2749 de
487 2687 546 2749 hae
566 2708 599 2749 re
621 2687 782 2750 dubitant.
827 2688 890 2751 Sed
907 2689 1013 2772 potior
1027 2691 1119 2753 nobis
1135 2691 1259 2754 videtur
1275 2693 1405 2755 Baronii

360 2789 528 2852 sententia.
577 2789 682 2851 Primo
701 2789 784 2852 enim
800 2790 998 2854 Athanasius
1015 2792 1159 2875 Dionysii
1176 2792 1311 2855 Romani
1330 2815 1404 2856 eon·

361 2896 413 2952 tra
438 2888 633 2952 Sabellianos
657 2911 737 2972 opus
760 2890 891 2974 simplici
915 2893 1010 2954 verbo
1035 2893 1152 2973 ἔγραψε
1177 2892 1341 2976 designat3
1368 2915 1406 2955 ae

361 2991 474 3053 deinde
494 2990 614 3074 adjicit,
632 2990 788 3054 ἐπέστειλε
811 2995 843 3054 δὲ
865 2995 913 3056 καὶ
935 2996 1094 3077 Διονυσίῳ,
1114 2995 1168 3056 ubi
1189 2994 1353 3078 purtieulae
1373 2997 1406 3058 δὲ

362 3094 409 3156 καὶ
435 3093 620 3156 distinctum
650 3093 725 3176 qnid
755 3102 879 3166 notant,
907 3095 1037 3156 verbum
1068 3095 1224 3158 ἐπέστειλε
1253 3096 1407 3179 epistolam

359 3195 480 3277 scripsit
505 3195 631 3278 proprio
657 3203 759 3267 sonat,
783 3218 820 3257 aa
844 3196 989 3278 subjecta
1013 3218 1075 3258 vox
1101 3199 1261 3280 Διονυσίῳ,
1286 3198 1336 3259 eui
1359 3198 1406 3259 in-

361 3297 479 3379 scripta
500 3303 570 3357 erat
585 3295 719 3377 epistola
738 3294 790 3357 illa
809 3296 937 3358 indicat.
986 3297 1060 3377 Ipsa
1078 3296 1174 3358 etiam
1191 3296 1295 3357 decori
1312 3297 1404 3368 ratio,

361 3399 456 3460 immo
477 3405 510 3459 et
529 3397 665 3480 {equitas
685 3394 880 3477 postulabat,
896 3403 933 3457 ut
953 3396 1115 3457 Romanus
1136 3396 1284 3457 Pontifex
1305 3405 1406 3460 tantae

361 3501 444 3562 sedis
463 3497 611 3568 antistiti,
629 3496 730 3579 qualis
751 3505 821 3559 erat
837 3496 1082 3569 Alexandrinus,
1099 3498 1182 3560 tanti
1205 3497 1310 3561 meriti
1325 3506 1405 3562 tam-

359 3624 421 3686 que
436 3609 508 3664 arta
523 3622 594 3662 eum
611 3598 762 3661 Romanis
777 3598 964 3683 praesulibus
979 3598 1120 3662 amicitia
1135 3599 1291 3671 devincto,
1305 3600 1407 3683 qualis

360 3713 431 3766 erat
455 3702 637 3785 Dionysius,
662 3724 699 3764 ea
724 3723 794 3784 quae
818 3701 969 3764 adversus
993 3700 1079 3764 illum
1102 3700 1189 3764 dieta
1214 3700 1348 3775 fuerant,
1372 3711 1405 3766 et

359 3828 431 3888 quae
455 3806 493 3867 de
515 3805 553 3867 iis
575 3811 659 3867 esset
682 3804 826 3867 Romana
849 3803 1018 3877 sententia,
1043 3803 1174 3889 privatis
1196 3804 1321 3878 litteris,
1343 3828 1404 3868 non

360 3908 486 3992 publico
508 3908 626 3992 scripto
647 3919 724 3971 nota
743 3907 871 3971 laceret.
918 3907 1082 3970 Praeterea
1099 3907 1271 3991 Dionysius
1291 3908 1406 3972 Roma-

361 4032 419 4072 nus
435 4010 465 4072 in
482 4031 576 4093 opero
591 4019 703 4073 eontra
719 4009 914 4072 Sabellianos
935 4031 997 4070 non
1014 4031 1109 4071 unum
1130 4009 1320 4090 singularem
1341 4011 1406 4093 epi-

359 4133 499 4195 scopum.
516 4112 571 4174 sed
587 4112 691 4194 plures
706 4111 888 4194 alloquitur.
934 4111 1078 4193 Denique
1094 4111 1124 4172 in
1141 4111 1328 4192 Dionysium
1349 4134 1405 4174 seu

361 4213 539 4275 Romanum
569 4234 623 4274 seu
656 4212 908 4274 Alexandrinum
938 4211 1067 4273 minime
1096 4211 1243 4273 convenit
1273 4212 1404 4273 subnexi

361 4314 530 4398 fragmenti
551 4312 724 4386 exordium,
742 4314 773 4375 in
796 4337 858 4397 quo
880 4313 1052 4396 Dionysius
1072 4313 1235 4374 Romulius
1255 4324 1322 4376 tres
1341 4313 1405 4376 dei-

359 4424 445 4480 tates
460 4441 479 4480 a
495 4417 682 4500 quibusdam
699 4417 802 4479 induci
819 4417 979 4499 praefatus,
993 4415 1102 4479 statim
1114 4414 1277 4497 adjungit:
1299 4415 1405 4478 Audio

359 4519 440 4580 enim
469 4519 625 4601 quosdam,
651 4520 704 4603 qui
733 4518 871 4581 divinum
896 4515 1017 4580 verbum
1046 4515 1134 4601 opud
1158 4537 1206 4578 vos
1228 4516 1405 4600 proedieont

359 4631 386 4682 et
415 4621 527 4698 docent,
555 4620 643 4705 liujus
672 4621 823 4704 opinionis
851 4619 1009 4703 niopinroe
1037 4641 1104 4684 esee.
1131 4617 1228 4680 .Non
1261 4617 1344 4681 enim
1378 4618 1405 4680 is
