3700 5667
542 681 609 743 Au
633 680 909 744 DlONYSIUM
937 682 1196 746 ROMANUM.
1327 686 1392 751 39³

850 971 890 1033 V.

723 1157 775 1219 Ευ
789 1154 866 1220 δ’δτο
880 1158 1014 1220 meando.

389 1319 460 1377 Τῶν
478 1315 526 1376 ὑπ’
542 1316 614 1392 ἐμοῦ
631 1313 802 1396 λεχθέντων
822 1313 976 1392 ὀνομάτων
991 1312 1119 1377 ἕκαστον
1139 1316 1307 1397 ἀχώριστόν
1327 1317 1393 1380 ἔστι

349 1423 398 1485 καὶ
418 1423 586 1502 ἀδιαίρετον
608 1427 659 1484 τοῦ
681 1423 821 1500 πλησίον
844 1422 959 1503 πατέρα
981 1422 1074 1499 εἶπον,
1090 1423 1139 1486 καὶ
1159 1425 1229 1504 πρὶν
1250 1425 1391 1507 ἐπαγάγω

349 1533 403 1594 τὸν
421 1531 495 1604 υἱὸν,
513 1531 649 1611 ἐσήμανα
668 1532 716 1595 καὶ
734 1537 839 1594 τοῦτον
859 1533 893 1595 ἐν
910 1536 951 1617 τῷ
969 1534 1066 1612 πατρί·
1094 1532 1159 1596 υἶδν
1178 1534 1339 1615 ἐπήγαγον·
1366 1539 1394 1599 εί

350 1642 398 1704 καὶ
419 1640 458 1719 μὴ
480 1640 664 1721 προειρήκειυ
682 1642 736 1705 τὸν
754 1641 878 1723 πατέρα,
899 1641 1016 1708 πάντως
1038 1642 1076 1705 δν
1098 1645 1132 1707 ἔν
1155 1648 1193 1729 τῷ
1215 1646 1268 1729 υίῷ
1290 1648 1390 1727 προτί·

349 1758 453 1829 ληπτο.
481 1749 568 1830 ἅγιον
588 1756 703 1828 πνεῦμα
722 1751 902 1830 προσέθηκα·
932 1749 1000 1813 ἀλλ’
1016 1751 1077 1830 ἅμα
1097 1752 1145 1814 καὶ
1163 1754 1256 1816 πόθεν
1277 1755 1325 1817 καὶ
1344 1757 1392 1817 διδ

349 1857 429 1922 τίνος
447 1858 518 1937 ἧκεν
538 1858 704 1940 ἐφήρμοσα.
727 1861 756 1922 oi
770 1861 802 1922 δὲ
818 1860 871 1922 οὐκ
886 1863 991 1923 ίσασιν
1004 1861 1051 1922 δτι
1064 1859 1138 1938 μήτε
1153 1861 1394 1941 ἀπηλλοτρίωται

349 1966 444 2045 πατὴρ
465 1969 530 2030 υἱοῦ
551 1964 569 2046 ᾖ
590 1965 695 2047 πατήρ.
717 1966 968 2047 προκαταρκτικὸν
990 1966 1048 2047 γάρ
1071 1969 1136 2029 ἔστι
1157 1971 1207 2045 τῆς
1229 1968 1394 2047 συναφείας

347 2075 382 2137 τὸ
406 2077 510 2154 ὄνομα·
541 2077 609 2140 οὔτε
635 2078 651 2138 δ
676 2076 739 2143 vtae
754 2074 917 2161 ἀπῴκισται
942 2081 995 2140 τοῦ
1019 2079 1139 2157 πατρός·
1170 2077 1189 2155 ἡ
1212 2080 1270 2157 γδρ
1292 2076 1388 2157 πατὴρ

348 2186 532 2265 προσηγορία
553 2189 642 2262 δηλοῖ
658 2185 712 2264 τὴν
730 2187 897 2250 κοινωνίαν.
920 2188 954 2248 ἔν
968 2210 1002 2249 τε
1016 2190 1081 2250 ταῖς
1094 2186 1201 2267 χερσὶν
1216 2185 1310 2248 αὐτῶν
1326 2185 1392 2249 ἐστὶ
1506 2199 1508 2203 ’

348 2292 383 2354 τδ
398 2299 523 2372 πνεῦμα,
538 2293 612 2373 μήτε
629 2300 681 2359 τοῦ
700 2296 879 2374 πέμποντος,
892 2294 965 2373 μήτε
985 2299 1037 2356 τοῦ
1057 2293 1212 2374 φέροντος,
1228 2293 1392 2372 δυνάμενον

350 2400 519 2480 στέρεσθαι·
551 2409 612 2470 πῶς
634 2405 687 2468 οὖν
708 2407 725 2467 ὁ
747 2405 860 2469 τούτοις
883 2404 1035 2486 χρώμενος
1058 2409 1121 2467 τοῖς
1143 2403 1280 2481 ὀνόμασι,
1304 2427 1391 2482 μεμε·

347 2514 450 2588 ρίσθαι
466 2515 556 2574 ταῦτα
571 2513 618 2575 καὶ
633 2514 802 2593 ἀφωρίσθαι
816 2519 970 2580 παντελῶς
985 2513 1128 2589 ἀλλήλων
1143 2515 1260 2590 οἴομαις

390 2625 440 2677 Καὶ
452 2629 508 2692 μετ’
522 2622 601 2696 ὀλίγα
615 2623 725 2699 (inquit
739 2623 932 2699 Athanasius)
949 2626 1040 2697 ι’πάγει
1052 2627 1147 2697 λέγων.

393 2725 479 2786 Οὕτω
493 2726 550 2803 μὲν
563 2726 646 2804 ἡμεῖς
664 2729 705 2792 εἷς
722 2751 755 2790 τι
769 2727 823 2805 τὴν
840 2733 991 2791 ΤΡΙΑΔΑ
1006 2728 1061 2805 τὴν
1074 2726 1190 2807 μονάδα
1203 2728 1393 2805 πλατύνομιν

348 2833 524 2913 ἀδιαίρετον,
542 2834 590 2896 καὶ
611 2833 665 2912 τὴν
686 2840 838 2899 ΤΡΙΑΔΑ
860 2836 954 2901 πάλιν
976 2838 1120 2917 άμείωτον
1143 2840 1184 2903 εἶς
1203 2836 1256 2916 τὴν
1277 2835 1394 2914 μονάδα

349 2944 657 3022 συγκεφαλαιούμεθα.
702 2949 901 3009 Adducuntur
915 2951 977 3009 haeo
990 2952 1026 3010 ab
1041 2950 1212 3020 Athanasio,
1228 2951 1276 3008 ubi
1295 2969 1392 3029 supra.

349 3072 378 3109 n.
394 3053 463 3110 xvii.
479 3073 507 3130 p.
522 3051 592 3111 254.

391 3289 512 3367 Singula
526 3291 642 3347 nomina
656 3312 673 3347 a
686 3310 733 3349 me
748 3291 844 3369 prola·
895 3291 997 3348 rentiae
1022 3303 1053 3349 et
1077 3288 1308 3366 conjunctionis:
1342 3310 1392 3350 ne·

350 3381 380 3429 ta
402 3390 419 3425 a
441 3389 471 3426 se
495 3370 617 3426 invicem
642 3389 695 3426 neo
720 3369 845 3445 separari
895 3389 953 3445 que
974 3369 1083 3425 Filium
1103 3390 1120 3426 a
1139 3370 1227 3426 Patre
1248 3373 1392 3445 separari3

350 3460 471 3525 queunt,
500 3467 553 3504 nec
580 3447 680 3504 dividi.
728 3448 844 3505 Patrem
895 3448 951 3505 hoe
972 3466 1096 3522 namque
1116 3445 1287 3504 vocabulum
1306 3457 1393 3524 poter

350 3529 418 3593 dixi,
433 3538 463 3584 et
477 3527 558 3604 prius
577 3545 661 3601 quam
679 3525 747 3583 Filii
764 3545 844 3582 men·
895 3526 1185 3584 communicationem
1195 3525 1312 3584 indicat.
1335 3527 1393 3585 Est

349 3608 458 3665 tionem
482 3608 617 3670 facerem,
638 3605 697 3679 jam
723 3625 789 3664 eum
814 3605 845 3661 in
895 3616 925 3664 et
948 3606 978 3662 in
1002 3605 1133 3662 manibus
1158 3603 1274 3661 illorum
1300 3606 1392 3682 Spiri-

351 3688 438 3744 Patre
457 3684 624 3762 significavi.
667 3685 777 3743 Filium
795 3684 844 3742 ad·
896 3697 956 3754 tua,
985 3684 1035 3761 qui
1066 3704 1161 3760 neque
1195 3703 1212 3739 a
1246 3684 1392 3753 mittente,

346 3765 442 3843 junxi,
465 3786 498 3823 ac
522 3765 620 3830 Pater,
642 3765 754 3823 etiamsi
777 3785 844 3822 eum
895 3785 990 3842 neque
1009 3784 1026 3822 a
1044 3764 1157 3822 ferente
1172 3761 1271 3820 divelli
1286 3776 1391 3843 potest.

350 3866 409 3904 uon
445 3846 525 3923 prius
560 3845 760 3911 nominassem,
785 3843 846 3919 jam
896 3842 1053 3917 Quomodo
1071 3844 1162 3921 igitur
1181 3862 1245 3918 ego,
1260 3846 1310 3919 qui
1325 3846 1390 3903 tali-

349 3926 468 3989 omnino
486 3926 516 3982 in
532 3924 607 3982 Filio
623 3925 846 4003 comprehensus
897 3925 951 3983 bus
973 3935 1040 3981 utor
1061 3924 1236 3988 nominibus,
1254 3923 1304 3981 illa
1324 3945 1340 3982 a
1362 3946 1393 3987 se

350 4006 456 4062 suerat.
490 4003 631 4080 Spiritum
649 4015 780 4062 sanctum
796 4004 846 4060 ad.
896 4005 1019 4061 invicem
1051 4014 1184 4079 separata
1213 4013 1244 4059 et
1275 4004 1394 4062 omnino

348 4084 434 4141 didi:
467 4083 517 4141 sed
538 4083 624 4139 simul
645 4083 723 4141 unde
744 4092 774 4140 et
794 4102 847 4158 per
897 4082 989 4140 divisa
1002 4083 1187 4139 existimem?

347 4184 434 4238 quem
477 4162 647 4240 processerit
698 4162 845 4220 subtexui.
938 4162 985 4219 lta
1007 4161 1123 4236 quidem
1150 4160 1292 4218 unitatem
1317 4161 1392 4219 indi-

351 4243 398 4300 llli
413 4254 510 4300 autem
528 4241 672 4317 ignorant,
684 4260 778 4317 neque
791 4241 845 4298 Pa·
896 4239 1037 4297 visibilem
1063 4240 1095 4296 in
1120 4239 1294 4296 Trinitatem
1320 4239 1393 4298 dila-

349 4332 434 4389 trem,
460 4341 517 4398 qua
541 4328 627 4398 puter
650 4330 704 4385 est,
728 4341 746 4377 a
769 4319 846 4378 Filio
896 4332 1002 4384 tamus,
1024 4331 1054 4377 et
1077 4338 1192 4375 rursum
1217 4319 1392 4378 Trinitatem

349 4401 469 4459 alienari
488 4419 588 4478 posse;
613 4420 677 4457 nam
698 4399 771 4456 illud
793 4420 845 4456 no.
896 4418 961 4475 qua}
975 4398 1067 4455 minui
1082 4398 1194 4472 nequit,
1207 4397 1235 4453 in
1250 4399 1392 4457 unitatem

350 4500 415 4538 men
438 4500 523 4539 causa
545 4491 589 4537 est
612 4479 731 4537 evidens
752 4479 845 4536 colia·
896 4478 1102 4536 contrahimus.

826 4708 915 4772 3a2
