3700 5667
392 638 457 703 362
737 633 1095 700 ANNOTATIONES

394 806 483 878 dioae,
510 824 581 888 quae
609 802 651 866 ad
683 801 870 886 Dionysium
895 802 1086 878 Romanum,
1111 801 1253 886 ejusdem
1279 799 1356 864 fidei
1384 805 1448 864 tes·

393 915 458 972 tem
474 905 679 979 luculentum,
695 905 791 968 missa
808 911 868 980 est,
884 903 917 966 in
936 925 1000 987 qua
1017 903 1134 968 dieitur
1149 902 1271 967 Paulus
1287 903 1343 966 τὸν
1359 902 1446 966 Θεὸν

394 1007 447 1069 τὸν
463 1008 568 1069 ἑαυτοῦ
589 1005 637 1068 καὶ
656 1007 764 1084 Κύριον
782 1004 967 1089 denegasse,
981 1011 1019 1068 ut
1040 1003 1104 1068 alia
1125 1003 1228 1068 multa
1248 1024 1348 1088 supra
1370 1002 1446 1065 inde

393 1116 545 1192 excerpta
567 1107 726 1182 omittam,
741 1114 812 1170 tum
831 1127 906 1170 voro
928 1105 1087 1191 proeoipue
1107 1127 1148 1169 ex
1167 1105 1305 1191 epistola
1324 1102 1444 1189 priore,

394 1232 465 1293 quae
485 1209 549 1273 Sex
568 1207 788 1294 episeoporum
807 1207 1008 1294 appellatum
1030 1207 1094 1284 ubi,
1110 1216 1185 1292 post
1201 1207 1370 1272 definitum
1388 1205 1444 1268 Fi·

394 1309 471 1373 lium
491 1312 579 1394 οὐσία
601 1311 650 1374 καὶ
668 1310 835 1373 ὑποστάσει
858 1309 942 1374 Θεὸν
965 1332 1045 1385 osse,
1059 1316 1094 1374 et
1107 1317 1278 1394 postquam
1293 1308 1445 1372 unionem

393 1414 528 1477 duarum
548 1419 735 1476 naturarum
755 1411 788 1474 in
804 1410 933 1475 Christo
951 1410 1275 1486 oommemoraverint,
1291 1411 1327 1473 οῦ
1341 1409 1445 1492 χάριν,

394 1513 426 1576 hi
441 1512 599 1597 inquiunt,
615 1514 632 1575 ὸ
648 1513 735 1579 αὐτὸς
751 1513 832 1579 Θεὸς
847 1514 895 1576 καὶ
911 1512 1067 1593 ἄνθρωπος
1080 1511 1198 1589 Ἰησοῦς
1211 1510 1343 1591 Χριστὸς
1356 1534 1445 1588 προε·

394 1617 539 1696 φητεύετο
551 1614 585 1677 ἐν
597 1615 675 1698 νόμῳ
690 1615 737 1677 καὶ
751 1612 926 1694 προφήταις·
946 1613 995 1676 καὶ
1010 1615 1092 1692 ὸντῇ
1108 1614 1252 1696 ἐκκλησία
1264 1615 1302 1698 τῇ
1315 1610 1375 1675 ὑπὸ
1390 1611 1445 1674 τὸν

394 1714 523 1795 οὐρανὸν
541 1714 624 1801 πάσῃ
646 1716 840 1778 πεπίστωται
861 1715 942 1781 Θεὸτ
961 1717 1017 1795 μὲν
1037 1714 1169 1782 κίνωσας
1189 1714 1297 1778 ἑαυτὸν
1314 1712 1376 1776 ἀπὸ
1391 1717 1445 1774 τοῦ

395 1817 472 1881 εἶναι
485 1816 540 1881 tra
555 1820 635 1902 Θεῷ·
659 1818 814 1897 ἅνθρωπος
833 1819 866 1880 bd
886 1818 934 1880 καὶ
955 1815 1175 1897 ἐνσπέρματος
1195 1815 1296 1894 Δοβὶὸ
1313 1814 1349 1876 τὸ
1368 1815 1446 1876 κατὸ

394 1922 499 2003 σάρκα.
546 1921 651 2005 Supra
665 1943 696 2005 p.
714 1937 784 2002 290.
801 1927 834 1983 et
851 1919 923 2002 298.

439 2023 503 2087 Sed
518 2023 570 2087 vix
585 2029 618 2086 et
637 2043 676 2084 ne
691 2021 743 2085 vix
761 2020 888 2105 quidem
910 2019 1166 2104 praetereundum
1179 2018 1257 2082 illud
1272 2025 1333 2094 est,
1348 2039 1445 2082 oona·

394 2134 446 2192 tos
467 2147 537 2190 esse
559 2125 726 2189 ostendere
748 2124 831 2187 viros
850 2124 1005 2208 quosdam
1026 2122 1177 2198 eruditos,
1193 2121 1279 2185 haud
1300 2141 1445 2205 unquam

394 2228 597 2315 repudiatum
612 2227 709 2291 fuisse
731 2249 752 2291 a
771 2227 903 2291 oonoilio
917 2225 1120 2290 Antiocheno
1134 2224 1322 2289 voeabulum
1336 2225 1444 2303 ὸμοοιί-

396 2355 474 2394 σιον.
516 2329 645 2394 Etenim
674 2336 749 2414 post
778 2326 990 2392 Prudentium
1019 2325 1204 2402 Muranum,
1230 2346 1326 2411 quem
1350 2325 1445 2390 video

395 2430 539 2495 doouisse
554 2430 586 2494 in
597 2431 681 2494 Dias.
693 2451 748 2494 αν·
761 2429 801 2493 a·
815 2428 1003 2493 Senum
1016 2427 1103 2491 haud
1116 2427 1271 2513 sprevisse
1285 2429 1444 2513 synodum

395 2534 632 2598 Antioeheuam
646 2554 755 2597 vooem
770 2531 941 2611 ὁμοοιίσιον,
956 2529 1040 2593 idem
1054 2536 1188 2595 oouatus
1201 2537 1252 2594 est
1267 2529 1351 2594 tueri
1365 2528 1441 2596 Jao.

396 2634 480 2699 Guil.
506 2634 691 2699 Faventinus
720 2655 793 2698 oum
819 2631 906 2707 alibi,
929 2636 1000 2694 tum
1027 2629 1061 2693 in
1086 2630 1218 2694 Βίωνι.
1240 2631 1291 2695 Do
1315 2630 1443 2696 Hermi

395 2737 496 2802 Paeti
517 2738 635 2802 domos.
657 2737 698 2800 do
720 2757 783 2820 qua
805 2756 920 2819 supra;
945 2754 984 2798 eo
1004 2731 1145 2809 oonsilio,
1160 2731 1283 2818 opinor,
1296 2740 1335 2799 ut
1350 2733 1443 2819 Sym-

394 2837 501 2901 bolum
514 2837 547 2901 in
561 2838 650 2901 Aetia
671 2835 802 2900 Consilii
814 2833 962 2920 hptsint
980 2841 1105 2908 extans,
1121 2834 1155 2898 in
1174 2857 1237 2919 quo
1254 2835 1443 2899 vooabulum

394 2939 552 3018 ὸμοούοιος
574 2959 658 3020 saepe
680 2937 862 3013 adhibetur,
878 2937 1000 3023 synodo
1023 2937 1234 3002 Antiochenae
1253 2937 1442 3014 vindioaret,

394 3038 470 3101 dum
490 3037 716 3114 Athanasium,
737 3037 902 3114 Basilium,
918 3037 1141 3122 Hilariumque
1159 3061 1200 3102 ex
1220 3039 1284 3103 fide
1300 3046 1443 3104 tantum-

394 3139 489 3202 modo
504 3137 668 3202 hominum
687 3161 708 3203 a
722 3160 797 3203 vooe
812 3139 987 3203 alienorum
1001 3141 1070 3204 haeo
1084 3140 1186 3205 eidem
1200 3141 1336 3206 adversa
1349 3142 1442 3205 nobis

393 3263 541 3306 narrasse
555 3240 681 3306 statuit.
693 3240 768 3305 Vid.
782 3243 864 3305 Dias.
880 3242 949 3326 ejus
964 3242 1089 3324 §dviii
1101 3251 1134 3307 et
1145 3242 1190 3306 ix.
1216 3243 1352 3308 Ouinam
1364 3266 1440 3308 vero

393 3344 598 3430 persuadebit
621 3350 679 3409 aut
703 3344 898 3424 Foverlinus‚
920 3352 978 3409 aut
1004 3345 1171 3431 quisquam
1194 3345 1286 3422 alius,
1309 3367 1441 3432 magnos

393 3446 464 3510 illos
478 3455 587 3530 patres
602 3445 635 3509 iu
651 3446 701 3509 his
715 3445 937 3510 controversiis
952 3468 1009 3531 per
1018 3454 1123 3512 totam
1134 3447 1233 3512 vitam
1247 3449 1442 3514 exoreitatos

394 3571 428 3612 se
443 3549 545 3634 deoipi
560 3571 671 3634 passos
685 3548 781 3612 inisse
796 3548 829 3611 in
842 3570 878 3611 re
893 3555 987 3612 tanta
1004 3549 1044 3613 de
1061 3549 1300 3614 oelehratissimi
1317 3551 1442 3616 oonoilii

394 3651 545 3714 decreto!
575 3650 689 3727 Porro,
713 3657 750 3714 ut
774 3649 893 3734 optime
915 3650 1039 3715 monuit
1060 3651 1181 3729 Rullus,
1205 3653 1235 3733 ξ.
1253 3671 1303 3731 14.
1327 3660 1442 3719 oontra

394 3747 613 3826 Ouroellaeum,
644 3749 698 3833 qui
728 3750 865 3815 Nioaeuis
893 3752 1039 3837 patribus
1068 3753 1304 3818 Antioohenum
1333 3754 1441 3818 deoro-

394 3856 463 3913 tum
484 3849 666 3934 ignoratum
687 3850 783 3917 inisse
803 3854 998 3927 doeueratf
1001 3854 1219 3920 ‘Athanasius
1220 3855 1299 3941 ,qui
1318 3857 1441 3941 synodo

395 3950 580 4028 “Nioaenoe,
596 3959 633 4017 ut
652 3953 773 4018 dietum
790 3956 874 4034 est‚'
865 3979 934 4041 ipse
950 3957 1106 4034 interfuit,
1121 3957 1238 4022 diserte
1251 3959 1416 4023 testatur
1406 3981 1441 4022 ιιι

395 4061 416 4092 “
431 4054 502 4119 loeo
522 4075 620 4139 supra
638 4055 737 4121 allato
756 4064 866 4142 patres
887 4057 1004 4123 Nioaeae
1024 4067 1235 4144 eongregatos
1250 4061 1381 4124 omnino
1394 4061 1441 4125 iu-

394 4164 415 4194 ‘⁴
431 4157 589 4223 tollexisse
612 4159 666 4240 τὴν
688 4162 873 4243 πανουργίαν
894 4165 947 4224 τοῦ
970 4164 1095 4228 Παύλου
1116 4162 1315 4228 σαίίίιίίίοίονν
1337 4163 1442 4243 Pauli,

396 4266 545 4344 “nempe
570 4259 782 4341 samosateni,
805 4261 838 4326 in
861 4284 899 4327 eo
922 4263 1054 4342 soilioet,
1077 4265 1162 4349 quod
1185 4264 1355 4350 sophistiot
1383 4270 1440 4330 suat

395 4367 416 4398 “
432 4361 519 4441 (vide
532 4362 746 4428 Athanasium
766 4367 877 4448 supra)
893 4367 979 4451 apud
998 4366 1216 4432 Antiochenos
1236 4366 1270 4431 id
1288 4365 1440 4445 effecerit,

396 4472 415 4493 ‘¹
432 4469 469 4525 ut
483 4484 592 4526 vooem
609 4465 819 4550 aptissimam,
833 4474 933 4551 atque
946 4490 967 4533 a
981 4470 1145 4535 oatholiois
1164 4470 1349 4535 dootoribus
1363 4470 1439 4535 olim

395 4570 414 4597 “
429 4571 615 4647 usurpatam
640 4565 827 4649 abjicerent,
850 4569 985 4654 ideoque
1008 4593 1117 4636 voeem
1143 4572 1237 4637 istam
1262 4572 1379 4638 iterum
1405 4574 1439 4636 in
