3700 5667
682 613 1242 724 couciacnnunncsm1.
1422 660 1486 722 115

436 1015 841 1080 CARTHAGINIENSE
863 1016 1119 1081 OONOILIUM
1140 1016 1227 1080 SUB
1247 1013 1484 1079 (ll'PRlANO

830 1126 1089 1200 SEPTIMUM,

703 1312 745 1348 nx
757 1311 871 1348 ‘rnlnus
887 1311 1009 1348 Armeni
1024 1310 1214 1357 PROVINCIIS,

620 1447 731 1505 QUOD
752 1447 803 1501 DE
823 1446 1016 1500 BAPI'ISMO
1035 1446 1209 1501 TERTIUM
1230 1447 1308 1511 EST,

409 1632 425 1686 5
574 1623 721 1669 suuoeun
735 1624 806 1665 ross
820 1624 973 1664 cnaisruu
988 1624 1098 1664 ulrum
1117 1606 1178 1685 256
1195 1626 1347 1665 suerrum.

549 1779 708 1842 Smtadioe
731 1779 950 1863 Episcopocam
979 1801 1121 1840 uxxxvn.
1147 1781 1183 1842 dc
1208 1780 1370 1844 Hoeretictb
1454 1801 1468 1820 ·

849 1888 1066 1973 Baptizcadia.

481 2041 561 2106 (lum
586 2041 619 2104 in
645 2063 744 2104 unum
771 2042 960 2126 Carthagini
986 2041 1205 2104 convenissent
1230 2041 1384 2104 Kalendis
1411 2041 1488 2124 Sep-

438 2152 570 2216 tembris
599 2152 737 2236 episcopi
766 2152 892 2236 plurimi
920 2175 960 2215 ex
991 2152 1152 2237 provincia
1178 2151 1297 2228 Africa,
1326 2150 1485 2225 Numidia,

393 2282 429 2321 10
440 2262 647 2335 Mauritania,
687 2284 758 2325 cum
797 2262 992 2345 presbyteris
1029 2270 1063 2325 et
1098 2262 1294 2338 diaconibus,
1332 2268 1487 2345 praesente

439 2375 536 2437 etiam
559 2372 659 2457 plebis
681 2373 821 2436 maxima
843 2385 945 2457 parte,
962 2380 995 2436 et
1016 2372 1105 2436 lectae
1125 2382 1231 2437 essent
1246 2374 1361 2437 litterae
1375 2373 1398 2435 J
1401 2371 1488 2435 ubai-

440 2483 494 2547 ani
522 2485 564 2547 ad
594 2482 789 2567 Cyprianum
816 2485 920 2557 factae,
947 2484 1024 2548 item
1050 2485 1199 2569 Cypriani
1223 2486 1265 2547 ad
1291 2483 1487 2546 Jubaiauum

439 2593 610 2677 rescriptae,
636 2595 676 2655 de
701 2593 859 2656 haereticis
884 2593 1094 2677 baptizandis,
1122 2594 1259 2679 quidque
1286 2595 1488 2678 postmodum

440 2704 598 2788 Cypriano
621 2703 802 2767 Jubaianus
831 2705 915 2768 idem
945 2705 1154 2789 rescripserit,
1180 2705 1357 2789 Cyprianus
1386 2704 1488 2767 dixit:

397 2815 600 2890 ¹5Audistis‚
625 2814 752 2898 collegae
782 2813 987 2887 dilectissimi,
1013 2815 1090 2899 quid
1116 2814 1192 2877 mihi
1216 2815 1396 2877 Jubaianus
1419 2819 1489 2877 coe·

439 2927 586 3011 piscopus
613 2934 723 2989 noster
752 2925 915 3009 scripserit
941 2926 1108 2988 consulens
1137 2926 1390 2990 mediocritatem
1419 2947 1491 2989 nos-

440 3047 526 3102 tram
555 3038 594 3101 de
622 3037 732 3101 illicito
756 3045 789 3100 et
815 3037 980 3122 prophano
1014 3037 1235 3100 haereticorum
1262 3036 1429 3120 baptismo,
1454 3046 1488 3100 et

441 3147 517 3231 quid
547 3168 606 3232 ego
635 3147 665 3210 ei
693 3146 919 3229 rescripserim,
950 3169 1082 3209 censens
1117 3147 1245 3224 scilieet,
1278 3147 1361 3231 quod
1392 3146 1488 3210 semel

440 3266 538 3342 atque
562 3257 678 3320 iterum
704 3266 738 3319 et
761 3278 845 3340 saepe
866 3256 1054 3333 censuimus,
1076 3257 1243 3321 haeretioos
1264 3258 1305 3320 ad
1326 3256 1490 3320 ecelesiam

395 3367 601 3431 covenientes
617 3365 755 3430 ecclesiae
777 3366 937 3450 baptismo
958 3366 1113 3450 baptizari
1137 3375 1170 3430 et
1185 3366 1377 3430 sanctificari
1399 3387 1491 3450 opor·

441 3486 519 3542 tere.
575 3478 660 3540 Item
686 3476 776 3540 lectae
807 3483 882 3538 sunt
910 3475 999 3539 vobis
1029 3483 1062 3538 et
1085 3476 1156 3539 aliae
1181 3475 1202 3537 J
1205 3475 1332 3539 ubaiani
1361 3476 1490 3553 litterae,

442 3586 557 3673 quibus
575 3608 633 3670 pro
647 3608 706 3650 sua
720 3586 843 3649 sincera
858 3593 891 3649 et
910 3584 1058 3670 religiosa
1073 3585 1240 3649 devotione
1262 3587 1303 3649 ad
1323 3586 1490 3670 epistolam

441 3707 584 3761 nostram
608 3695 794 3768 rescribens,
821 3717 884 3758 non
908 3703 1035 3759 tanturn
1060 3695 1229 3770 consensit,
1252 3697 1425 3760 sedetiam
1446 3697 1492 3760 in-

442 3815 599 3872 structum
624 3828 658 3869 se
681 3827 749 3868 esse
771 3806 933 3869 confessus
954 3806 1078 3890 gratias
1097 3809 1171 3892 egit.
1219 3810 1371 3892 Superest
1391 3816 1428 3871 ut
1450 3808 1490 3872 de

395 3917 503 3995 25hac
523 3917 594 4001 ipsa
617 3937 652 3979 rs
675 3914 789 4000 singuli
810 3915 885 3999 quid
906 3917 1081 3980 sentiamus
1104 3918 1310 4002 proferamus,
1335 3919 1491 3983 neminem

437 4028 628 4113 judicantes,
648 4033 746 4090 anta
767 4027 839 4109 jure
864 4028 1156 4093 communicationis
1175 4030 1322 4113 aliquem,
1343 4030 1369 4092 si
1390 4030 1491 4093 diver·

443 4160 513 4200 sum
543 4136 688 4209 senserit,
720 4144 911 4200 amoventes.
972 4138 1082 4222 Neque
1111 4140 1194 4202 enim
1225 4139 1391 4222 qnisquam
1421 4161 1492 4202 nos·

442 4256 529 4311 trum
552 4245 733 4330 episcopum
757 4245 1032 4330 coepiscoporum
1055 4247 1229 4322 constitnit,
1247 4256 1304 4311 aut
1324 4249 1491 4331 tyrannico

442 4364 565 4420 terrore
591 4353 633 4417 ad
657 4354 852 4437 obsequendi
879 4356 1100 4419 necessitatem
1124 4355 1260 4440 collegas
1283 4378 1356 4419 suos
1378 4357 1489 4441 adigit,

396 4490 434 4546 30
444 4465 572 4549 quando
594 4463 712 4526 habeat
733 4463 834 4526 omnis
857 4463 1022 4547 episcopus
1044 4487 1102 4549 pro
1124 4464 1252 4528 licentia
1278 4464 1436 4528 libertatis
1460 4478 1493 4529 et

443 4570 613 4656 potestatis
643 4592 708 4633 suae
738 4571 907 4634 arbitrium
938 4572 1109 4655 proprium,
1136 4579 1266 4657 tamque
1290 4572 1427 4657 judicari
1451 4574 1492 4636 ab

963 4724 1016 4771 02
