3700 5667
752 1759 1349 1865 ANNOTATIONES

593 2044 658 2126 IN
689 2048 725 2126 S.
758 2036 1123 2126 PAMPHILUM
1154 2033 1523 2119 MARTYREM.

946 2324 1303 2358 .-,..-.

543 2559 607 2625 DE
631 2560 879 2626 APOLOGIA
903 2557 1200 2626 S.PAMPH1L1
1226 2560 1318 2623 PRO
1342 2557 1573 2621 ORIGENE.

578 2733 724 2813 Qumaun
752 2733 850 2795 libror
875 2731 1042 2815 Apologiae
1067 2730 1161 2815 hujus
1188 2752 1210 2793 a
1239 2728 1407 2813 Pamphilo
1435 2727 1583 2812 Martyre

534 2841 632 2918 atque
654 2830 792 2896 Eusebio
814 2832 1002 2895 Caesariensi
1025 2831 1117 2895 simul
1137 2831 1273 2915 orriptoa
1293 2829 1399 2904 luisse,
1417 2837 1489 2893 tum
1507 2849 1583 2893 vero

535 2932 650 2994 librum
665 2939 790 2994 sextum
806 2939 879 3015 poet
894 2939 1029 2994 mortem
1047 2931 1204 3016 Pamphili
1219 2931 1261 2995 ab
1277 2931 1415 2995 Eusebio
1430 2931 1499 2994 solo
1514 2952 1584 2994 esse
1634 3008 1639 3015 .

447 3083 450 3090 .
535 3032 754 3118 compositum,
770 3031 886 3096 eruditi
905 3032 971 3095 t'ere
991 3053 1101 3096 omnes
1120 3034 1342 3108 eonsentient3
1367 3039 1582 3118 praeterquam

535 3137 620 3222 quod
638 3134 735 3222 justis
757 3135 797 3199 de
822 3134 926 3200 nausia
947 3133 1057 3219 aliqui,
1078 3142 1115 3200 ut
1137 3136 1214 3209 dixi,
1237 3135 1472 3208 existimarunt,
1495 3134 1583 3218 prius

536 3239 689 3324 seriptum
713 3237 810 3302 iniero
836 3259 858 3302 a
882 3238 950 3301 eolo
973 3237 1141 3322 Pamphilo
1164 3238 1268 3324 operio
1293 3238 1431 3324 primum
1455 3236 1582 3299 librum.

536 3341 648 3427 Neque
662 3363 736 3406 vero
756 3339 903 3425 opinione
923 3342 964 3405 de
979 3340 1093 3425 juncto
1108 3362 1203 3426 opere
1218 3340 1251 3404 in
1265 3337 1354 3404 libris
1374 3337 1489 3403 oeterio
1503 3336 1584 3400 fides

535 3445 735 3508 detrahenda
767 3449 827 3516 est,
855 3443 914 3508 etei
943 3442 1174 3508 contradixerit
1204 3442 1344 3507 Eusebio
1377 3462 1452 3504 suos
1484 3447 1584 3524 atque

536 3546 629 3610 amioi
663 3545 712 3609 sui
746 3545 872 3609 labores
905 3545 1076 3630 exponenti
1110 3544 1144 3609 S.
1173 3547 1398 3628 Hieronymo,
1430 3542 1483 3627 qui
1512 3541 1584 3607 Ori·

536 3647 608 3733 geni
632 3653 666 3710 et
689 3646 806 3710 Rufino
823 3647 893 3730 jam
919 3647 1071 3710 infensior
1095 3646 1238 3710 redditus
1263 3655 1368 3709 tomos
1394 3665 1504 3705 omnes
1529 3641 1583 3706 uni

537 3747 676 3811 Eusebio
691 3748 877 3811 tribuendos
895 3770 964 3811 oeae
984 3748 1095 3812 erebro
1115 3749 1239 3812 asserit.
1285 3747 1350 3812 Sed
1364 3745 1520 3810 diffieilior
1534 3753 1584 3808 eat

538 3847 673 3932 quaestio
696 3849 736 3912 de
761 3848 825 3913 fide
848 3848 966 3926 Rufini,
991 3850 1044 3934 qui
1068 3849 1184 3914 librum
1208 3849 1343 3934 primum
1369 3849 1481 3911 Graeco
1507 3853 1585 3908 tuno

536 3957 701 4014 extantem
730 3945 764 4012 in
796 3947 938 4034 linguam
973 3949 1123 4015 Latinam
1152 3950 1259 4015 vertit.
1313 3947 1466 4011 Rufinum
1499 3945 1584 4009 enim

537 4050 643 4137 pelam
657 4047 764 4135 arguit
780 4048 996 4135 Hieronymus
1014 4052 1203 4117 mutationis
1221 4058 1254 4116 et
1275 4049 1481 4115 dotraotionis
1503 4047 1583 4110 mul·

536 4162 665 4228 torum;
697 4174 799 4238 neque
822 4153 965 4237 prolecto
987 4176 1081 4218 auree
1103 4154 1131 4217 ie
1153 4153 1281 4218 olaudet
1303 4150 1510 4224 aoouoationi,
1534 4149 1585 4212 oui

538 4262 648 4320 notum
676 4256 729 4330 eit,
754 4278 817 4341 qua
840 4256 964 4321 ratione
987 4256 1071 4320 idem
1095 4256 1252 4341 interpres
1278 4254 1414 4341 plurima
1437 4253 1470 4315 in
1496 4251 1586 4314 libris

538 4356 685 4441 Origenia
707 4359 775 4437 περὶ
799 4358 900 4441 ἀρχῶν
924 4357 1039 4422 Latine
1065 4357 1361 4443 repraesentaverit3
1393 4377 1458 4441 qna
1482 4354 1524 4417 do
1551 4375 1586 4416 re

537 4457 729 4523 consulenda
751 4466 801 4524 est
823 4460 1091 4545 praestantissima
1109 4459 1205 4525 libelli
1228 4460 1327 4524 editio
1348 4482 1370 4523 a
1388 4455 1504 4524 Oerolo
1520 4454 1586 4519 De-

536 4556 655 4624 laruaeo
687 4561 853 4628 adornata.
910 4566 1015 4629 Immo
1046 4562 1181 4627 Rufinus
1208 4562 1277 4648 ipae
1306 4561 1337 4624 in
1369 4559 1505 4646 Epilogo
1542 4557 1585 4621 ad
