3700 5667
482 1157 855 1259 DlONYSIUS
889 1163 1239 1264 ROMANUS.

748 1411 966 1460 -φ-

473 1612 566 1681 Gon.
586 1612 737 1695 cavum,
757 1610 852 1682 His.
870 1611 942 1682 Lir.
961 1624 1047 1684 torn.
1066 1618 1088 1687 i.
1108 1641 1142 1709 p.
1160 1623 1243 1688 133.

336 1747 658 1869 DIONYSIUS,
689 1788 833 1879 origine,
862 1795 904 1856 ut
934 1789 1062 1873 ferunt,
1091 1790 1247 1875 Graecus,
1277 1802 1380 1883 λόγιός

332 1941 363 1980 τε
388 1920 435 1982 καὶ
456 1915 618 1994 θαυμάσιος
638 1915 722 1996 ἀνὴρ,
742 1920 834 1980 teste
852 1911 1023 2005 Dionysio
1041 1913 1286 1984 Alexandrino
1305 1916 1376 2008 (ap.

334 2037 462 2106 Euseb.
481 2036 542 2105 lib.
561 2038 620 2105 vii.
642 2059 717 2128 cap.
737 2038 785 2125 7.)
807 2036 964 2106 ecclesias
990 2038 1159 2108 Romanae
1183 2041 1377 2132 presbyter,

331 2185 371 2231 ac
402 2161 530 2231 deinde
560 2161 605 2230 ab
634 2183 726 2230 anno
755 2164 828 2238 259
859 2160 1072 2253 episcopus3
1116 2162 1236 2231 sedem
1272 2164 1376 2234 istam

331 2286 447 2355 tenuit
476 2308 589 2376 usque
618 2284 663 2353 ad
691 2292 883 2354 exeuntem
912 2308 1045 2354 annum
1072 2285 1156 2364 269.
1205 2287 1376 2380 Dionysio

330 2407 574 2477 Alexandrino
603 2406 848 2475 haereticarum
883 2407 1089 2498 opinionum
1123 2410 1169 2478 ab
1202 2411 1377 2503 episcopis

329 2533 538 2624 quibusdam
571 2529 854 2622 Pentapolitanis
883 2533 977 2623 apud
1005 2555 1087 2600 eum
1120 2533 1244 2602 Roma}
1273 2557 1377 2604 accu-

329 2666 405 2727 sato
443 2657 616 2748 synodum
655 2655 782 2748 coegit,
822 2657 1022 2747 scriptaque
1061 2679 1124 2726 suo
1167 2680 1208 2726 ac
1251 2658 1375 2749 synodi

329 2783 472 2852 nomine
499 2779 659 2872 Epistola
687 2778 896 2872 Dionysium
923 2782 1050 2851 erroris
1075 2783 1218 2852 admissi
1246 2784 1375 2853 certio-

328 2931 402 2977 rem
430 2906 526 2986 fccit,
553 2912 665 2996 utque
694 2905 924 2995 semetipsum
952 2929 995 2975 eo
1022 2907 1171 2975 mimine
1198 2917 1375 3000 purgaret,

328 3034 442 3102 amice
481 3030 694 3099 admonuit:
738 3037 775 3098 ct
812 3027 959 3098 Sabellii
996 3029 1165 3120 dogmata
1200 3029 1373 3099 confutat.

328 3156 438 3224 Extat
460 3153 698 3246 fragmentum
720 3151 814 3243 apud
832 3149 1007 3219 Athanas.
1027 3151 1071 3220 de
1093 3149 1256 3220 Decretis
1282 3149 1372 3242 Syn·

324 3279 382 3348 odi
414 3277 583 3348 Nicaenae.
648 3285 729 3344 Haec
755 3282 884 3345 Orvms.
923 3280 1111 3365 Dionysium
1137 3281 1274 3344 adduxit
1299 3296 1369 3344 tan-

325 3421 420 3482 quam
449 3399 597 3461 idoneum
626 3402 788 3456 auctorem
814 3388 1014 3452 Athanasius
1047 3389 1182 3472 fideique
1214 3389 1371 3473 optimum

325 3507 532 3592 magistrum3
566 3520 700 3583 eumque
726 3497 757 3560 S.
781 3495 917 3559 Basilius
941 3496 990 3559 M.
1016 3504 1186 3580 postquam
1215 3498 1370 3582 φὶτίοὶαηι

322 3617 388 3699 ejus
408 3617 452 3679 ad
470 3610 667 3697 Cappadocas
687 3606 885 3679 memoravit,
908 3607 969 3670 hoc
992 3607 1150 3692 praeconio
1172 3608 1274 3681 auxit,
1299 3615 1369 3671 Διο-

322 3728 427 3789 νύσιον
453 3725 578 3791 ἐκεῖνον,
609 3718 663 3780 τὸν
688 3716 912 3796 μακαριώτατον
935 3717 1110 3788 ἐπίσκοπον,
1136 3715 1204 3797 παρ’
1228 3720 1297 3796 ὑμῖν
1320 3719 1372 3780 ἐπί

321 3861 353 3897 τε
372 3836 505 3913 ὀρθότητι
523 3832 650 3894 πίστεως
668 3827 716 3888 καὶ
733 3829 768 3912 τῇ
786 3829 877 3910 λοιπῇ
896 3826 986 3905 ἀρετῇ
1005 3824 1223 3907 διαπρέψαντα.
1261 3826 1367 3911 Epist.

322 3962 372 4024 70.
389 3943 463 4005 olim
480 3960 551 4005 ατο.
573 3960 644 4023 pag.
667 3941 733 4014 164.
757 3937 806 4000 ed.
831 3935 1027 3999 Benedictin.
1075 3937 1206 4002 Interea
1228 3938 1367 4022 Excerp

320 4068 387 4116 turn
410 4051 494 4135 apud
516 4048 730 4112 Athanasium
753 4044 909 4131 particula
932 4053 982 4108 ost
1001 4046 1107 4128 operis
1129 4047 1197 4130 ejus
1216 4047 1367 4110 adversus

320 4161 525 4234 Sabellianos‚
547 4180 609 4221 non
630 4155 772 4241 opistoiae
794 4154 940 4238 Dionysii
961 4155 1002 4217 ad
1024 4155 1242 4237 cognominem
1264 4155 1364 4219 Alex-

317 4269 495 4334 andrinum.
527 4268 603 4330 Vid.
619 4267 709 4330 infru.
