3700 5667
520 652 586 720 338
865 647 1222 714 ANNOTATIONES

521 815 784 891 cornicularium,
809 817 1014 901 Adjutorem,
1038 815 1372 895 Commentariensem,
1395 818 1437 881 ab
1462 816 1568 890 Actis,

521 919 552 984 N
553 919 736 994 umerarios,
752 917 957 1004 Exceptores,
974 926 1007 983 et
1022 925 1155 984 caeteros
1169 919 1327 982 officiales.
1367 920 1569 985 Dicebantur

519 1031 628 1088 autem
649 1019 820 1097 ducenarii,
835 1020 911 1104 quia
932 1021 1071 1084 ducenta
1092 1019 1241 1084 sestertia
1262 1021 1359 1089 annui
1381 1022 1489 1086 salarii
1510 1043 1567 1085 no-

519 1125 603 1189 mine
624 1122 832 1208 accipiebant.
864 1122 997 1187 Sruorn.
1047 1125 1095 1187 Et
1116 1123 1157 1186 de
1179 1123 1240 1186 hoo
1261 1142 1401 1196 munere,
1418 1124 1504 1207 quod
1525 1145 1566 1186 ex

519 1227 736 1290 Romanorum
765 1225 943 1289 imitatione
969 1225 1098 1291 transiit
1127 1226 1170 1289 ad
1196 1225 1415 1310 Palmyrenos,
1440 1225 1566 1290 erudite

518 1327 587 1413 agit
604 1327 780 1412 Abednego
802 1325 939 1390 Sellerus
958 1327 992 1390 in
1013 1326 1199 1410 Appendioe
1219 1327 1301 1390 Hict.
1317 1327 1479 1409 Palmyre
1497 1326 1564 1389 An·

517 1429 598 1515 glice
620 1429 747 1514 scriptae
769 1449 795 1492 o.
811 1427 855 1491 iii.
878 1451 909 1513 p.
928 1446 999 1491 210.
1017 1430 1074 1492 bo.
1120 1428 1236 1493 Sedet
1256 1429 1293 1491 cl.
1310 1427 1510 1496 Moshemius
1530 1428 1563 1490 in

520 1533 678 1595 Ommnent.
701 1531 750 1595 De
770 1529 867 1593 Mas
888 1530 1134 1595 Claudianorum
1155 1540 1224 1594 onte
1245 1532 1396 1595 Ceretani.
1412 1531 1461 1593 M.
1482 1530 1562 1594 Saeo.

517 1632 561 1697 iii.
584 1638 608 1713 ς.
629 1651 684 1716 35.
707 1655 739 1716 p.
760 1648 833 1714 705.
856 1631 979 1709 scribit,
1003 1654 1038 1695 se
1061 1652 1134 1696 eum
1158 1631 1229 1696 eliis
1255 1632 1413 1695 nonnullis
1436 1639 1562 1716 putare,

518 1735 653 1799 Paulum
671 1733 755 1798 buno
776 1734 1033 1799 Samosatensem
1053 1734 1215 1797 ducenarii
1234 1756 1349 1797 munus
1368 1755 1479 1798 revera
1491 1756 1563 1818 ges·

516 1838 605 1916 sisse,
628 1837 774 1920 idemque
797 1837 976 1900 fortassee
999 1835 1142 1900 Zenobia
1165 1835 1428 1919 Palmyrenorum
1452 1835 1564 1920 regina

517 1940 701 2014 obtinuisse,
727 1960 797 2023 quae
827 1937 924 2021 ipsius
953 1944 1090 2021 patrona
1117 1936 1189 2007 suit.
1245 1933 1375 2013 Verum,
1400 1945 1437 2001 nt
1465 1937 1563 2002 suerit

518 2040 706 2109 ducenarius
727 2039 855 2112 Paulus,
873 2038 1021 2112 tribunal,
1037 2039 1154 2124 dequo
1170 2039 1286 2103 Patres
1305 2060 1380 2102 mox
1396 2039 1562 2122 objiciunt,

516 2145 651 2209 thronus
665 2141 807 2206 excelsus
821 2149 1051 2224 secretumque,
1065 2140 1151 2204 haud
1166 2149 1338 2226 propterea
1353 2141 1560 2225 pertinerent,

515 2256 553 2313 ut
582 2246 642 2310 sibi
671 2242 829 2330 persuasit
859 2242 1009 2319 Sellerus,
1034 2243 1076 2306 ad
1106 2242 1268 2307 ducenarii
1297 2243 1455 2319 officium;
1488 2266 1562 2308 eum

515 2352 604 2414 istaec
621 2347 740 2411 Paulus
754 2347 849 2408 homo
867 2345 1110 2429 superbissimus
1125 2345 1158 2409 in
1173 2346 1268 2409 rebus
1283 2346 1396 2410 divinis
1411 2354 1445 2411 et
1460 2347 1559 2411 eccle-

515 2449 651 2515 siasticis
667 2447 798 2533 agendis
816 2469 873 2531 per
890 2446 1102 2510 imitationem
1121 2447 1248 2531 quidem
1263 2447 1462 2512 saeoularium
1474 2448 1560 2532 judi-

515 2573 586 2615 cum
602 2549 661 2613 sibi
676 2558 901 2633 comparasset,
918 2549 1002 2632 quod
1018 2548 1146 2613 disertis
1160 2550 1263 2613 verbis
1277 2550 1329 2614 hic
1343 2551 1493 2615 traditur.

559 2653 598 2715 P.
614 2654 688 2735 306.
702 2651 724 2713 l.
742 2653 772 2715 6.
787 2651 995 2737 ὑπαγορεύων]
1018 2652 1098 2715 Post
1120 2651 1201 2715 hauc
1222 2674 1329 2715 vocem
1352 2660 1504 2735 punctum
1525 2653 1560 2717 in

514 2774 637 2817 summo
657 2760 790 2816 notatur
809 2759 878 2816 tum
898 2752 931 2814 iu
951 2753 1059 2817 codice
1079 2753 1189 2837 Regio.
1206 2760 1274 2816 tum
1294 2753 1380 2837 apud
1399 2752 1557 2837 Nicepho-

513 2876 583 2917 rum
605 2861 638 2918 et
662 2852 850 2937 syncellum.
899 2853 963 2916 Sed
986 2876 1058 2916 cum
1080 2855 1112 2917 iu
1134 2854 1242 2918 codice
1262 2854 1417 2918 Medioaeo
1436 2862 1470 2919 et
1486 2855 1558 2918 Ma

513 2955 621 3019 tarino
636 2955 722 3017 nulla
736 2955 787 3018 hio
806 2961 937 3018 notetur
950 2954 1122 3031 distinctio,
1138 2956 1244 3020 malim
1259 2957 1363 3042 legere
1377 2978 1441 3020 uno
1459 2958 1558 3022 ductu

512 3058 704 3139 ὑπαγορεύων
726 3057 787 3134 ἅμα
807 3056 938 3135 βαδίζων
962 3059 1096 3142 δημοσία,
1113 3060 1169 3122 &a
1203 3059 1298 3123 (lente
1320 3059 1453 3123 Rufinus
1473 3059 1558 3125 bunc

511 3158 614 3221 locum
629 3157 676 3220 ita
689 3157 766 3241 legit
786 3164 884 3241 atque
905 3157 1072 3236 intellexit,
1088 3168 1124 3223 ut
1145 3181 1185 3223 ex
1207 3160 1276 3244 ejus
1297 3160 1439 3224 versione
1458 3182 1558 3245 appa-

510 3267 571 3324 ret.
616 3259 703 3322 Nom
724 3268 753 3323 et
773 3259 910 3323 lacedem
926 3282 988 3345 per
1006 3261 1139 3347 plateae,
1160 3262 1219 3326 tali
1241 3263 1375 3346 quadam
1397 3261 1559 3326 ombtiooe

510 3361 656 3436 utebatur,
673 3362 795 3447 pellice
816 3363 956 3447 νρίείοίιν
976 3364 1113 3450 relepmas,
1128 3375 1216 3450 atque
1238 3366 1273 3428 in
1294 3365 1405 3429 oedila
1423 3367 1557 3430 munima

510 3474 538 3528 et
552 3464 645 3528 ocellie
659 3465 790 3528 dictam.
814 3466 974 3530 Vnumrus.

554 3565 636 3628 Ibid.
652 3565 671 3627 l.
693 3586 739 3629 10.
761 3567 828 3629 οὔτε
849 3566 914 3650 τὴν]
930 3568 998 3631 οὔτε
1016 3569 1054 3633 ὣς
1068 3568 1132 3649 τὴν,
1148 3568 1264 3630 omisso
1279 3568 1315 3646 ἣν
1330 3575 1406 3631 ante
1422 3567 1555 3649 μηχάνη-

509 3690 557 3727 ται
579 3667 652 3728 MS.
673 3666 813 3748 Norfob.
859 3666 925 3730 Neo
947 3667 1038 3730 male.
1085 3668 1189 3731 Abest
1212 3669 1265 3745 τὴν
1287 3690 1308 3730 a
1330 3668 1477 3748 Syncallo,
1502 3669 1556 3752 qui

509 3767 662 3845 τερθρείαν
677 3787 735 3849 pro
750 3769 904 3845 τερατείαν
919 3767 1048 3841 invenit,
1064 3769 1149 3851 quod
1165 3768 1296 3850 perinde
1310 3776 1370 3832 est.

553 3864 743 3945 Ibid.l.14.
765 3870 849 3944 βῆμα
868 3870 925 3945 μὲν
948 3870 996 3931 καὶ
1019 3870 1127 3947 θρόνον
1148 3869 1282 3953 ὑψηλὸν]
1305 3870 1555 3955 Reprehendunt

507 3974 615 4052 patres
638 3966 832 4029 Antiochoni
854 3967 983 4032 Oouoilii
1009 3968 1042 4031 in
1067 3969 1169 4033 Paulo
1193 3971 1340 4057 episcopo
1362 3975 1554 4052 Antiochia,

506 4091 570 4132 non
586 4069 669 4152 quod
685 4069 836 4133 thronum
856 4070 1014 4134 habuerit.
1060 4071 1132 4136 Hoc
1152 4073 1235 4136 onim
1255 4074 1377 4159 insigne
1398 4084 1469 4140 erat
1489 4077 1555 4161 epi·

506 4193 681 4256 scoporum,
697 4181 735 4236 ut
757 4171 789 4234 in
810 4172 928 4236 throno
949 4196 1005 4237 seu
1028 4176 1181 4239 cathedra
1203 4178 1361 4242 sederent.
1407 4178 1467 4258 Qui
1484 4200 1554 4243 mos

502 4273 571 4356 jam
592 4272 665 4336 iude
683 4274 725 4337 ab
745 4274 928 4357 apostolicis
943 4277 1140 4361 temporibus
1160 4278 1337 4343 invaluerat
1357 4281 1389 4342 iu
1409 4280 1552 4344 ecclesia.

505 4373 600 4437 Certo
614 4373 638 4435 J
639 4374 730 4437 acobi
745 4373 853 4442 fratria
869 4376 999 4440 Domini
1020 4380 1180 4452 thronum,
1198 4380 1427 4464 Hiorosolymis
1446 4381 1552 4446 adhuc

504 4496 563 4537 sua
581 4481 680 4539 aetate
699 4482 859 4539 servatum
878 4476 975 4542 fuisse
995 4487 1134 4545 testatur
1150 4482 1306 4546 Eusebius
1324 4484 1355 4545 in
1376 4483 1480 4567 capite
1500 4504 1550 4564 ¹9·

504 4595 611 4657 supra.
649 4575 686 4637 ld
701 4575 800 4660 igitur
814 4576 847 4639 in
862 4577 965 4643 Paulo
980 4581 1134 4647 damnant
1149 4584 1315 4649 memorati
1331 4593 1450 4668 patros,
1464 4586 1548 4669 quod
