3700 5667
501 670 565 731 402
636 669 820 731 FRAGM.
845 669 996 732 EPls'r.
1022 669 1242 734 lllONYSll
1269 670 1414 733 ALEX.

500 846 646 914 ἐκκλησίαις
669 842 840 915 κηρύττεσθαι
864 846 909 897 τὸν
931 845 986 898 υίδν
1008 847 1055 898 τοῦ
1079 846 1156 897 θεοῦ.
1188 846 1266 897 τοῦτο
1288 843 1378 912 μαθὼν
1402 839 1556 906 Διονύσιος,

498 950 576 1004 αὐτὸς
593 948 645 1020 γδρ
661 942 716 1017 εἶχε
734 948 781 1016 την
798 949 923 1019 μέριμναν
941 951 993 1000 τῶν
1010 948 1153 1014 ἐκκλησιῶν
1174 947 1286 1014 ἐκείνων,
1304 947 1400 1016 πέμπει
1419 948 1461 1001 καὶ
1482 969 1555 1016 συμ-

497 1053 618 1120 βουλεύει
637 1057 691 1111 ταῖς
709 1055 801 1111 αίτίαις
819 1052 973 1108 παύσασθαι
992 1056 1038 1122 τῆς
1058 1055 1217 1124 κακοδοξίας·
1247 1054 1281 1109 ὣς
1300 1054 1329 1108 δέ
1347 1054 1394 1107 οὐκ
1412 1053 1554 1121 ἐπαύοντο,

498 1161 568 1216 ἐλλδ
584 1162 744 1230 καὶμᾶλλον
761 1159 945 1230 ἀναιδέστερον
963 1157 1086 1226 ἠσέβουν,
1106 1155 1255 1230 ἢναγκάσθη
1273 1160 1339 1229 πρὸς
1357 1158 1404 1226 τὴν
1422 1157 1555 1213 ἀναίδειαν

499 1267 599 1321 ἐκείνων
612 1267 716 1338 γράψαι
729 1266 777 1336 τὴν
790 1262 1078 1335 τοιαύτηνέπισταλὴν,
1093 1267 1134 1320 καὶ
1152 1267 1185 1320 τὰ
1202 1265 1349 1338 ἀνθρώπινα
1366 1270 1415 1319 τοῦ
1433 1268 1554 1337 Σωτῆρας

499 1373 526 1426 ἐκ
539 1378 591 1426 τῶν
607 1370 765 1444 εὐαγγελίων
778 1370 949 1442 παραθέσθαι·
973 1368 1004 1424 ἵν’
1019 1370 1108 1440 ἐπειδὴ
1125 1371 1317 1442 τολμηρότερον
1331 1370 1422 1424 ἐκείνοι
1435 1371 1483 1424 τδν
1496 1372 1554 1423 υίδν

497 1476 631 1548 ἠρνοῦντο,
647 1478 688 1531 καὶ
705 1477 738 1530 sd
756 1475 904 1547 ἀνθρώπινα
917 1476 998 1529 αὐτοῦ
1014 1480 1061 1546 m
1080 1483 1180 1529 lIATPl
1198 1475 1360 1540 ἀνετίθεσαν,
1376 1474 1457 1531 αὐτοις
1474 1474 1553 1531 οὗτος

498 1583 584 1652 δείξας
597 1582 638 1636 ὅτι
655 1583 705 1652 οὐχ
719 1584 733 1634 d
748 1582 833 1653 πατὴρ
846 1580 907 1636 ἄλλ’
922 1583 938 1634 δ
952 1583 1006 1637 vids
1020 1586 1093 1636 ἐστιν
1107 1583 1122 1634 d
1135 1583 1273 1652 γενόμενος
1287 1582 1352 1653 ὐπέρ
1366 1582 1437 1650 ἡμόν
1449 1581 1551 1653 ἄνδρα·

498 1706 556 1748 πος,
576 1687 655 1755 πείση
674 1687 735 1742 τούς
752 1685 867 1754 ἀμαθεῖς,
881 1685 916 1754 μὴ
935 1680 1000 1738 εἶναι
1020 1685 1067 1738 τὸν
1084 1688 1184 1756 πατέρα
1202 1688 1266 1739 vids·
1295 1688 1336 1740 καί
1354 1684 1437 1742 οὕτως
1456 1689 1553 1741 λοιπὸν

497 1790 551 1845 κατ’
567 1790 658 1862 ὀλίγον
671 1788 781 1847 ἐκείνους
795 1792 831 1847 εἷς
843 1791 890 1859 τὴν
903 1789 1026 1859 ἀληθινὴν
1039 1788 1155 1862 ύναγείγη
1170 1793 1287 1859 Orda-epra
1303 1795 1352 1845 τοῦ
1365 1794 1433 1858 otoo,
1448 1794 1490 1846 καὶ
1505 1794 1553 1861 τὴν

498 1899 597 1967 γνῶσιν
614 1896 661 1964 τὴν
678 1897 738 1967 περὶ
755 1898 803 1948 τοῦ
820 1894 926 1966 πατρός.
949 1899 975 1964 §.
991 1911 1020 1950 v.
1035 1913 1100 1970 pag.
1116 1893 1186 1950 246.
1228 1892 1287 1951 Hic
1301 1903 1390 1960 berte,
1405 1893 1552 1972 Dionysio

497 1997 571 2076 ipso,
600 1998 771 2075 rationeque
797 1998 862 2075 ejns
889 1997 1021 2056 cenandi
1050 1996 1134 2056 valde
1162 1998 1339 2077 approbatis,
1365 1998 1552 2056 Athanasius

499 2102 637 2169 ostendit,
657 2102 848 2172 sabellianos,
867 2102 975 2179 quibus
996 2102 1047 2161 ille
1068 2122 1099 2161 se
1120 2103 1268 2181 opposuit,
1287 2103 1323 2161 ad
1345 2103 1474 2170 Patrem,
1490 2123 1551 2161 non

498 2209 540 2267 ait
554 2208 591 2266 ud
606 2209 713 2274 Deum,
729 2209 854 2267 humana
870 2207 979 2266 Christi
996 2207 1144 2267 retulisse.
1187 2208 1359 2288 Dionysium
1379 2220 1477 2268 autem
1498 2228 1551 2288 per

496 2322 610 2391 patrem
627 2313 807 2372 intellexisse
821 2312 943 2390 primam
959 2331 1109 2391 personam
1126 2312 1307 2371 Beatissimae
1322 2313 1448 2379 Triadis,
1462 2314 1549 2390 quid·

498 2419 570 2495 quid
588 2440 688 2479 revera
708 2419 876 2479 statuebant
896 2417 1065 2482 Sabelliani.
1080 2439 1147 2477 cum
1166 2439 1204 2478 ex
1223 2420 1357 2479 omnibus
1375 2422 1471 2494 ῥὴσεσε
1485 2421 1551 2498 ejus

425 2514 427 2518 Α
499 2536 623 2593 constat,
637 2535 699 2582 tum
716 2524 811 2583 verbis
830 2522 889 2581 fine
905 2521 996 2581 libelli
1017 2522 1062 2581 sui
1079 2523 1115 2581 ab
1130 2523 1293 2583 Athanasio
1306 2525 1409 2601 positis
1428 2525 1549 2584 demon·

499 2641 618 2689 stratur.
660 2631 820 2706 Postquam
835 2629 912 2688 enim
928 2628 959 2686 id
973 2628 1053 2686 laudi
1069 2628 1213 2708 Dionysio
1227 2649 1290 2689 esse
1303 2629 1420 2694 statuit,
1435 2651 1504 2689 eum
1519 2631 1550 2688 in

498 2735 698 2815 disputatione
717 2754 782 2792 curn
806 2733 989 2798 Sabellianis‚
1005 2753 1063 2789 non
1081 2733 1118 2790 ab
1132 2733 1312 2810 argumentis
1327 2733 1395 2791 Filii
1410 2733 1549 2792 divinita·

498 2852 557 2898 tem
574 2839 763 2918 probantibus
778 2837 938 2896 disserendi
949 2837 1065 2894 initiunt
1079 2836 1207 2904 duxisse,
1217 2837 1267 2896 sed
1278 2838 1450 2916 praemisisse
1459 2843 1493 2895 τὰ
1502 2840 1549 2896 ἐν·

497 2947 630 3018 Oporinos
644 2946 762 3017 εἰρημένα
775 2943 812 3002 de
826 2943 991 3007 Servatore,
1003 2943 1167 3019 eujusmodi
1182 2955 1261 3009 sunt,
1273 2945 1392 3010 esurire,
1405 2945 1549 3011 laborare,

499 3050 575 3128 quod
587 3048 653 3106 vitis
671 3048 719 3113 sit,
735 3049 810 3127 qnod
826 3045 961 3117 navah,
978 3057 1004 3106 et
1021 3069 1130 3126 passus
1147 3049 1186 3107 sit
1194 3072 1209 3115 ;
1232 3054 1293 3109 htee
1313 3051 1395 3110 addit
1414 3050 1550 3110 Athana-

498 3156 569 3222 sius,
589 3155 645 3231 ὅσῳ
662 3158 713 3229 γὰρ
732 3160 813 3210 ταῦτα
832 3157 940 3210 ταπεινὰ
959 3157 1073 3228 λέγεται,
1094 3160 1214 3231 τοσούτῳ
1232 3159 1358 3212 δείκνυται
1376 3159 1411 3228 μὴ
1430 3161 1445 3210 d
1463 3159 1551 3229 πατὴρ

496 3268 633 3337 γενόμενος
653 3265 795 3337 ἅνθρωπος.
821 3264 917 3336 dna-ptri)
938 3264 990 3337 γδρ
1010 3265 1051 3317 καὶ
1071 3268 1190 3332 δμπελου
1210 3268 1352 3338 λεγομένω
1372 3270 1419 3320 τού
1441 3265 1549 3339 Κυρίου,

497 3368 561 3427 εἶναι
586 3375 626 3427 καὶ
648 3375 772 3445 γεωργόν·
803 3373 843 3426 καὶ
870 3371 1013 3441 εὐχομένω
1034 3371 1123 3434 αὐτοῦ,
1148 3367 1212 3425 εἶναι
1237 3373 1282 3426 τδν
1310 3370 1476 3426 ἐπακούοντα·
1509 3374 1550 3426 καὶ

496 3478 629 3534 αἰτοῦντος
647 3479 736 3541 αὐτοῦ,
750 3472 814 3531 εἶναι
832 3480 878 3531 τδν
896 3478 1011 3531 διδόντα.
1034 3478 1066 3529 τὰ
1084 3477 1112 3530 δέ
1130 3480 1237 3530 τοιαῦτα
1253 3480 1356 3545 μᾶλλον
1374 3478 1550 3548 εὐκολώτερον

497 3583 607 3651 τὴντῶν
621 3585 802 3647 Σαβελλιανῶν
814 3583 906 3651 μανίαν
922 3579 1062 3635 δεικνύσιν·
1084 3579 1123 3634 ὅτι
1138 3580 1225 3650 ἕτερος
1239 3583 1254 3634 d
1268 3582 1415 3651 εὐχόμενος,
1432 3582 1520 3652 ἕτερος
1534 3585 1549 3634 δ

498 3685 636 3749 ἐπακούων,
652 3687 692 3737 καὶ
713 3685 795 3740 ἄλλος
816 3684 831 3752 ἡ
851 3685 977 3752 ἄμπελος,
993 3687 1034 3739 καὶ
1050 3685 1132 3740 ἄλλος
1151 3686 1304 3756 δγεοιργός.
1324 3702 1404 3738 num.
1415 3682 1464 3738 26.
1480 3704 1548 3762 pag.

497 3785 567 3842 261.
611 3785 686 3840 Cum
705 3804 774 3841 vero
794 3785 871 3843 inter
892 3786 953 3843 haec
974 3787 1061 3844 verba
1081 3785 1178 3844 Patris
1200 3807 1332 3865 persona,
1357 3807 1414 3843 non
1436 3786 1549 3845 Christi

498 3887 596 3945 divina
610 3897 723 3952 natura,
738 3887 931 3965 intelligatur,
947 3901 1061 3948 constat
1076 3891 1273 3949 Athanasium
1292 3889 1409 3967 quidem
1431 3889 1548 3948 nullum

496 3990 721 4071 deprehendisse
743 3993 895 4071 vestigium
921 3994 1058 4075 Dionysii
1083 3998 1155 4054 λύειν
1177 4001 1223 4054 τὸν
1247 4000 1363 4071 Χριστὸν
1384 3995 1548 4073 gestientis.

498 4098 540 4156 Et
561 4097 722 4177 Dionysius
745 4100 903 4174 (referente
923 4101 1025 4159 eodem
1048 4103 1218 4170 Athanasio,
1239 4102 1344 4180 pagina
1358 4099 1444 4172 256.)
1465 4102 1549 4156 εἶκαὶ

496 4208 543 4262 τὰς
563 4208 647 4277 λέξεις
666 4203 758 4277 εἴρηκε,
778 4203 852 4278 (soil.
869 4226 969 4264 vocent
989 4211 1095 4278 γενητὸς
1113 4219 1144 4265 et
1163 4211 1286 4277 ceteras)
1305 4209 1347 4262 διὰ
1366 4209 1444 4262 τοῦτό
1463 4210 1550 4276 φησιν

496 4312 630 4381 είρηκέναι,
645 4312 711 4383 πρδς
729 4313 760 4365 τδ
778 4315 857 4380 μόνον
875 4313 957 4381 δεῖξαι
971 4311 1012 4365 ὅτι
1028 4312 1063 4380 μὴ
1082 4315 1096 4365 d
1115 4313 1200 4385 πατήρ
1219 4315 1291 4366 ἐστιν
1304 4310 1363 4365 ἀλλ’
1380 4313 1472 4373 όυίδς,
1488 4314 1503 4362 d
1517 4314 1549 4364 τὸ

495 4419 611 4486 γενητὸν,
634 4418 674 4470 καὶ
696 4420 803 4471 κτιστὸν
825 4419 865 4472 καὶ
886 4420 994 4485 ποιητὸν
1016 4418 1189 4487 ἐνδυσάμενος
1212 4423 1297 4486 σῶμα.
1341 4414 1477 4490 Denique
1500 4435 1549 4472 res

496 4519 537 4576 ita
558 4532 721 4594 comparata
743 4520 870 4589 videtur,
886 4533 920 4577 nt
941 4541 1056 4579 omnem
1079 4522 1203 4580 moverit
1225 4521 1349 4599 lapidem
1375 4519 1548 4598 Dionysius,

497 4644 534 4681 ne
549 4622 637 4682 Pater
651 4645 716 4682 cum
733 4624 810 4682 Filio
822 4625 875 4682 Dei
891 4636 979 4701 atque
993 4627 1119 4684 hominis
1133 4627 1374 4692 confunderetur,
1385 4624 1421 4682 de
1437 4623 1548 4703 duplici
