3700 5667
541 687 608 748 AD
631 685 908 750 DIONYSIUM
935 687 1196 751 ROMANUM.
1327 690 1389 758 391

347 858 478 920 παύεται.
502 858 519 918 ὁ
534 855 568 918 δέ
581 881 617 936 γε
636 855 715 922 Θεὸς
734 857 854 919 αἰώνιόν
869 858 934 918 ἔστι
952 862 1025 937 φῶς,
1042 858 1110 920 ούπε
1130 856 1305 937 ἀρξάμενον,
1326 860 1394 922 ούτε

346 968 438 1042 λῆξόν
460 990 540 1027 ποτε.
567 964 673 1027 οὐκοῦν
696 965 816 1028 αἰώνιον
838 966 998 1045 πρόκειται,
1024 966 1071 1027 καὶ
1093 966 1235 1029 σύνεστιν
1257 967 1335 1051 αὐτῷ
1358 967 1392 1030 τὸ

346 1075 528 1154 ἀπαύγασμα
549 1075 682 1155 ἄναρχον
703 1074 750 1136 καὶ
771 1075 914 1154 ιἰειγενές,
937 1075 1179 1154 προφαινόμενον
1201 1075 1300 1146 αὐτοῦ,
1319 1077 1393 1156 ὅπερ

345 1180 429 1241 ἐστὶν
446 1180 464 1257 ἡ
481 1180 617 1260 λέγουσα
638 1182 744 1260 σοφία,
765 1180 867 1260 ιιἘγὼ
888 1180 965 1258 ἥμην
985 1177 1003 1257 ᾖ
1025 1179 1217 1261 προσέχαιρε·
1242 1179 1305 1242 καθ’
1325 1180 1391 1259 ἡμέ-

343 1312 400 1363 ραν
415 1290 447 1350 δὲ
464 1289 664 1368 εύφραινόμην
680 1291 713 1350 ἐν
728 1290 876 1371 προσώπῳ
892 1289 982 1351 αὐτοῦ
998 1291 1031 1351 ἐν
1046 1290 1134 1350 παντὶ
1150 1291 1250 1373 καιρῷ.

387 1403 434 1454 Καὶ
455 1398 527 1455 αὖθις
548 1402 636 1472 ἐπείγει
657 1400 711 1469 μετ’
732 1401 809 1470 ὀλίγα
829 1399 938 1474 (inquit
958 1399 1149 1470 Athanasius)
1164 1405 1224 1472 περὶ
1244 1406 1292 1456 τοῦ
1312 1405 1392 1457 αὐτοῦ

344 1505 438 1575 λέγων,

384 1603 495 1668 ”omos
517 1605 570 1665 οὖν
591 1604 710 1667 αἰωνίου
729 1609 781 1666 τοῦ
801 1605 922 1685 πατρὸς,
939 1607 1057 1670 αἰώνιος
1077 1607 1093 1667 ὁ
1111 1608 1173 1672 υἱός
1188 1609 1262 1683 ἐστι,
1279 1614 1343 1687 φῶς
1357 1611 1390 1673 ἐκ

345 1713 443 1792 φωτὸς
457 1712 508 1775 ὤν.
536 1715 621 1778 ὄντος
636 1717 693 1793 γὰρ
708 1714 830 1794 γονέως,
846 1716 910 1778 ἔστι
926 1715 974 1776 καὶ
990 1714 1104 1776 τέκνον·
1133 1718 1159 1777 εἰ
1177 1717 1209 1777 δὲ
1228 1717 1269 1793 μὴ
1286 1717 1392 1780 τέκνον

346 1825 399 1898 εἴη,
417 1827 476 1886 πῶς
497 1823 544 1883 καὶ
564 1823 642 1887 τίνος
663 1823 738 1885 εἶναι
758 1824 878 1885 δύναται
898 1822 1021 1903 γονεύς;
1046 1822 1115 1884 ἀλλ’
1133 1827 1210 1886 εἰσὶν
1228 1827 1328 1904 ἄμφω,
1344 1827 1392 1890 καὶ

346 1933 423 1993 εἰσὶν
438 1932 494 1993 ἀεί.

384 2039 447 2096 Εἶτα
461 2046 540 2096 πάλιν
553 2045 714 2114 προστίθησι
729 2049 812 2097 ταῦτα
827 2040 1024 2113 (Athanasius
1038 2043 1106 2110 ait).

388 2142 491 2208 Φωπὸς
504 2146 560 2220 μὲν
575 2144 629 2206 ούν
644 2146 730 2210 ὄντος
745 2148 796 2206 τοῦ
812 2148 904 2217 Θεοῦ,
920 2146 936 2205 ὁ
953 2145 1083 2222 Χριστός
1099 2145 1182 2206 ἔστιν
1197 2145 1390 2225 ἀπαύγασμα.

344 2249 509 2329 πνεύματος
531 2253 563 2312 δὲ
586 2254 680 2323 ὄντος,
704 2252 719 2297 ¹¹
729 2257 844 2330 πνεῦμα
863 2252 931 2332 γάρ,
956 2261 1060 2331 φησιν,
1082 2256 1099 2314 ὁ
1124 2253 1215 2329 Θεὸς,
1235 2255 1391 2334 ἀναλόγως

344 2357 436 2421 πάλιν
456 2363 472 2421 ὁ
491 2359 620 2438 Χριστὸς
640 2361 724 2438 ἀτμὶς
744 2360 875 2441 λέγεται·
899 2362 1022 2440 ο’ληιὶς
1043 2361 1109 2442 γάρ,
1130 2363 1234 2441 φησίν,
1255 2364 1320 2426 ἔστι
1341 2368 1391 2442 τῆς

345 2473 395 2529 τοῦ
411 2473 492 2531 Θεοῦ
508 2468 667 2546 δυνάμεως.

385 2584 433 2635 Καὶ
448 2583 475 2635 ἐκ
485 2586 532 2635 τοῦ
546 2582 666 2652 δευτέρου
681 2581 789 2657 (inquit
804 2580 996 2653 Athanasius)
1012 2585 1092 2637 πάλιν
1106 2585 1186 2654 φησί.

386 2720 429 2730 -
443 2686 534 2760 μόνος
553 2685 585 2744 δὲ
607 2684 623 2744 ὁ
644 2683 705 2749 υἱὸς
726 2685 773 2746 ἀεὶ
794 2685 892 2747 συνὼν
912 2689 952 2768 τῷ
972 2686 1071 2764 πατρὶ,
1088 2687 1135 2747 καὶ
1150 2688 1202 2746 τοῦ
1216 2686 1302 2752 ὄντος
1317 2693 1390 2766 πλη-

344 2792 497 2872 ρούμενος,
521 2795 569 2856 καὶ
591 2794 679 2859 αὐτός
702 2796 795 2871 ἔστιν,
819 2794 861 2858 ὣν
883 2798 916 2857 ἔκ
939 2799 991 2857 τοῦ
1013 2797 1133 2875 πατρός.
1185 2803 1256 2860 Haee
1279 2804 1392 2881 prolata

344 2917 412 2962 sunt
437 2906 510 2962 serie
534 2906 672 2963 continua
697 2926 713 2961 a
740 2907 770 2963 S.
791 2907 952 2965 Athanasio
974 2907 1002 2963 in
1029 2906 1159 2984 Epistola
1183 2907 1218 2963 de
1242 2907 1390 2966 Sententia

347 3010 489 3088 Dionysii,
505 3032 584 3068 num.
601 3031 648 3068 xv.
664 3031 691 3086 p.
707 3013 775 3070 253.
793 3013 835 3069 ed.
854 3012 1027 3070 Benedictin.

344 3239 459 3296 desinit.
504 3239 585 3296 Deus
609 3250 706 3295 autem
733 3250 841 3296 aeterna

344 3318 390 3374 lux
420 3330 473 3379 est.
496 3338 560 3392 quae
588 3337 682 3393 neque
710 3319 840 3393 incoepit,

345 3418 438 3472 neque
458 3397 572 3453 deficiet
591 3415 736 3470 umquam.
781 3396 839 3472 Ipsi

345 3498 413 3551 ergo
450 3474 586 3549 praelucet
620 3495 652 3531 ac
692 3475 841 3532 coexsistit

345 3569 468 3611 internus
483 3553 624 3630 splendor,
643 3555 692 3629 qui
709 3555 770 3611 sine
785 3554 841 3609 ini-

344 3636 386 3690 tio
408 3635 550 3690 exsistens
574 3645 604 3691 et
625 3653 738 3710 semper
759 3633 841 3708 geni·

345 3726 401 3780 tus.
420 3725 488 3771 ante
509 3734 576 3770 eum
598 3713 712 3778 emicat,
732 3714 841 3789 quique

344 3806 387 3850 est
420 3814 453 3851 ea
484 3794 634 3870 sapientis,
664 3814 728 3869 quae
760 3793 840 3857 dicit,

346 3876 407 3950 Ego
419 3894 496 3931 eram
508 3893 563 3950 qua
573 3874 735 3950 gaudebat:
757 3882 782 3930 et
793 3873 840 3930 de-

344 3954 472 4011 lectabar
498 3954 620 4031 quotidie
644 3962 711 4010 anie
728 3952 839 4031 faciem

344 4037 408 4109 ejus·
421 4034 496 4090 ουυιὶ
511 4042 641 4109 tmpore.

386 4114 459 4169 Cum
472 4133 541 4188 ergo
552 4124 677 4170 oeternus
692 4114 729 4170 sit
744 4114 839 4177 Pater,

344 4205 469 4250 aeternus
480 4206 524 4250 est
536 4204 565 4249 et
579 4193 682 4257 Filius,
694 4193 791 4250 lumen
804 4194 840 4250 de

344 4273 461 4330 lumine.
507 4273 564 4329 Ubi
588 4273 664 4329 enim
691 4285 735 4330 est
758 4273 839 4349 geni·

344 4363 399 4413 tor.
421 4364 465 4410 est
487 4365 516 4410 et
539 4351 643 4430 proles.
687 4352 717 4409 Si
743 4364 839 4409 autem

426 4556 440 4584 a
454 4547 523 4593 prov.
538 4547 587 4592 viii.
602 4560 639 4606 30.

782 4547 795 4583 b
808 4545 898 4592 Johan.
911 4544 943 4591 iv.
959 4558 996 4601 ²4·

892 3240 987 3316 proles
1016 3259 1073 3294 non
1102 3249 1156 3305 est,
1185 3239 1331 3313 quomodo
1359 3252 1390 3298 et

891 3320 975 3392 cujus
991 3329 1086 3394 potest
1101 3338 1162 3374 esse
1177 3319 1312 3393 genitor?
1332 3316 1389 3375 At-

891 3399 942 3472 qui
977 3397 1061 3452 ambo
1096 3406 1175 3458 sunt,
1211 3407 1242 3453 et
1276 3417 1390 3474 semper

892 3487 973 3533 sunt.

934 3556 1008 3611 Cum
1034 3555 1124 3632 igitur
1152 3554 1234 3611 Deus
1261 3556 1300 3612 sit
1328 3554 1390 3620 lux,

891 3635 1026 3692 Christus
1054 3644 1098 3691 est
1124 3633 1270 3712 splendor.
1314 3634 1390 3692 Cum

892 3726 988 3771 autem
1018 3714 1147 3791 Spiritus
1180 3713 1228 3781 sit,
1261 3714 1391 3792 Spiritus

891 3794 980 3859 enini,
1002 3793 1108 3869 inquit,
1131 3802 1171 3851 est
1194 3793 1297 3852 Deus:
1321 3816 1389 3853 con·

890 3885 1029 3950 gruenter
1048 3893 1162 3931 rursum
1186 3874 1321 3933 Christus
1339 3895 1388 3932 va-

892 3974 944 4032 por
966 3953 1092 4022 dicitur;
1115 3962 1156 4012 est
1177 3954 1259 4020 enim,
1282 3955 1388 4032 inquit,

891 4054 981 4110 vapor
995 4033 1109 4090 virtutis
1125 4034 1190 4091 Dei.

933 4113 1021 4170 Solus
1042 4124 1139 4170 autem
1163 4113 1256 4171 Filius
1276 4134 1389 4191 semper

890 4192 1065 4249 coexsistens
1083 4193 1173 4256 Patri,
1188 4203 1218 4249 et
1233 4192 1337 4270 plenus
1355 4214 1390 4252 eo

890 4272 940 4348 qui
955 4282 1009 4336 est,
1025 4271 1086 4347 ipse
1101 4271 1188 4328 etiam
1204 4282 1258 4338 est,
1271 4291 1336 4329 cum
1352 4274 1390 4331 sit

891 4370 928 4408 ex
945 4350 1040 4407 Patre.

1129 4553 1139 4575 ‘
1151 4544 1206 4605 Sap.
1218 4542 1257 4590 vii.
1273 4557 1284 4590 α
1288 4557 1311 4604 5.
