3700 5667
498 667 707 732 THEONAE
733 667 950 731 EPISCOPI
975 666 1223 731 EPISTOLA.
1321 669 1384 730 443

341 853 422 905 mua,
439 836 488 899 cui
503 835 600 901 libros
619 839 790 902 servandos
806 837 958 922 Princeps
978 836 1197 912 mandaverit;
1219 836 1302 900 huuc
1318 836 1384 921 ipsa

342 965 381 1006 ex
405 946 540 1029 probata
562 947 694 1012 scientia
719 947 779 1011 sibi
802 947 898 1031 eliget
922 949 1024 1010 virum
1047 968 1175 1032 gravem
1202 954 1235 1010 et
1262 946 1385 1031 maguis

343 1053 436 1117 rebus
460 1063 581 1140 aptum,
608 1077 646 1121 ac
672 1057 816 1120 omnibus
842 1057 985 1142 quaesitis
1008 1056 1198 1141 respondere
1224 1063 1383 1140 paratum,

343 1164 468 1247 qualem
492 1165 719 1251 Philadelphus
742 1167 909 1231 Aristeum
934 1167 1080 1232 intimum
1105 1166 1331 1231 cubicularium
1354 1165 1387 1229 iu

314 1280 376 1336 5re
398 1273 458 1338 hae
480 1273 540 1338 sibi
562 1275 744 1359 delegitur
766 1274 966 1340 nobilissimae
988 1275 1187 1340 bibliothecae
1211 1274 1386 1359 proposuit,

342 1404 435 1465 quem
457 1384 499 1446 ad
520 1381 706 1446 Eleazarum
729 1381 874 1446 maximis
896 1404 968 1446 cunr
991 1383 1173 1447 muneribus
1194 1405 1253 1467 pro
1276 1383 1387 1447 tradu-

342 1492 442 1554 cenda
463 1491 621 1575 scriptura
642 1512 734 1555 sacra
755 1492 895 1575 legatum
917 1490 1023 1564 misit;
1047 1492 1098 1555 hic
1118 1492 1201 1556 idem
1219 1492 1386 1557 historiam

342 1599 546 1684 septuaginta
566 1599 775 1685 interpretum
798 1601 889 1685 plene
909 1602 1045 1686 scripsit.
1091 1602 1125 1666 Si
1143 1602 1242 1687 igitur
1262 1625 1302 1666 ex
1320 1623 1387 1667 cre·

342 1707 490 1771 dentibus
504 1709 536 1770 in
551 1707 714 1773 (lhristum
728 1710 844 1773 adhoc
867 1710 970 1794 ipsum
990 1711 1126 1774 officium
1148 1711 1296 1775 advocari
1314 1732 1387 1774 cou-

298 1817 458 1901 rotingct,
475 1838 537 1881 nou
557 1825 687 1901 spernat
706 1828 739 1882 et
759 1819 826 1902 ipse
847 1818 972 1883 litteras
992 1820 1157 1884 saculares
1172 1827 1206 1884 et
1219 1820 1386 1904 gentilium

343 1926 479 2010 ingenia,
495 1948 565 2010 quae
582 1927 760 2012 Principem
779 1928 952 1992 oblectant.
999 1929 1168 1993 Laudaudi
1187 1943 1263 1993 sunt
1283 1937 1387 2014 poetar

343 2037 375 2099 in
390 2036 608 2122 magnitudine
626 2038 751 2121 ingenii.
768 2039 800 2101 in
819 2039 1019 2103 inventorum
1038 2041 1193 2117 acumine,
1209 2041 1242 2104 in
1261 2062 1388 2125 expres·

343 2147 439 2211 sionis
455 2147 650 2233 proprietate
665 2154 698 2212 et
713 2148 892 2232 eloquentia
907 2171 1049 2226 summa;
1069 2150 1220 2215 laudandi
1233 2158 1388 2224 oratores,

344 2257 493 2321 laudandi
508 2257 686 2342 philosophi
706 2257 740 2320 in
757 2280 874 2342 genere
894 2280 973 2331 auo;
998 2259 1149 2324 laudandi
1164 2259 1319 2337 historici,
1333 2261 1388 2345 qui

301 2392 333 2452 ¹5
344 2373 507 2451 gestarum
526 2387 632 2430 rerum
651 2367 774 2440 seriem,
795 2369 951 2452 majorum
974 2390 1089 2445 mores,
1108 2375 1142 2433 et
1162 2368 1312 2433 instituta
1335 2391 1391 2432 no-

345 2475 394 2540 bis
415 2476 584 2561 explicant,
607 2477 661 2560 qui
684 2476 805 2540 vivendi
830 2498 975 2540 normam
1000 2499 1041 2541 ex
1065 2477 1268 2561 antiquorum
1290 2476 1390 2561 gestis

346 2586 528 2649 ostendunt.
574 2586 740 2651 Interdum
763 2597 797 2652 et
823 2588 946 2653 divinas
971 2587 1146 2674 scripturas
1171 2587 1294 2651 laudari
1322 2589 1390 2667 (for.

347 2699 479 2776 laudare)
495 2695 671 2771 conabitur,
694 2716 773 2780 quas
795 2696 877 2761 nrira
898 2696 1063 2780 diligentia
1083 2703 1118 2760 et
1137 2694 1314 2780 largissimo
1333 2695 1391 2758 im·

345 2803 461 2889 pendio
481 2803 673 2869 Ptolemaeus
695 2804 921 2889 Philadelphus
943 2807 975 2869 iu
997 2805 1137 2890 linguam
1159 2812 1303 2869 nostram
1323 2812 1390 2870 tra-

300 2939 337 2979 20
346 2913 418 2976 duci
442 2913 582 2984 curavit;
614 2913 796 2978 laudabitur
821 2930 854 2978 et
878 2914 1006 2979 interim
1034 2913 1241 2999 evangelium,
1263 2922 1392 2999 aposto·

345 3024 456 3108 lusque
483 3023 645 3108 (Paulus),
670 3047 728 3109 pro
754 3024 866 3088 divinis
894 3024 1047 3090 oraculis:
1081 3025 1244 3109 insurgere
1271 3023 1391 3108 poterit

346 3133 464 3198 Christi
487 3133 617 3210 mentio,
640 3133 850 3217 explicabitur
875 3133 1029 3219 paulatim
1052 3133 1121 3217 ejus
1147 3131 1216 3196 sols
1241 3131 1391 3196 divinitas

348 3249 419 3326 (rid.
436 3269 501 3326 pag.
516 3248 565 3306 81.
581 3249 638 3305 vol.
654 3249 754 3304 hurum
772 3245 934 3324 Reliquicr.
952 3245 1074 3325 primi);
1100 3241 1207 3302 omnia
1228 3240 1296 3302 haea
1317 3260 1389 3302 oum

347 3350 465 3415 Christi
479 3348 640 3432 adjutorio
652 3348 816 3431 provenire
832 3353 971 3430 possent.

302 3483 337 3543 ²5
390 3457 479 3520 Sciat
503 3478 579 3540 ergo
605 3454 656 3517 ille
680 3455 778 3519 libros
803 3475 921 3530 omues,
947 3477 1026 3538 quos
1056 3457 1207 3541 Princeps
1231 3456 1390 3534 habuerit,

347 3588 430 3650 saepe
449 3564 519 3627 illos
538 3563 688 3640 revolvat,
705 3572 738 3625 et
758 3584 815 3626 suo
833 3563 944 3626 ordine
958 3585 1016 3648 per
1030 3562 1164 3626 indicem
1181 3563 1311 3649 pulchre
1329 3564 1392 3628 dis

347 3682 464 3761 ponat:
494 3673 520 3736 si
543 3694 618 3736 vero
639 3693 736 3735 novos
759 3671 807 3735 vel
829 3680 953 3736 veteres
974 3671 1143 3735 transcribi
1165 3673 1300 3748 curabit,
1325 3680 1391 3737 stu·

347 3786 423 3849 dect
446 3779 718 3845 emendatissimos
740 3780 858 3845 habere
881 3780 1045 3853 librarios3
1078 3782 1162 3865 quod
1186 3782 1212 3845 si
1236 3780 1305 3845 lieri
1328 3803 1392 3845 non

348 3899 465 3976 potest,
481 3891 563 3955 viros
583 3890 695 3953 doctos
713 3890 755 3954 ad
770 3890 1001 3953 emendandum
1019 3888 1180 3973 disponat,
1195 3889 1318 3974 illisque
1333 3911 1391 3974 pro

300 4000 507 4093 301uboribus
521 3999 610 4083 juste
631 3999 824 4072 satisfaciat;
848 4006 972 4063 veteres
993 3998 1071 4062 item
1091 3997 1215 4061 codices
1234 4019 1292 4081 pro
1311 3998 1392 4062 indi-

347 4108 456 4194 gentia
476 4106 623 4171 resarciri
642 4115 801 4191 procuret,
816 4114 969 4190 ornetque
991 4127 1054 4168 non
1075 4113 1202 4169 tantum
1222 4106 1264 4169 ud
1285 4128 1393 4190 super·

347 4218 490 4284 stitiosos
507 4222 663 4299 sumptus,
677 4222 831 4298 quantum
845 4215 887 4278 ad
903 4214 981 4277 utile
996 4221 1228 4276 oruamentum.
1276 4213 1392 4298 Itaque

348 4325 442 4390 scribi
463 4325 496 4388 in
517 4323 683 4408 purpureis
704 4322 895 4387 membranis
916 4332 950 4384 et
969 4319 1085 4384 litteris
1107 4318 1212 4383 aureis
1231 4325 1319 4382 totos
1340 4341 1392 4383 co-

348 4435 445 4510 dices,
460 4433 520 4496 nisi
534 4431 713 4516 specialiter
730 4431 881 4514 Princeps
896 4427 1144 4500 demandaverit,
1162 4448 1225 4490 non
1242 4427 1390 4498 affectet3

301 4562 338 4621 35
349 4542 455 4605 onmia
470 4548 579 4605 tumen
593 4538 713 4604 (laesari
727 4545 832 4623 grata,
848 4535 988 4600 maxima
1005 4555 1077 4597 eum
1093 4533 1273 4598 obedientia
1287 4556 1393 4618 prose-

828 4664 917 4729 guz
