3700 5667
681 661 715 722 S.
733 662 1019 726 PAMPHILUS
1041 663 1077 726 M
1084 663 1264 728 ARTYR.
1432 668 1496 734 497

448 857 504 922 Da
523 859 622 923 eodem
643 861 740 945 Opem
761 862 806 924 itu
828 861 933 925 ambit
954 864 1119 947 Antipatm
1138 865 1307 928 Bostram}
1327 865 1497 950 Ερίισοριικ

491 969 526 1031 ιἰι
541 967 637 1033 Libro
647 971 752 1054 ρτίνιο
766 972 972 1055 Βοροίαίίοιιίς
986 973 1145 1059 Αροίομίιν
1159 972 1284 1037 Ειιςοδίί
1301 976 1497 1039 Curationum

486 1098 546 1160 pro
565 1079 701 1163 Οκίρσκο.

485 1211 586 1278 Ὥστε
606 1215 652 1292 δὴ,
669 1217 719 1279 ἵνα
735 1217 776 1295 μὴ
795 1219 926 1296 δόξωμεν
942 1219 1135 1297 ἐπεμβαίνειν
1149 1222 1190 1303 τῷ
1206 1219 1289 1298 ἀνδρὶ
1305 1222 1380 1301 (scii.
1399 1227 1492 1286 Euse-

421 1329 522 1401 5bi0),
541 1323 609 1403 περί
631 1325 673 1387 ῶν
691 1325 726 1388 οὐ
746 1328 896 1407 πρόκειται
917 1328 988 1406 ἡμῖν
1009 1329 1057 1391 ἐπὶ
1077 1333 1128 1390 τοῦ
1148 1331 1294 1406 παρόντος
1313 1329 1428 1410 λέγειν,
1445 1332 1495 1394 ίνα

445 1433 662 1510 βασανίζοντες
683 1435 758 1517 πρὸς
780 1438 936 1516 ἀκρίβειαν
957 1438 1011 1516 τὴν
1034 1437 1199 1519 γενομένην
1221 1440 1399 1521 ἀπολογίαν,
1416 1444 1494 1522 αίρε-

447 1542 542 1608 τικοδς
561 1541 764 1622 ἀποδείξωμεν
778 1545 846 1612 τοὺς
864 1546 1061 1627 ἀμφοτέρους,
1075 1548 1166 1610 αὐτόν
1180 1573 1212 1611 τε
1233 1549 1286 1612 τὸν
1301 1550 1494 1631 ἀπολογησά

445 1677 549 1730 μενον,
572 1655 620 1716 καὶ
641 1653 694 1717 τδν
715 1656 789 1734 ὑπὲρ
811 1656 881 1719 ὅταν
903 1655 957 1733 τὴν
980 1657 1148 1738 ἀπολογίαν
1171 1658 1323 1736 συνέταξε·
1371 1674 1420 1726 Καὶ
1439 1672 1496 1740 μεθ’

445 1771 520 1842 ἕτερα
536 1771 636 1842 (verba
649 1782 719 1828 suut
733 1768 939 1849 excerptoris).
967 1771 1077 1842 Δεῖξον
1091 1765 1201 1845 τρανὸν
1217 1765 1264 1828 καί
1278 1769 1493 1851 ἀναμφιβολόν

400 1871 514 1954 ιο(ίοτ.
535 1879 647 1954 τρανῶς
668 1873 718 1936 καὶ
739 1875 968 1954 ἀνσμφιβολῶς,
984 1881 1142 1939 secuudum
1165 1883 1299 1940 Latinam
1322 1885 1489 1964 interpret.)

444 2007 512 2045 τινα
533 1988 592 2045 τῶν
615 1986 666 2060 τῆς
690 1984 849 2060 ἐκκλησίας
872 1988 1027 2064 διαφανῶν
1050 1985 1250 2061 διδασκάλων,
1272 1987 1318 2050 δτι
1343 1990 1492 2071 προῦπάρ-

444 2119 553 2176 χουσιν
572 2096 603 2156 αἱ
622 2099 681 2158 τῶν
701 2095 864 2174 ἀνθρώπων
885 2096 994 2176 ψυχαί,
1016 2097 1246 2174 δογματίσαντα.
1271 2099 1319 2160 καὶ
1338 2099 1378 2177 μὴ
1397 2125 1493 2181 παρα-

443 2205 607 2283 λογισμοός
630 2229 712 2269 τινας
734 2205 898 2283 προφέρειν
920 2209 1011 2284 πειρῶ
1036 2207 1076 2269 είς
1100 2206 1259 2283 ἀπόδειξιν.
1290 2208 1324 2270 τὸ
1349 2213 1406 2288 γὰρ
1431 2215 1489 2275 δει-

445 2316 548 2376 κνύναι
570 2339 607 2376 σε
629 2316 777 2388 σπεύδειν,
801 2314 854 2391 τὴν
874 2318 926 2376 τοῦ
947 2316 1011 2376 vimi
1033 2314 1106 2391 πρὸς
1128 2315 1182 2378 τὸν
1203 2316 1316 2396 πατέρα
1338 2320 1491 2396 ὑπόβασιν

398 2440 409 2476 Ι
416 2441 432 2496 5
444 2426 551 2502 δμοίως
571 2424 647 2507 αὐτῷ
669 2426 750 2488 τινὰς
772 2425 933 2503 εἰρηκότας,
952 2427 1143 2503 πρῶτονμὲν
1164 2426 1198 2488 οὐ
1219 2430 1410 2505 ξενισθῶμεν·
1434 2437 1491 2493 σοῶ

443 2534 564 2614 γὰρκαὶ
582 2540 642 2597 τῶν
660 2536 728 2614 περὶ
747 2537 784 2597 σὲ
804 2536 821 2613 ἡ
843 2537 962 2612 τοιαύτη
977 2536 1059 2612 δόξα.
1081 2537 1152 2598 ὅθεν
1167 2536 1235 2614 περί
1253 2538 1357 2600 τούτου
1374 2541 1422 2602 ίπὶ
1439 2547 1489 2604 τοῦ

442 2647 589 2725 παρόντος
613 2648 705 2727 λόγος
729 2647 799 2724 ἡμῖν
826 2647 932 2720 οὐδεὶς,
958 2647 1053 2709 πόλοι
1078 2648 1134 2724 μὲν
1161 2649 1346 2734 οίκουμενικῇ
1371 2652 1489 2730 ζητήσει

442 2754 665 2832 ὑποβληθέντος
688 2753 723 2832 (l.
740 2754 978 2833 ἀποβληθέντος)
1005 2755 1052 2817 καί
1075 2755 1340 2838 ἀποκηρυχθέντος·
1365 2760 1405 2837 μὴ
1426 2760 1489 2824 πεί-

443 2866 551 2926 θεσθαι
576 2865 608 2926 δὲ
636 2866 670 2926 ἓν
696 2862 777 2942 (δίον
802 2869 957 2948 legendum
985 2871 1014 2927 iu
1040 2892 1130 2948 marg.
1157 2873 1357 2951 proponitur.)
1382 2873 1485 2957 τούτῳ,

396 2974 514 3051 ιομηδέ
533 2970 568 3035 δι’
585 2973 635 3038 οὓς
654 2977 747 3035 ταῦτα
767 2973 837 3051 ἡμῖν
854 2974 1005 3054 πρόκειται
1017 2977 1203 3050 βασανίζειν·
1226 2976 1260 3037 τὸ
1274 2979 1307 3039 δὲ
1322 2979 1420 3060 ψιλὴν
1434 2981 1489 3058 τὴν

441 3084 509 3164 περὶ
524 3085 624 3164 ἀρχῶν
644 3083 748 3162 φωνὴν
769 3083 959 3161 διαβάλλειν,
974 3085 1106 3162 οὐδαμῶς
1125 3086 1205 3164 παρό
1225 3111 1305 3153 τινος
1325 3089 1414 3170 μέχρι
1435 3096 1487 3153 τοῦ

443 3199 496 3256 νῶν
519 3190 658 3269 ἀκήκοας,
680 3189 703 3254 ῶ
727 3195 805 3256 δεινέ
830 3191 978 3272 συνήγορε
1003 3199 1064 3257 τοῖς
1087 3192 1265 3275 Ὠριγένους
1290 3197 1485 3275 ἀτοπήμασιν.

443 3306 555 3365 Extant
569 3304 630 3361 huto
644 3304 722 3383 apud
737 3305 900 3362 Concilium
918 3305 949 3361 N
953 3305 1072 3362 icaeuum
1091 3304 1218 3362 11.t0m.
1237 3306 1283 3362 vii.
1301 3308 1403 3365 Concil.
1420 3330 1486 3387 pag.

440 3413 511 3470 368.
527 3413 570 3470 ed.
589 3412 704 3470 Labboei
718 3419 743 3468 εί
761 3410 888 3468 Cossart.

396 3576 429 3631 ²5
478 3575 489 3628 1
536 3592 570 3629 ue
585 3593 618 3628 ne
630 3574 766 3628 videamur
778 3572 887 3643 aggredi
899 3573 938 3626 vi·
989 3571 1180 3642 subjectionem
1199 3573 1278 3626 etiam
1297 3572 1348 3627 sibi
1369 3575 1489 3631 similiter

441 3663 510 3707 rum,
543 3645 666 3715 equibus
680 3662 734 3697 uon
746 3654 786 3697 est
798 3643 875 3696 uobis
888 3644 938 3696 im·
989 3643 1091 3713 sliquos
1112 3642 1256 3710 perhibere,
1273 3644 1359 3712 primo
1378 3645 1486 3715 quidem

440 3715 641 3784 praesentiarum
649 3713 753 3768 dicendi
762 3713 938 3783 propositum,
989 3730 1043 3765 non
1063 3713 1205 3765 miremur:
1225 3720 1272 3767 tua
1291 3723 1330 3766 est
1349 3724 1375 3769 et
1394 3732 1485 3769 eorum

440 3802 506 3839 neve
519 3784 689 3838 discutientes
706 3783 858 3852 diligentius
875 3801 938 3851 ορο-
1008 3783 1035 3833 ui
1059 3782 1127 3835 circa
1151 3791 1176 3834 te
1204 3791 1275 3844 sunt,
1300 3784 1359 3836 talis
1387 3785 1486 3854 opinio.

440 3854 538 3923 logiam
560 3872 620 3925 quae
642 3855 710 3908 sacta
732 3861 781 3914 est,
800 3853 938 3906 haereticos
989 3801 1070 3905 ἀλαός
1089 3870 1137 3905 nec
1155 3870 1235 3920 super
1250 3852 1302 3906 hoc
1317 3853 1345 3906 iu
1363 3856 1486 3923 praesenti

394 3923 612 3991 toustendumus
624 3934 776 3993 utrumque,
786 3923 875 3992 ipsum
887 3923 938 3975 sci·
989 3922 1066 3975 nobis
1083 3924 1154 3975 ullus
1170 3931 1210 3975 est
1226 3940 1322 3985 sermo,
1335 3941 1397 3977 cum
1414 3925 1486 3979 vide·

391 3981 397 3992 ’
439 3993 499 4047 licet
523 3993 569 4064 qui
593 3994 736 4055 excusarit,
755 4002 781 4045 et
805 4010 865 4045 eum
890 3993 937 4113 iiiii
987 3991 1047 4044 licet
1067 3992 1209 4044 universali
1235 3992 1269 4045 sit
1290 3993 1353 4045 olim
1375 3994 1486 4064 inquisi-

439 4081 488 4132 pro
500 4080 531 4115 eo
543 4063 739 4115 excusationem
749 4062 878 4130 exposuit.
916 4061 937 4114 't
986 4061 1058 4113 tione
1077 4063 1222 4129 projectum
1242 4070 1321 4131 atque
1338 4065 1485 4130 repulsum.

438 4143 499 4213 post
510 4133 569 4185 ulia.
600 4131 718 4185 Ostende
731 4149 891 4201 quemquam
904 4149 936 4182 ex
989 4130 1022 4181 Et
1052 4147 1106 4181 nun
1136 4129 1199 4183 huic
1229 4129 1375 4191 obediatur,
1400 4149 1482 4202 nequo

438 4201 586 4255 illustribus
605 4202 720 4254 ecclesiae
738 4200 872 4279 magistris
890 4200 936 4269 qui
987 4198 1143 4250 discutiatur
1162 4209 1268 4266 propter
1286 4216 1339 4259 eos,
1360 4216 1407 4268 pro
1426 4203 1484 4270 qui·

391 4286 406 4339 3
411 4285 559 4343 50¹1rresse
580 4281 606 4323 et
627 4270 843 4327 indubitabiliter.
863 4268 936 4339 quud
987 4268 1038 4320 bus
1063 4268 1121 4319 haec
1147 4268 1223 4319 nobis
1250 4268 1385 4335 proposita
1412 4280 1484 4322 suut.

438 4341 606 4409 praeexistant
622 4341 725 4397 animae.
742 4339 935 4407 dogmatizave—
987 4336 1070 4390 Porro
1093 4354 1166 4404 ματα
1187 4337 1245 4388 voci
1267 4354 1327 4406 quae
1351 4347 1391 4390 est
1413 4338 1484 4392 Peri·

438 4411 479 4472 rit,
499 4421 525 4462 rt
546 4427 579 4463 ue
601 4408 784 4477 subreptiones
806 4407 934 4477 quasdam
985 4406 1085 4458 archon
1095 4405 1206 4468 detrahi,
1216 4423 1484 4527 neqrurguamaquo·

438 4479 554 4549 proferre
577 4488 662 4531 tentes
686 4477 720 4530 ad
741 4476 936 4546 comprobatio-
986 4493 1067 4546 quum
1082 4493 1167 4545 usque
1179 4491 1251 4527 nuuc
1267 4492 1301 4527 au
1322 4475 1373 4537 isti,
1388 4476 1485 4531 Oscor

438 4566 509 4602 uem.
547 4547 618 4601 illud
639 4548 710 4600 enim
732 4546 804 4627 quod
826 4546 936 4600 demon·
986 4545 1113 4598 advocate
1126 4544 1252 4614 origenis
1264 4545 1432 4613 pravitatum.

390 4632 429 4684 40
438 4628 521 4671 strare
547 4618 664 4680 festinas,
690 4617 748 4669 Filit
772 4615 806 4670 ad
832 4616 936 4671 Putrem

482 4725 547 4764 τοι.
565 4726 610 4764 ur.
1002 4720 1021 4783 3
1038 4722 1053 4760 Β
