3700 5667
738 1512 1333 1611 ANNOTATIONES

562 1814 622 1895 lN
657 1812 925 1894 DlONYSII
960 1813 1085 1894 ROM
1132 1812 1520 1894 EXCERPTUM.

556 2296 595 2359 P.
610 2312 684 2380 373.
700 2294 720 2357 l.
741 2314 766 2357 1.
785 2246 951 2379 Dronrsul
970 2294 1051 2358 llum
1073 2302 1234 2360 narrasset
1256 2292 1414 2357 Eusebius
1435 2314 1478 2356 ex
1498 2291 1564 2377 epi-

510 2397 595 2462 stola
627 2395 771 2480 Dionysii
802 2394 1012 2460 Alexandrini
1045 2396 1088 2458 nd
1116 2393 1335 2480 eognominem
1368 2393 1563 2467 Romanum,

444 2514 447 2521 ’
510 2500 564 2563 lib.
580 2500 632 2562 vii.
654 2500 737 2563 Hei.
758 2497 842 2562 Eerl.
866 2520 936 2582 oap.
953 2502 982 2560 8.
998 2498 1101 2581 ipsum
1123 2498 1207 2560 huno
1223 2497 1402 2560 Romanurn
1416 2496 1563 2560 testimo

511 2603 564 2666 nio
581 2600 789 2667 Alexandrini
810 2590 954 2685 praesulis
971 2600 1208 2663 eruditissimum
1223 2599 1375 2684 planeque
1394 2598 1561 2662 adnuimu-

511 2706 584 2770 dam
604 2706 706 2768 virum
727 2703 833 2775 luisse,
850 2704 967 2766 Petrus
987 2701 1205 2778 coustantius,
1222 2701 1276 2787 qui
1297 2701 1329 2764 in
1350 2703 1562 2764 Rornanorum

511 2806 658 2890 uenale
691 2805 873 2886 Pontificum
906 2812 1103 2888 excerptum,
1138 2805 1221 2889 quod
1256 2803 1409 2888 sequitur,
1440 2802 1561 2889 Diony·

512 2905 636 2968 sianum
665 2904 781 2988 posuit,
810 2905 878 2968 haee
911 2904 1088 2969 adnotavit.
1124 2914 1144 2940 “
1159 2904 1359 2969 Eruditionis
1391 2904 1562 2990 singularis

513 3017 532 3045 “
549 3008 685 3081 laudem,
702 3028 797 3090 quarn
814 3007 972 3070 Eusebius
992 3006 1135 3091 Dionysii
1151 3006 1361 3070 Alexandrini
1376 3006 1561 3071 testimonio

513 3120 533 3146 “
549 3111 648 3175 fultus
663 3109 818 3193 Dionysio
834 3118 945 3173 nostro
960 3108 1122 3185 attribuit,
1134 3108 1181 3172 vel
1196 3109 1280 3193 quod
1296 3131 1336 3172 ex
1351 3108 1419 3194 ejus
1433 3108 1562 3192 seriptis

514 3220 694 3299 “superest
716 3211 941 3297 fragmentum,
964 3211 1009 3274 illi
1031 3210 1109 3274 satis
1131 3233 1287 3295 superque
1309 3210 1465 3275 eonniliat.
1520 3210 1560 3274 In

512 3325 533 3355 “
549 3338 586 3380 eo
607 3317 682 3378 dum
705 3314 885 3378 Sabelliana
902 3312 1071 3397 profligare
1089 3313 1199 3377 studet
1213 3321 1404 3389 oommenta,
1420 3313 1513 3376 simul
1527 3320 1561 3377 et

513 3418 621 3481 “Arii
642 3425 675 3481 et
694 3416 926 3480 Tritheitarum
948 3415 1066 3501 plaoita
1089 3417 1253 3500 praevertit
1275 3425 1372 3503 atque
1394 3416 1560 3501 pervertit,

513 3533 534 3559 “
550 3544 588 3584 ao
611 3520 747 3583 Nioaenae
770 3519 900 3603 synodo,
924 3540 1021 3602 quam
1043 3527 1156 3602 postea
1177 3528 1363 3604 sequeretur
1384 3519 1561 3603 aetatisque

513 3632 531 3659 “
549 3622 741 3705 sequendam
768 3621 953 3684 decerneret
978 3620 1085 3698 fidem,
1109 3621 1397 3704 praemonstravit?
1424 3622 1461 3684 P.
1488 3639 1561 3702 271.

515 3724 579 3786 Sed
603 3722 663 3785 hoo
687 3723 756 3785 loeo
782 3722 909 3785 minime
936 3722 1115 3787 omittenda
1137 3731 1222 3800 sunt,
1246 3745 1317 3809 quae
1342 3723 1426 3786 idem
1450 3722 1562 3786 attulit

514 3823 722 3886 Constantius
751 3823 794 3885 ad
823 3823 976 3908 o1iginen1
1005 3823 1135 3906 hujusne
1163 3823 1273 3910 soripti
1306 3822 1500 3909 pertinentia
1529 3823 1561 3886 in

515 3924 639 3989 Notitia
654 3924 871 4010 Epistolarum
888 3925 1034 4009 Dionysii
1050 3925 1196 3989 Romani.

558 4037 579 4066 “
595 4028 762 4112 Dt'enyeias
778 4027 1011 4091 Alennndrinue
1028 4029 1159 4105 antistes,
1175 4027 1228 4091 ets·
1241 4029 1329 4114 apud
1345 4027 1564 4092 Ptolemaidem

513 4142 533 4170 “
551 4132 746 4218 Pentapoleos
764 4129 866 4195 urbem
886 4140 1020 4194 ennmm
1039 4132 1163 4194 audivit
1183 4130 1316 4196 Sabellis·
1334 4131 1565 4216 deretinquere

513 4244 533 4273 “
549 4245 661 4299 sainte
688 4235 853 4300 Trinitatis
870 4254 1020 4317 personas
1044 4232 1256 4316 eonfrnsdedot,
1283 4234 1322 4298 de
1346 4233 1405 4298 tae
1426 4233 1470 4296 X
1463 4242 1564 4316 ystrum

514 4342 536 4372 “
545 4357 666 4420 pepone
680 4335 831 4398 certiorem
840 4333 958 4415 faeere,
973 4343 1001 4397 et
1015 4334 1164 4417 quaedam
1176 4356 1211 4398 ea
1227 4335 1264 4398 de
1278 4356 1373 4398 censa
1386 4333 1526 4419 epistolas
1542 4353 1564 4395 a

514 4445 536 4474 “
552 4458 581 4498 ae
601 4436 783 4520 eonnniptas
802 4435 832 4498 ei
851 4435 966 4497 mittere
976 4435 1148 4517 festinavit.
1201 4438 1289 4501 'I'este
1308 4447 1410 4502 antem
1423 4434 1563 4509 Eusebio,

515 4545 535 4574 ‘⁴
551 4559 571 4599 a
584 4537 733 4618 Dionysio
748 4534 962 4598 Alexandrino
973 4537 1115 4620 epistolae
1127 4546 1240 4602 eontra
1252 4539 1423 4603 Sabellium
1436 4536 1563 4622 seriptae
