3700 5667
458 648 509 709 IN
535 647 566 709 S.
584 647 815 709 CORNELII
842 648 1160 711 FRAGMENTA.
1290 653 1332 712 85

286 816 409 901 Moysis
439 815 652 879 Novatianum
681 816 780 879 secuti
810 823 894 879 sunt.
953 818 1059 897 Quare
1088 840 1151 879 non
1180 818 1338 881 assentior

285 918 435 994 Beronio,
460 918 514 1001 qui
537 918 578 980 ad
601 939 719 980 annum
741 917 859 981 Christi
877 934 950 1000 254.
974 940 1105 981 numero
1121 922 1172 981 66.
1195 919 1242 982 ait
1265 941 1337 981 con·

284 1021 419 1083 sessores
433 1021 537 1083 adhuc
552 1020 585 1082 iu
603 1042 729 1083 carcere
751 1019 881 1102 positos,
898 1019 1080 1084 Novatiano
1095 1021 1247 1082 adversus
1261 1020 1337 1083 Cor-

285 1116 400 1180 nelium
416 1117 540 1180 favisse.
573 1116 636 1178 Sed
652 1138 753 1199 neque
769 1116 845 1178 illud
862 1116 962 1179 libens
976 1116 1114 1180 Baronio
1129 1116 1336 1180 concesserim

287 1218 372 1301 quod
387 1217 505 1279 ibidem
520 1216 631 1280 scribit
647 1217 791 1299 Moysem
813 1217 931 1280 scilicet
952 1219 1172 1301 presbyterum
1189 1218 1336 1283 Cornelio

285 1319 399 1383 favisse
417 1319 568 1382 adversus
584 1319 808 1381 Novatianum.
856 1319 938 1381 Mihi
959 1320 1042 1382 enim
1063 1320 1189 1384 videtur
1204 1320 1336 1404 Moyses

285 1422 380 1506 paulo
402 1428 478 1484 ante
501 1421 732 1483 ordinationem
755 1420 892 1483 Cornelii
908 1443 925 1484 a
941 1421 1018 1485 vivis
1041 1423 1165 1486 abiisse.
1212 1423 1335 1508 Quippe

285 1522 452 1586 Cornelius
474 1544 558 1584 anno
581 1522 698 1585 Christi
723 1542 795 1604 251.
820 1522 919 1585 Decio
944 1525 1093 1606 Augusto
1115 1544 1146 1607 3.
1174 1532 1207 1587 et
1234 1525 1335 1587 Decio

285 1624 411 1688 Caesare
422 1626 512 1687 Coss.
524 1646 631 1686 mense
644 1623 747 1707 Aprili
760 1624 855 1706 juxta
871 1624 1001 1686 Baronii
1016 1626 1217 1702 sententiam,
1231 1626 1335 1690 laetus

284 1734 334 1790 est
349 1727 533 1810 episcopus:
560 1726 688 1809 Moyses
699 1747 773 1788 vero
788 1747 893 1788 menso
911 1727 1087 1789 Februario
1103 1728 1242 1810 ejusdem
1259 1728 1335 1791 anni

284 1850 302 1891 e
318 1829 384 1891 vita
399 1827 598 1903 discesserat,
614 1849 685 1890 cum
700 1827 775 1890 anni
791 1828 896 1911 spatio
918 1828 950 1889 in
966 1850 1091 1892 carcere
1111 1831 1336 1913 permansisset

284 1937 322 1993 ut
337 1952 433 2013 supra
449 1930 620 1993 observavi.
668 1932 770 1992 Porro
785 1952 824 1992 ex
840 1929 978 2014 quinque
994 1930 1054 1993 illis
1074 1932 1267 2014 presbyteris
1283 1933 1335 2015 qui

284 2050 356 2095 curn
376 2030 556 2095 Novatiano
578 2032 619 2094 ab
640 2030 771 2094 ecclesia
795 2053 829 2094 se
853 2040 1108 2115 segregaverant,
1135 2055 1216 2095 unus
1241 2034 1336 2097 luisse

283 2135 411 2198 videtur
426 2135 589 2197 Maximus
606 2135 780 2218 presbyter,
799 2133 945 2195 Mardmo
965 2133 1008 2195 illi
1030 2134 1200 2196 confessori
1221 2157 1336 2220 cogno·

285 2236 398 2307 minis;
424 2257 517 2319 quem
534 2235 732 2298 Novatianus
748 2235 887 2318 legatum
904 2242 1017 2318 postea
1032 2234 1118 2297 misit
1134 2234 1164 2296 in
1182 2235 1335 2300 Africam.

286 2338 452 2400 Vasrsrus.
502 2337 562 2416 Qui
589 2337 653 2400 sint
678 2336 720 2399 illi
745 2337 883 2420 quinque
907 2336 1084 2421 presbyteri
1110 2336 1257 2413 Romani,
1281 2336 1335 2420 qui

283 2462 356 2504 cum
374 2439 554 2502 Novatiano
577 2461 645 2502 sese
667 2439 708 2501 ab
733 2437 864 2501 ecclesia
890 2444 1110 2521 segregarunt,
1133 2437 1192 2499 sibi
1217 2438 1333 2500 incom-

283 2551 410 2627 pertum
436 2540 583 2604 Valesius
605 2542 734 2604 latetur.
782 2539 961 2602 Maximum
984 2548 1091 2602 tamen
1115 2540 1334 2624 presbyterum

285 2644 432 2706 Maximo
447 2642 617 2705 consessori
633 2641 862 2725 cognominem,
874 2663 967 2723 quem
979 2640 1177 2704 Novatianus
1192 2642 1334 2726 legatum

283 2756 397 2830 postea
426 2744 511 2808 misit
541 2744 573 2806 in
603 2744 758 2815 Africam,
790 2743 905 2826 quique
938 2743 1135 2827 Carthagine
1169 2743 1335 2828 episcopus

283 2847 450 2909 ordinatus
465 2854 525 2921 est,
541 2868 638 2908 unum
653 2869 693 2909 ox
715 2846 776 2908 illis
791 2845 886 2907 luisse
908 2845 1068 2928 opinatur.
1114 2846 1334 2909 Tillemontius

284 2948 373 3011 Hist.
389 2947 473 3010 Eccl.
490 2953 568 3010 tom.
585 2947 628 3010 iii.
645 2969 717 3031 pag.
732 2966 805 3026 442.
823 2947 895 3010 huic
910 2949 1003 3030 adjici
1027 2971 1119 3032 posse
1141 2957 1236 3033 putat
1252 2950 1333 3034 Hip·

283 3049 438 3132 polytum‚
456 3048 509 3131 qui
529 3048 703 3111 Prudentio
718 3056 812 3119 testo,
826 3050 1008 3113 Novatiano
1024 3052 1159 3134 primum
1176 3053 1334 3129 addictus,

282 3174 321 3214 ac
337 3152 538 3234 postmodum
555 3151 691 3214 schisma
706 3152 774 3233 ejus
790 3151 981 3225 detestatus,
998 3151 1100 3214 labem
1116 3152 1201 3215 illam
1218 3153 1333 3215 celebri

282 3253 437 3335 martyrio
452 3252 615 3315 abstersit.
662 3252 726 3313 Hic
741 3253 928 3329 cavendum,
939 3275 978 3314 ne
991 3253 1129 3335 quinque
1144 3254 1332 3337 presbyteri,

283 3376 363 3438 quos
381 3355 509 3436 Moyses
524 3362 647 3436 martyr
661 3375 681 3416 a
697 3353 914 3416 communione
931 3375 988 3415 sua
1003 3354 1190 3436 segregavit,
1207 3376 1277 3415 cum
1295 3354 1335 3416 iis

282 3456 521 3519 confundantur
550 3456 687 3538 quinque
723 3455 917 3538 presbyteris
954 3454 1102 3517 factionis
1136 3455 1265 3530 Novati,
1295 3456 1335 3517 de

283 3557 399 3640 quibus
413 3555 590 3640 Cyprianus
612 3565 681 3620 tum
705 3557 787 3618 inlra
808 3556 912 3639 Epist.
933 3575 980 3618 12.
998 3556 1038 3618 ad
1055 3555 1246 3631 Cornelium,
1265 3564 1334 3620 tum

283 3657 388 3740 Epist.
417 3677 469 3732 40.
495 3657 536 3719 ad
562 3657 685 3741 plebem
709 3679 799 3720 suam
825 3658 917 3741 plura
944 3657 1099 3721 edisserit.
1145 3657 1190 3720 Hi
1219 3658 1335 3742 quippo

283 3759 370 3833 Afri,
386 3758 429 3821 illi
445 3758 602 3831 Romani:
636 3761 668 3822 hi
689 3759 894 3832 Felicissimo,
919 3758 962 3821 illi
987 3759 1167 3823 Novatiano
1189 3762 1332 3832 addicti;

281 3883 392 3945 pacem
418 3861 449 3923 hi
473 3862 691 3925 concedebant
711 3860 806 3945 lapsis
825 3860 909 3922 nullt
933 3867 1045 3925 exacta
1069 3862 1266 3944 paenitentia,
1290 3864 1334 3925 illi

282 3962 380 4027 etiam
396 3963 624 4047 poenitentibus
644 3964 812 4048 negabant.
838 3963 1011 4026 Cousrsur.
1057 3964 1263 4028 Constantius
1283 3987 1334 4027 su·

282 4086 341 4148 pra
354 4072 529 4140 monuerat,
544 4063 573 4126 N
575 4065 712 4128 ovatiani
730 4066 866 4128 schisma
879 4066 1004 4148 Moysis
1020 4074 1122 4129 morte
1137 4065 1224 4150 prius
1237 4067 1333 4129 luisse

282 4165 462 4230 Cornelium
489 4166 548 4229 hoc
574 4166 644 4230 loco
667 4168 801 4240 testari;
834 4167 1057 4249 Valesiusque,
1082 4167 1158 4250 quin
1183 4173 1216 4229 et
1237 4166 1334 4229 Pear·

281 4269 389 4330 senius
417 4268 449 4330 in
480 4267 595 4331 Annal.
628 4269 778 4351 Cypm'oa
805 4270 846 4331 ad
873 4291 924 4331 an.
952 4284 1023 4350 251.
1056 4269 1085 4348 ξ.
1106 4287 1132 4329 1.
1160 4268 1333 4331 Novatiani

281 4369 418 4433 schisma
448 4376 581 4453 proptor
609 4369 769 4454 lapsorum
799 4369 1013 4453 receptionem
1046 4376 1123 4431 ante
1153 4369 1334 4433 Cornelium

281 4470 463 4556 episcopum
478 4471 598 4534 factum
614 4470 784 4553 contigisse
799 4478 968 4544 statuunt3
991 4470 1041 4532 eui
1056 4469 1180 4553 quidem
1195 4470 1334 4553 opinioni

281 4594 349 4636 sese
375 4573 508 4659 opponit
536 4572 755 4660 Tillemontius
782 4579 847 4635 not.
874 4590 944 4634 ιιι.
970 4571 1001 4632 in
1030 4571 1211 4646 Caesetium,
1238 4573 1334 4637 Mem.
