<?xml version="1.0" encoding="UTF-8"?>
<!DOCTYPE html PUBLIC "-//W3C//DTD XHTML 1.0 Transitional//EN"
    "http://www.w3.org/TR/xhtml1/DTD/xhtml1-transitional.dtd">
<html xmlns="http://www.w3.org/1999/xhtml" xml:lang="en" lang="en">
 <head>
  <title>
</title>
<meta http-equiv="Content-Type" content="text/html;charset=utf-8" />
  <meta name='ocr-system' content='tesseract 3.04.00' />
  <meta name='ocr-capabilities' content='ocr_page ocr_carea ocr_par ocr_line ocrx_word'/>
</head>
<body>
  <div class='ocr_page' id='page_1' title='image "./reliquiaesacrae08routgoog_0527.png"; bbox 0 0 3700 5667; ppageno 0'>
   <div class='ocr_carea' id='block_1_1' title="bbox 678 664 1494 736">
    <p class='ocr_par' dir='ltr' id='par_1_1' title="bbox 678 664 1494 736">
     <span class='ocr_line' id='line_1_1' title="bbox 678 664 1494 736; baseline 0.011 -9"><span class='ocrx_word' id='word_1_1' title='bbox 678 665 710 727; x_wconf 90' lang='lat' dir='ltr'>S.</span> <span class='ocrx_word' id='word_1_2' title='bbox 727 664 1013 728; x_wconf 81' lang='lat' dir='ltr'><strong>PAMPHILUS</strong></span> <span class='ocrx_word' id='word_1_3' title='bbox 1039 664 1262 728; x_wconf 85' lang='lat' dir='ltr'><strong>MARTYR.</strong></span> <span class='ocrx_word' id='word_1_4' title='bbox 1430 669 1494 736; x_wconf 78' lang='lat'>493</span> 
     </span>
    </p>
   </div>
   <div class='ocr_carea' id='block_1_2' title="bbox 402 836 1498 3133">
    <p class='ocr_par' dir='ltr' id='par_1_2' title="bbox 402 836 1498 3133">
     <span class='ocr_line' id='line_1_2' title="bbox 451 836 1495 919; baseline 0.005 -21"><span class='ocrx_word' id='word_1_5' title='bbox 451 836 646 915; x_wconf 77' lang='grc' dir='ltr'>ἀπαρτίζεται·</span> <span class='ocrx_word' id='word_1_6' title='bbox 682 836 730 899; x_wconf 87' lang='grc' dir='ltr'>καὶ</span> <span class='ocrx_word' id='word_1_7' title='bbox 755 837 845 899; x_wconf 83' lang='grc' dir='ltr'>ἀλλοι</span> <span class='ocrx_word' id='word_1_8' title='bbox 870 837 903 899; x_wconf 83' lang='grc' dir='ltr'>δέ</span> <span class='ocrx_word' id='word_1_9' title='bbox 930 840 1068 900; x_wconf 87' lang='grc' dir='ltr'>πλεῖστοι</span> <span class='ocrx_word' id='word_1_10' title='bbox 1095 838 1156 899; x_wconf 81' lang='grc' dir='ltr'>κατ’</span> <span class='ocrx_word' id='word_1_11' title='bbox 1183 839 1280 900; x_wconf 89' lang='grc' dir='ltr'>ἐκεῖνο</span> <span class='ocrx_word' id='word_1_12' title='bbox 1308 841 1419 919; x_wconf 83' lang='grc' dir='ltr'>καιροῦ,</span> <span class='ocrx_word' id='word_1_13' title='bbox 1447 841 1495 903; x_wconf 77' lang='grc' dir='ltr'>καῖ</span> 
     </span>
     <span class='ocr_line' id='line_1_3' title="bbox 451 945 1495 1029; baseline 0.008 -23"><span class='ocrx_word' id='word_1_14' title='bbox 451 946 691 1026; x_wconf 74' lang='grc' dir='ltr'>ἀξιολογώτατοι,</span> <span class='ocrx_word' id='word_1_15' title='bbox 717 946 884 1028; x_wconf 77' lang='grc' dir='ltr'>ἀπολογίας</span> <span class='ocrx_word' id='word_1_16' title='bbox 906 947 980 1026; x_wconf 86' lang='grc' dir='ltr'>ύπέρ</span> <span class='ocrx_word' id='word_1_17' title='bbox 1005 945 1093 1010; x_wconf 84' lang='grc' dir='ltr'>αιἰτοιῖ</span> <span class='ocrx_word' id='word_1_18' title='bbox 1117 947 1326 1026; x_wconf 72' lang='grc' dir='ltr'>συνετάξαντο.</span> <span class='ocrx_word' id='word_1_19' title='bbox 1359 951 1436 1029; x_wconf 81' lang='grc' dir='ltr'>φασὶ</span> <span class='ocrx_word' id='word_1_20' title='bbox 1462 953 1495 1014; x_wconf 83' lang='grc' dir='ltr'>δέ</span> 
     </span>
     <span class='ocr_line' id='line_1_4' title="bbox 449 1055 1497 1142; baseline 0.01 -25"><span class='ocrx_word' id='word_1_21' title='bbox 449 1055 677 1138; x_wconf 84' lang='grc' dir='ltr'>τὸνὨριγένην</span> <span class='ocrx_word' id='word_1_22' title='bbox 692 1059 802 1124; x_wconf 89' lang='grc' dir='ltr'>ἐντοῖς</span> <span class='ocrx_word' id='word_1_23' title='bbox 821 1060 896 1122; x_wconf 75' lang='grc' dir='ltr'>κατὰ</span> <span class='ocrx_word' id='word_1_24' title='bbox 917 1061 1048 1140; x_wconf 76' lang='grc' dir='ltr'>Σευῆρον</span> <span class='ocrx_word' id='word_1_25' title='bbox 1070 1063 1208 1141; x_wconf 79' lang='grc' dir='ltr'>διωγμοῖς</span> <span class='ocrx_word' id='word_1_26' title='bbox 1228 1059 1344 1142; x_wconf 69' lang='grc' dir='ltr'>γράψαι</span> <span class='ocrx_word' id='word_1_27' title='bbox 1363 1064 1497 1141; x_wconf 75' lang='grc' dir='ltr'>Λεωνίδῃ</span> 
     </span>
     <span class='ocr_line' id='line_1_5' title="bbox 448 1167 1498 1253; baseline 0.009 -25"><span class='ocrx_word' id='word_1_28' title='bbox 448 1170 488 1253; x_wconf 77' lang='grc' dir='ltr'>τῷ</span> <span class='ocrx_word' id='word_1_29' title='bbox 506 1171 605 1248; x_wconf 75' lang='grc' dir='ltr'>πατρὶ,</span> <span class='ocrx_word' id='word_1_30' title='bbox 620 1170 827 1250; x_wconf 86' lang='grc' dir='ltr'>ἐπαλείφοντσ</span> <span class='ocrx_word' id='word_1_31' title='bbox 843 1167 917 1249; x_wconf 81' lang='grc' dir='ltr'>πρὸς</span> <span class='ocrx_word' id='word_1_32' title='bbox 936 1169 989 1233; x_wconf 86' lang='grc' dir='ltr'>τὸν</span> <span class='ocrx_word' id='word_1_33' title='bbox 1010 1175 1063 1234; x_wconf 83' lang='grc' dir='ltr'>τοῦ</span> <span class='ocrx_word' id='word_1_34' title='bbox 1082 1171 1241 1251; x_wconf 74' lang='grc' dir='ltr'>μαρτυρίου</span> <span class='ocrx_word' id='word_1_35' title='bbox 1262 1173 1381 1250; x_wconf 87' lang='grc' dir='ltr'>δρόμον,</span> <span class='ocrx_word' id='word_1_36' title='bbox 1398 1171 1435 1237; x_wconf 84' lang='grc' dir='ltr'>δν</span> <span class='ocrx_word' id='word_1_37' title='bbox 1450 1174 1498 1237; x_wconf 80' lang='grc' dir='ltr'>καὶ</span> 
     </span>
     <span class='ocr_line' id='line_1_6' title="bbox 421 1281 1497 1363; baseline 0.007 -21"><span class='ocrx_word' id='word_1_38' title='bbox 421 1284 547 1345; x_wconf 86' lang='grc' dir='ltr'>5καλῶς</span> <span class='ocrx_word' id='word_1_39' title='bbox 566 1281 706 1360; x_wconf 89' lang='grc' dir='ltr'>δραμόντι</span> <span class='ocrx_word' id='word_1_40' title='bbox 726 1285 784 1343; x_wconf 83' lang='grc' dir='ltr'>τῶν</span> <span class='ocrx_word' id='word_1_41' title='bbox 803 1281 959 1360; x_wconf 91' lang='grc' dir='ltr'>βραβείων</span> <span class='ocrx_word' id='word_1_42' title='bbox 978 1287 1081 1363; x_wconf 79' lang='grc' dir='ltr'>τυχεῖν</span> <span class='ocrx_word' id='word_1_43' title='bbox 1101 1282 1264 1363; x_wconf 73' lang='grc' dir='ltr'>ἐξεγένετο·</span> <span class='ocrx_word' id='word_1_44' title='bbox 1289 1284 1337 1347; x_wconf 85' lang='grc' dir='ltr'>καὶ</span> <span class='ocrx_word' id='word_1_45' title='bbox 1357 1285 1497 1350; x_wconf 70' lang='grc' dir='ltr'>αὑτὸνδὲ</span> 
     </span>
     <span class='ocr_line' id='line_1_7' title="bbox 448 1390 1498 1476; baseline 0.008 -24"><span class='ocrx_word' id='word_1_46' title='bbox 448 1391 658 1453; x_wconf 80' lang='grc' dir='ltr'>ἀποδύσασθαι</span> <span class='ocrx_word' id='word_1_47' title='bbox 679 1391 819 1454; x_wconf 79' lang='grc' dir='ltr'>σπεύδειν</span> <span class='ocrx_word' id='word_1_48' title='bbox 838 1390 912 1471; x_wconf 82' lang='grc' dir='ltr'>πρὸς</span> <span class='ocrx_word' id='word_1_49' title='bbox 931 1390 965 1453; x_wconf 85' lang='grc' dir='ltr'>τὸ</span> <span class='ocrx_word' id='word_1_50' title='bbox 985 1397 1044 1455; x_wconf 83' lang='grc' dir='ltr'>τῶν</span> <span class='ocrx_word' id='word_1_51' title='bbox 1064 1393 1279 1473; x_wconf 78' lang='grc' dir='ltr'>ἀγωνισμάτων</span> <span class='ocrx_word' id='word_1_52' title='bbox 1294 1395 1426 1469; x_wconf 80' lang='grc' dir='ltr'>στάδιον,</span> <span class='ocrx_word' id='word_1_53' title='bbox 1443 1397 1498 1476; x_wconf 75' lang='grc' dir='ltr'>τὴν</span> 
     </span>
     <span class='ocr_line' id='line_1_8' title="bbox 448 1498 1496 1586; baseline 0.009 -25"><span class='ocrx_word' id='word_1_54' title='bbox 448 1501 481 1562; x_wconf 76' lang='grc' dir='ltr'>δέ</span> <span class='ocrx_word' id='word_1_55' title='bbox 499 1498 611 1578; x_wconf 82' lang='grc' dir='ltr'>μητέρα</span> <span class='ocrx_word' id='word_1_56' title='bbox 633 1498 681 1562; x_wconf 79' lang='grc' dir='ltr'>καὶ</span> <span class='ocrx_word' id='word_1_57' title='bbox 701 1500 812 1563; x_wconf 85' lang='grc' dir='ltr'>ἀκοντα</span> <span class='ocrx_word' id='word_1_58' title='bbox 827 1503 986 1579; x_wconf 75' lang='grc' dir='ltr'>δυνηθῆναι</span> <span class='ocrx_word' id='word_1_59' title='bbox 1003 1504 1055 1578; x_wconf 79' lang='grc' dir='ltr'>τῆς</span> <span class='ocrx_word' id='word_1_60' title='bbox 1069 1503 1159 1582; x_wconf 82' lang='grc' dir='ltr'>ὁρμῆς</span> <span class='ocrx_word' id='word_1_61' title='bbox 1177 1504 1323 1586; x_wconf 87' lang='grc' dir='ltr'>ἐπισχεῖν·</span> <span class='ocrx_word' id='word_1_62' title='bbox 1348 1510 1496 1570; x_wconf 81' lang='grc' dir='ltr'>καὶτοῦτο</span> 
     </span>
     <span class='ocr_line' id='line_1_9' title="bbox 449 1609 1495 1696; baseline 0.007 -24"><span class='ocrx_word' id='word_1_63' title='bbox 449 1610 497 1672; x_wconf 83' lang='grc' dir='ltr'>καὶ</span> <span class='ocrx_word' id='word_1_64' title='bbox 517 1609 604 1676; x_wconf 88' lang='grc' dir='ltr'>αύτὸς</span> <span class='ocrx_word' id='word_1_65' title='bbox 623 1611 658 1672; x_wconf 84' lang='grc' dir='ltr'>ἐν</span> <span class='ocrx_word' id='word_1_66' title='bbox 678 1611 823 1696; x_wconf 79' lang='grc' dir='ltr'>ἐπιστολῇ</span> <span class='ocrx_word' id='word_1_67' title='bbox 843 1609 937 1694; x_wconf 73' lang='grc' dir='ltr'>οἰκείᾳ</span> <span class='ocrx_word' id='word_1_68' title='bbox 957 1611 1191 1689; x_wconf 76' lang='grc' dir='ltr'>ἐπισημαίνεται.</span> <span class='ocrx_word' id='word_1_69' title='bbox 1214 1615 1340 1694; x_wconf 83' lang='grc' dir='ltr'>φασὶδέ</span> <span class='ocrx_word' id='word_1_70' title='bbox 1360 1615 1449 1679; x_wconf 81' lang='grc' dir='ltr'>αὐτὸν</span> <span class='ocrx_word' id='word_1_71' title='bbox 1467 1619 1495 1692; x_wconf 87' lang='grc' dir='ltr'>ὅ,</span> 
     </span>
     <span class='ocr_line' id='line_1_10' title="bbox 448 1717 1496 1801; baseline 0.009 -20"><span class='ocrx_word' id='word_1_72' title='bbox 448 1744 481 1783; x_wconf 91' lang='grc' dir='ltr'>τε</span> <span class='ocrx_word' id='word_1_73' title='bbox 504 1717 666 1800; x_wconf 77' lang='grc' dir='ltr'>Πάμφιλος</span> <span class='ocrx_word' id='word_1_74' title='bbox 685 1719 804 1799; x_wconf 73' lang='grc' dir='ltr'>μάρτυς,</span> <span class='ocrx_word' id='word_1_75' title='bbox 827 1720 876 1783; x_wconf 80' lang='grc' dir='ltr'>καὶ</span> <span class='ocrx_word' id='word_1_76' title='bbox 900 1720 996 1801; x_wconf 76' lang='grc' dir='ltr'>ἕτεροι</span> <span class='ocrx_word' id='word_1_77' title='bbox 1021 1727 1169 1794; x_wconf 85' lang='grc' dir='ltr'>πλεῖστοι,</span> <span class='ocrx_word' id='word_1_78' title='bbox 1193 1724 1300 1790; x_wconf 78' lang='grc' dir='ltr'>οἵτινες</span> <span class='ocrx_word' id='word_1_79' title='bbox 1327 1723 1377 1787; x_wconf 81' lang='grc' dir='ltr'>ἀπ’</span> <span class='ocrx_word' id='word_1_80' title='bbox 1400 1725 1496 1790; x_wconf 77' lang='grc' dir='ltr'>αὐτῶν</span> 
     </span>
     <span class='ocr_line' id='line_1_11' title="bbox 403 1828 1495 1914; baseline 0.008 -23"><span class='ocrx_word' id='word_1_81' title='bbox 403 1834 507 1893; x_wconf 82' lang='grc' dir='ltr'>ιοτῶν</span> <span class='ocrx_word' id='word_1_82' title='bbox 533 1831 705 1910; x_wconf 80' lang='grc' dir='ltr'>ἑωρακότων</span> <span class='ocrx_word' id='word_1_83' title='bbox 726 1828 889 1912; x_wconf 81' lang='grc' dir='ltr'>Ὠριγένην</span> <span class='ocrx_word' id='word_1_84' title='bbox 912 1835 950 1895; x_wconf 83' lang='grc' dir='ltr'>τά</span> <span class='ocrx_word' id='word_1_85' title='bbox 975 1833 1042 1913; x_wconf 82' lang='grc' dir='ltr'>περὶ</span> <span class='ocrx_word' id='word_1_86' title='bbox 1071 1835 1123 1894; x_wconf 84' lang='grc' dir='ltr'>τοῦ</span> <span class='ocrx_word' id='word_1_87' title='bbox 1149 1833 1255 1913; x_wconf 79' lang='grc' dir='ltr'>ἀνδρὸς</span> <span class='ocrx_word' id='word_1_88' title='bbox 1277 1834 1495 1914; x_wconf 78' lang='grc' dir='ltr'>ἠκριβιίσαντο,</span> 
     </span>
     <span class='ocr_line' id='line_1_12' title="bbox 450 1940 1497 2025; baseline 0.009 -23"><span class='ocrx_word' id='word_1_89' title='bbox 450 1940 598 2025; x_wconf 81' lang='grc' dir='ltr'>διαβοήτῳ</span> <span class='ocrx_word' id='word_1_90' title='bbox 612 1941 758 2025; x_wconf 62' lang='grc' dir='ltr'>μαρτυρία</span> <span class='ocrx_word' id='word_1_91' title='bbox 773 1945 825 2002; x_wconf 81' lang='grc' dir='ltr'>τοῦ</span> <span class='ocrx_word' id='word_1_92' title='bbox 839 1941 909 2019; x_wconf 90' lang='grc' dir='ltr'>βίον</span> <span class='ocrx_word' id='word_1_93' title='bbox 925 1940 1139 2020; x_wconf 75' lang='grc' dir='ltr'>ἐξεληλυθέναι</span> <span class='ocrx_word' id='word_1_94' title='bbox 1152 1941 1197 2007; x_wconf 86' lang='grc' dir='ltr'>ἐπ’</span> <span class='ocrx_word' id='word_1_95' title='bbox 1214 1944 1302 2023; x_wconf 73' lang='grc' dir='ltr'>αὐτῆς</span> <span class='ocrx_word' id='word_1_96' title='bbox 1318 1949 1369 2023; x_wconf 82' lang='grc' dir='ltr'>τῆς</span> <span class='ocrx_word' id='word_1_97' title='bbox 1384 1951 1497 2011; x_wconf 86' lang='grc' dir='ltr'>Καισα-</span> 
     </span>
     <span class='ocr_line' id='line_1_13' title="bbox 447 2055 1498 2137; baseline 0.005 -18"><span class='ocrx_word' id='word_1_98' title='bbox 447 2057 529 2136; x_wconf 88' lang='grc' dir='ltr'>ρείας</span> <span class='ocrx_word' id='word_1_99' title='bbox 549 2057 658 2120; x_wconf 83' lang='grc' dir='ltr'>Δεκίου</span> <span class='ocrx_word' id='word_1_100' title='bbox 678 2055 733 2134; x_wconf 71' lang='grc' dir='ltr'>τὴν</span> <span class='ocrx_word' id='word_1_101' title='bbox 753 2059 827 2120; x_wconf 79' lang='grc' dir='ltr'>κατὰ</span> <span class='ocrx_word' id='word_1_102' title='bbox 848 2063 907 2120; x_wconf 81' lang='grc' dir='ltr'>τῶν</span> <span class='ocrx_word' id='word_1_103' title='bbox 928 2062 1116 2137; x_wconf 82' lang='grc' dir='ltr'>Χριστιανῶν</span> <span class='ocrx_word' id='word_1_104' title='bbox 1137 2058 1271 2137; x_wconf 84' lang='grc' dir='ltr'>ὠμότητα</span> <span class='ocrx_word' id='word_1_105' title='bbox 1292 2060 1445 2126; x_wconf 76' lang='grc' dir='ltr'>πνέοντος.</span> <span class='ocrx_word' id='word_1_106' title='bbox 1468 2064 1498 2125; x_wconf 86' lang='grc' dir='ltr'>οῖ</span> 
     </span>
     <span class='ocr_line' id='line_1_14' title="bbox 449 2167 1497 2251; baseline 0.006 -21"><span class='ocrx_word' id='word_1_107' title='bbox 449 2169 481 2230; x_wconf 83' lang='grc' dir='ltr'>δέ</span> <span class='ocrx_word' id='word_1_108' title='bbox 502 2167 599 2249; x_wconf 81' lang='grc' dir='ltr'>φασὶν</span> <span class='ocrx_word' id='word_1_109' title='bbox 614 2167 705 2233; x_wconf 83' lang='grc' dir='ltr'>αὐτὸν</span> <span class='ocrx_word' id='word_1_110' title='bbox 720 2169 775 2235; x_wconf 86' lang='grc' dir='ltr'>ἐως</span> <span class='ocrx_word' id='word_1_111' title='bbox 790 2168 910 2232; x_wconf 87' lang='grc' dir='ltr'>Γάλλου</span> <span class='ocrx_word' id='word_1_112' title='bbox 931 2170 979 2232; x_wconf 80' lang='grc' dir='ltr'>καὶ</span> <span class='ocrx_word' id='word_1_113' title='bbox 1000 2172 1205 2233; x_wconf 82' lang='grc' dir='ltr'>Βολουσιανοῢ</span> <span class='ocrx_word' id='word_1_114' title='bbox 1225 2170 1431 2251; x_wconf 88' lang='grc' dir='ltr'>διαρκέσοντα,</span> <span class='ocrx_word' id='word_1_115' title='bbox 1448 2175 1497 2236; x_wconf 81' lang='grc' dir='ltr'>καὶ</span> 
     </span>
     <span class='ocr_line' id='line_1_15' title="bbox 449 2279 1493 2365; baseline 0.006 -24"><span class='ocrx_word' id='word_1_116' title='bbox 449 2279 611 2358; x_wconf 73' lang='grc' dir='ltr'>ἑξηκοστὸν</span> <span class='ocrx_word' id='word_1_117' title='bbox 625 2280 751 2343; x_wconf 81' lang='grc' dir='ltr'>ἔννατον</span> <span class='ocrx_word' id='word_1_118' title='bbox 766 2280 831 2346; x_wconf 86' lang='grc' dir='ltr'>έτος</span> <span class='ocrx_word' id='word_1_119' title='bbox 845 2283 896 2358; x_wconf 82' lang='grc' dir='ltr'>τῆς</span> <span class='ocrx_word' id='word_1_120' title='bbox 909 2280 1025 2359; x_wconf 84' lang='grc' dir='ltr'>ἡλικίας</span> <span class='ocrx_word' id='word_1_121' title='bbox 1040 2280 1162 2361; x_wconf 83' lang='grc' dir='ltr'>ἄγοντα,</span> <span class='ocrx_word' id='word_1_122' title='bbox 1179 2282 1213 2343; x_wconf 85' lang='grc' dir='ltr'>ἐν</span> <span class='ocrx_word' id='word_1_123' title='bbox 1227 2281 1313 2365; x_wconf 74' lang='grc' dir='ltr'>Τύρῳ</span> <span class='ocrx_word' id='word_1_124' title='bbox 1329 2281 1376 2345; x_wconf 75' lang='grc' dir='ltr'>καί</span> <span class='ocrx_word' id='word_1_125' title='bbox 1391 2291 1493 2347; x_wconf 83' lang='grc' dir='ltr'>τελευ·</span> 
     </span>
     <span class='ocr_line' id='line_1_16' title="bbox 405 2389 1495 2474; baseline 0.005 -20"><span class='ocrx_word' id='word_1_126' title='bbox 405 2391 544 2466; x_wconf 82' lang='grc' dir='ltr'>15τῆσαι·</span> <span class='ocrx_word' id='word_1_127' title='bbox 569 2389 617 2452; x_wconf 84' lang='grc' dir='ltr'>καὶ</span> <span class='ocrx_word' id='word_1_128' title='bbox 638 2392 719 2470; x_wconf 79' lang='grc' dir='ltr'>ταφῇ</span> <span class='ocrx_word' id='word_1_129' title='bbox 742 2393 954 2468; x_wconf 80' lang='grc' dir='ltr'>παραδοθῆναι.</span> <span class='ocrx_word' id='word_1_130' title='bbox 980 2389 1045 2452; x_wconf 84' lang='grc' dir='ltr'>ἔστι</span> <span class='ocrx_word' id='word_1_131' title='bbox 1067 2390 1099 2452; x_wconf 73' lang='grc' dir='ltr'>δέ</span> <span class='ocrx_word' id='word_1_132' title='bbox 1121 2394 1241 2468; x_wconf 74' lang='grc' dir='ltr'>μᾶλλον</span> <span class='ocrx_word' id='word_1_133' title='bbox 1263 2391 1347 2458; x_wconf 80' lang='grc' dir='ltr'>οὗτος</span> <span class='ocrx_word' id='word_1_134' title='bbox 1366 2394 1383 2454; x_wconf 86' lang='lat' dir='ltr'>d</span> <span class='ocrx_word' id='word_1_135' title='bbox 1401 2395 1495 2474; x_wconf 83' lang='grc' dir='ltr'>λόγος</span> 
     </span>
     <span class='ocr_line' id='line_1_17' title="bbox 446 2498 1494 2582; baseline 0.006 -21"><span class='ocrx_word' id='word_1_136' title='bbox 446 2498 571 2578; x_wconf 76' lang='grc' dir='ltr'>ἀληθὴς,</span> <span class='ocrx_word' id='word_1_137' title='bbox 587 2501 649 2580; x_wconf 83' lang='grc' dir='ltr'>είγε</span> <span class='ocrx_word' id='word_1_138' title='bbox 664 2501 695 2562; x_wconf 84' lang='lat' dir='ltr'>oi</span> <span class='ocrx_word' id='word_1_139' title='bbox 709 2502 873 2582; x_wconf 84' lang='grc' dir='ltr'>φερόμεναι</span> <span class='ocrx_word' id='word_1_140' title='bbox 891 2500 980 2562; x_wconf 80' lang='grc' dir='ltr'>αὐτοῦ</span> <span class='ocrx_word' id='word_1_141' title='bbox 999 2502 1074 2578; x_wconf 82' lang='grc' dir='ltr'>μετά</span> <span class='ocrx_word' id='word_1_142' title='bbox 1092 2499 1146 2562; x_wconf 86' lang='grc' dir='ltr'>τὸν</span> <span class='ocrx_word' id='word_1_143' title='bbox 1161 2500 1291 2581; x_wconf 80' lang='grc' dir='ltr'>διωγμὸν</span> <span class='ocrx_word' id='word_1_144' title='bbox 1306 2503 1416 2566; x_wconf 87' lang='grc' dir='ltr'>Δεκίου</span> <span class='ocrx_word' id='word_1_145' title='bbox 1432 2505 1494 2567; x_wconf 89' lang='grc' dir='ltr'>ἐπι-</span> 
     </span>
     <span class='ocr_line' id='line_1_18' title="bbox 447 2608 1495 2691; baseline 0.006 -20"><span class='ocrx_word' id='word_1_146' title='bbox 447 2608 554 2672; x_wconf 78' lang='grc' dir='ltr'>στολαί</span> <span class='ocrx_word' id='word_1_147' title='bbox 568 2608 620 2672; x_wconf 87' lang='grc' dir='ltr'>ούκ</span> <span class='ocrx_word' id='word_1_148' title='bbox 636 2609 740 2691; x_wconf 85' lang='grc' dir='ltr'>έχουσι</span> <span class='ocrx_word' id='word_1_149' title='bbox 754 2609 788 2671; x_wconf 83' lang='grc' dir='ltr'>τὸ</span> <span class='ocrx_word' id='word_1_150' title='bbox 804 2610 950 2672; x_wconf 85' lang='grc' dir='ltr'>πλοστόν.</span> <span class='ocrx_word' id='word_1_151' title='bbox 973 2609 1085 2676; x_wconf 86' lang='grc' dir='ltr'>παντὸς</span> <span class='ocrx_word' id='word_1_152' title='bbox 1104 2610 1136 2673; x_wconf 71' lang='grc' dir='ltr'>δέ</span> <span class='ocrx_word' id='word_1_153' title='bbox 1155 2610 1326 2689; x_wconf 74' lang='grc' dir='ltr'>μαθήματος</span> <span class='ocrx_word' id='word_1_154' title='bbox 1346 2611 1429 2675; x_wconf 80' lang='grc' dir='ltr'>ἰδέαν</span> <span class='ocrx_word' id='word_1_155' title='bbox 1444 2614 1495 2677; x_wconf 84' lang='grc' dir='ltr'>σύ·</span> 
     </span>
     <span class='ocr_line' id='line_1_19' title="bbox 447 2718 1495 2803; baseline 0.005 -22"><span class='ocrx_word' id='word_1_156' title='bbox 447 2718 501 2782; x_wconf 84' lang='grc' dir='ltr'>τὸν</span> <span class='ocrx_word' id='word_1_157' title='bbox 518 2720 596 2801; x_wconf 80' lang='grc' dir='ltr'>φασὶ</span> <span class='ocrx_word' id='word_1_158' title='bbox 615 2719 663 2782; x_wconf 79' lang='grc' dir='ltr'>καὶ</span> <span class='ocrx_word' id='word_1_159' title='bbox 682 2723 840 2797; x_wconf 78' lang='grc' dir='ltr'>μετελθεῖν</span> <span class='ocrx_word' id='word_1_160' title='bbox 859 2718 906 2782; x_wconf 77' lang='grc' dir='ltr'>καῖ</span> <span class='ocrx_word' id='word_1_161' title='bbox 925 2719 1084 2782; x_wconf 84' lang='grc' dir='ltr'>διδάσκειν.</span> <span class='ocrx_word' id='word_1_162' title='bbox 1108 2724 1214 2782; x_wconf 83' lang='grc' dir='ltr'>τοῦτον</span> <span class='ocrx_word' id='word_1_163' title='bbox 1229 2722 1329 2784; x_wconf 91' lang='grc' dir='ltr'>τοίνυν</span> <span class='ocrx_word' id='word_1_164' title='bbox 1344 2721 1397 2785; x_wconf 82' lang='grc' dir='ltr'>τὸν</span> <span class='ocrx_word' id='word_1_165' title='bbox 1411 2721 1495 2803; x_wconf 90' lang='grc' dir='ltr'>Ὠρι-</span> 
     </span>
     <span class='ocr_line' id='line_1_20' title="bbox 448 2827 1494 2913; baseline 0.006 -20"><span class='ocrx_word' id='word_1_166' title='bbox 448 2829 548 2911; x_wconf 84' lang='grc' dir='ltr'>γένην,</span> <span class='ocrx_word' id='word_1_167' title='bbox 570 2829 606 2893; x_wconf 85' lang='grc' dir='ltr'>δν</span> <span class='ocrx_word' id='word_1_168' title='bbox 629 2831 677 2893; x_wconf 87' lang='grc' dir='ltr'>καὶ</span> <span class='ocrx_word' id='word_1_169' title='bbox 690 2827 888 2908; x_wconf 81' lang='grc' dir='ltr'>Ἀδομάντιον</span> <span class='ocrx_word' id='word_1_170' title='bbox 911 2830 1150 2909; x_wconf 77' lang='grc' dir='ltr'>ἐπονομάζεσθαί</span> <span class='ocrx_word' id='word_1_171' title='bbox 1168 2840 1274 2913; x_wconf 86' lang='grc' dir='ltr'>φασιν,</span> <span class='ocrx_word' id='word_1_172' title='bbox 1297 2834 1342 2895; x_wconf 86' lang='grc' dir='ltr'>ὅτι</span> <span class='ocrx_word' id='word_1_173' title='bbox 1365 2836 1494 2912; x_wconf 89' lang='grc' dir='ltr'>ἀδαμαν-</span> 
     </span>
     <span class='ocr_line' id='line_1_21' title="bbox 402 2939 1494 3025; baseline 0.007 -24"><span class='ocrx_word' id='word_1_174' title='bbox 402 2942 538 3006; x_wconf 82' lang='grc' dir='ltr'>ιοτίνοις</span> <span class='ocrx_word' id='word_1_175' title='bbox 562 2944 682 3020; x_wconf 87' lang='grc' dir='ltr'>δεσμοῖς</span> <span class='ocrx_word' id='word_1_176' title='bbox 707 2939 841 3025; x_wconf 76' lang='grc' dir='ltr'>ἐῴκεσαν</span> <span class='ocrx_word' id='word_1_177' title='bbox 864 2942 914 3008; x_wconf 77' lang='grc' dir='ltr'>οὓς</span> <span class='ocrx_word' id='word_1_178' title='bbox 939 2941 977 3005; x_wconf 83' lang='grc' dir='ltr'>δν</span> <span class='ocrx_word' id='word_1_179' title='bbox 1000 2942 1101 3020; x_wconf 82' lang='grc' dir='ltr'>δήσειε</span> <span class='ocrx_word' id='word_1_180' title='bbox 1126 2944 1246 3024; x_wconf 87' lang='grc' dir='ltr'>λόγους,</span> <span class='ocrx_word' id='word_1_181' title='bbox 1272 2944 1419 3025; x_wconf 80' lang='grc' dir='ltr'>ἀκροατὴν</span> <span class='ocrx_word' id='word_1_182' title='bbox 1446 2947 1494 3009; x_wconf 80' lang='grc' dir='ltr'>καὶ</span> 
     </span>
     <span class='ocr_line' id='line_1_22' title="bbox 448 3049 1494 3133; baseline 0.005 -20"><span class='ocrx_word' id='word_1_183' title='bbox 448 3050 587 3133; x_wconf 75' lang='grc' dir='ltr'>διάδοχον</span> <span class='ocrx_word' id='word_1_184' title='bbox 602 3050 730 3131; x_wconf 88' lang='grc' dir='ltr'>λέγουσι</span> <span class='ocrx_word' id='word_1_185' title='bbox 747 3049 890 3131; x_wconf 90' lang='grc' dir='ltr'>γενέσθαι</span> <span class='ocrx_word' id='word_1_186' title='bbox 906 3051 1078 3131; x_wconf 80' lang='grc' dir='ltr'>Κλήμεντος</span> <span class='ocrx_word' id='word_1_187' title='bbox 1092 3058 1144 3116; x_wconf 88' lang='grc' dir='ltr'>τοῦ</span> <span class='ocrx_word' id='word_1_188' title='bbox 1160 3055 1363 3133; x_wconf 88' lang='grc' dir='ltr'>στρωματέως,</span> <span class='ocrx_word' id='word_1_189' title='bbox 1381 3057 1427 3119; x_wconf 86' lang='grc' dir='ltr'>καὶ</span> <span class='ocrx_word' id='word_1_190' title='bbox 1443 3062 1494 3119; x_wconf 84' lang='grc' dir='ltr'>τοῦ</span> 
     </span>
    </p>
   </div>
   <div class='ocr_carea' id='block_1_3' title="bbox 367 3304 1494 4356">
    <p class='ocr_par' dir='ltr' id='par_1_3' title="bbox 367 3304 1494 4356">
     <span class='ocr_line' id='line_1_23' title="bbox 447 3304 1492 3376; baseline 0.005 -20"><span class='ocrx_word' id='word_1_191' title='bbox 447 3315 499 3356; x_wconf 87' lang='lat' dir='ltr'>tus.</span> <span class='ocrx_word' id='word_1_192' title='bbox 529 3304 698 3375; x_wconf 80' lang='lat' dir='ltr'><strong>Quamquam</strong></span> <span class='ocrx_word' id='word_1_193' title='bbox 711 3305 754 3358; x_wconf 90' lang='lat' dir='ltr'>alii</span> <span class='ocrx_word' id='word_1_194' title='bbox 767 3322 872 3376; x_wconf 89' lang='lat' dir='ltr'>quoque</span> <span class='ocrx_word' id='word_1_195' title='bbox 884 3305 944 3374; x_wconf 84' lang='lat' dir='ltr'>plu·</span> <span class='ocrx_word' id='word_1_196' title='bbox 995 3307 1049 3359; x_wconf 85' lang='lat' dir='ltr'>vita</span> <span class='ocrx_word' id='word_1_197' title='bbox 1060 3305 1212 3368; x_wconf 87' lang='lat' dir='ltr'>decessisse,</span> <span class='ocrx_word' id='word_1_198' title='bbox 1222 3324 1284 3359; x_wconf 89' lang='lat' dir='ltr'>cum</span> <span class='ocrx_word' id='word_1_199' title='bbox 1298 3306 1424 3360; x_wconf 80' lang='lat' dir='ltr'>Caesareae</span> <span class='ocrx_word' id='word_1_200' title='bbox 1438 3308 1492 3361; x_wconf 89' lang='lat' dir='ltr'>De-</span> 
     </span>
     <span class='ocr_line' id='line_1_24' title="bbox 446 3375 1493 3444; baseline 0.003 -17"><span class='ocrx_word' id='word_1_201' title='bbox 446 3375 506 3427; x_wconf 90' lang='lat' dir='ltr'>rimi</span> <span class='ocrx_word' id='word_1_202' title='bbox 518 3392 550 3428; x_wconf 87' lang='lat' dir='ltr'>eo</span> <span class='ocrx_word' id='word_1_203' title='bbox 561 3375 620 3444; x_wconf 90' lang='lat' dir='ltr'>ipso</span> <span class='ocrx_word' id='word_1_204' title='bbox 628 3383 747 3444; x_wconf 89' lang='lat' dir='ltr'>tempore</span> <span class='ocrx_word' id='word_1_205' title='bbox 759 3375 849 3444; x_wconf 82' lang='lat' dir='ltr'>magni</span> <span class='ocrx_word' id='word_1_206' title='bbox 858 3375 944 3429; x_wconf 90' lang='lat' dir='ltr'>nomi-</span> <span class='ocrx_word' id='word_1_207' title='bbox 995 3376 1052 3429; x_wconf 89' lang='lat' dir='ltr'>cius</span> <span class='ocrx_word' id='word_1_208' title='bbox 1069 3393 1145 3428; x_wconf 91' lang='lat' dir='ltr'>suam</span> <span class='ocrx_word' id='word_1_209' title='bbox 1157 3377 1185 3429; x_wconf 93' lang='lat' dir='ltr'>in</span> <span class='ocrx_word' id='word_1_210' title='bbox 1198 3375 1363 3429; x_wconf 78' lang='lat' dir='ltr'>Christianos</span> <span class='ocrx_word' id='word_1_211' title='bbox 1380 3376 1493 3430; x_wconf 90' lang='lat' dir='ltr'>crudeli-</span> 
     </span>
     <span class='ocr_line' id='line_1_25' title="bbox 447 3443 1493 3515; baseline 0.003 -18"><span class='ocrx_word' id='word_1_212' title='bbox 447 3444 691 3515; x_wconf 75' lang='lat' dir='ltr'>nisririilpologiie</span> <span class='ocrx_word' id='word_1_213' title='bbox 701 3443 945 3515; x_wconf 81' lang='lat' dir='ltr'>Origenemdefen·</span> <span class='ocrx_word' id='word_1_214' title='bbox 995 3454 1075 3499; x_wconf 76' lang='lat' dir='ltr'>tatem</span> <span class='ocrx_word' id='word_1_215' title='bbox 1093 3445 1249 3499; x_wconf 86' lang='lat' dir='ltr'>effunderet.</span> <span class='ocrx_word' id='word_1_216' title='bbox 1280 3446 1493 3500; x_wconf 81' lang='lat' dir='ltr'>Aliitamsnvo·</span> 
     </span>
     <span class='ocr_line' id='line_1_26' title="bbox 400 3514 1493 3588; baseline 0.005 -22"><span class='ocrx_word' id='word_1_217' title='bbox 400 3528 434 3584; x_wconf 87' lang='lat'>25</span> <span class='ocrx_word' id='word_1_218' title='bbox 447 3514 566 3568; x_wconf 83' lang='lat' dir='ltr'>dandum</span> <span class='ocrx_word' id='word_1_219' title='bbox 584 3524 767 3584; x_wconf 87' lang='lat' dir='ltr'>susceperunt.</span> <span class='ocrx_word' id='word_1_220' title='bbox 798 3514 883 3569; x_wconf 82' lang='lat' dir='ltr'>Aiunt</span> <span class='ocrx_word' id='word_1_221' title='bbox 894 3515 944 3585; x_wconf 76' lang='lat' dir='ltr'>igi-</span> <span class='ocrx_word' id='word_1_222' title='bbox 994 3517 1055 3569; x_wconf 91' lang='lat' dir='ltr'>lunt</span> <span class='ocrx_word' id='word_1_223' title='bbox 1073 3514 1107 3568; x_wconf 90' lang='lat' dir='ltr'>ad</span> <span class='ocrx_word' id='word_1_224' title='bbox 1123 3514 1193 3568; x_wconf 87' lang='lat' dir='ltr'>Galli</span> <span class='ocrx_word' id='word_1_225' title='bbox 1207 3533 1237 3569; x_wconf 89' lang='lat' dir='ltr'>ac</span> <span class='ocrx_word' id='word_1_226' title='bbox 1254 3515 1393 3570; x_wconf 75' lang='lat' dir='ltr'>Volusiani</span> <span class='ocrx_word' id='word_1_227' title='bbox 1408 3535 1493 3588; x_wconf 86' lang='lat' dir='ltr'>usque</span> 
     </span>
     <span class='ocr_line' id='line_1_27' title="bbox 445 3583 1493 3665; baseline 0.003 -27"><span class='ocrx_word' id='word_1_228' title='bbox 445 3595 491 3638; x_wconf 89' lang='lat' dir='ltr'>tur</span> <span class='ocrx_word' id='word_1_229' title='bbox 507 3585 653 3655; x_wconf 83' lang='lat' dir='ltr'>Origenem</span> <span class='ocrx_word' id='word_1_230' title='bbox 672 3584 761 3639; x_wconf 86' lang='lat' dir='ltr'>Severi</span> <span class='ocrx_word' id='word_1_231' title='bbox 775 3583 844 3654; x_wconf 86' lang='lat' dir='ltr'>Imp.</span> <span class='ocrx_word' id='word_1_232' title='bbox 856 3602 944 3665; x_wconf 83' lang='lat' dir='ltr'>perae-</span> <span class='ocrx_word' id='word_1_233' title='bbox 995 3594 1115 3655; x_wconf 85' lang='lat' dir='ltr'>tempora</span> <span class='ocrx_word' id='word_1_234' title='bbox 1133 3585 1299 3655; x_wconf 75' lang='lat' dir='ltr'>perdurasse,</span> <span class='ocrx_word' id='word_1_235' title='bbox 1317 3595 1350 3651; x_wconf 86' lang='lat' dir='ltr'>et¹</span> <span class='ocrx_word' id='word_1_236' title='bbox 1362 3588 1493 3657; x_wconf 79' lang='lat' dir='ltr'>sexagesi-</span> 
     </span>
     <span class='ocr_line' id='line_1_28' title="bbox 446 3654 1494 3727; baseline 0.003 -19"><span class='ocrx_word' id='word_1_237' title='bbox 446 3655 552 3709; x_wconf 78' lang='lat' dir='ltr'>cutione</span> <span class='ocrx_word' id='word_1_238' title='bbox 574 3654 698 3709; x_wconf 63' lang='lat' dir='ltr'>horrida</span> <span class='ocrx_word' id='word_1_239' title='bbox 723 3656 791 3725; x_wconf 87' lang='lat' dir='ltr'>patri</span> <span class='ocrx_word' id='word_1_240' title='bbox 815 3663 945 3724; x_wconf 80' lang='lat' dir='ltr'>scupmm</span> <span class='ocrx_word' id='word_1_241' title='bbox 993 3673 1069 3709; x_wconf 89' lang='lat' dir='ltr'>mum</span> <span class='ocrx_word' id='word_1_242' title='bbox 1082 3674 1185 3709; x_wconf 92' lang='lat' dir='ltr'>nonum</span> <span class='ocrx_word' id='word_1_243' title='bbox 1198 3657 1283 3710; x_wconf 72' lang='lat' dir='ltr'>atatis</span> <span class='ocrx_word' id='word_1_244' title='bbox 1299 3674 1401 3711; x_wconf 88' lang='lat' dir='ltr'>annum</span> <span class='ocrx_word' id='word_1_245' title='bbox 1413 3675 1494 3727; x_wconf 81' lang='lat' dir='ltr'>agen·</span> 
     </span>
     <span class='ocr_line' id='line_1_29' title="bbox 445 3724 1493 3798; baseline 0.002 -19"><span class='ocrx_word' id='word_1_246' title='bbox 445 3724 945 3796; x_wconf 82' lang='lat' dir='ltr'>misisse‚quoadmartyriicurriculum</span> <span class='ocrx_word' id='word_1_247' title='bbox 994 3735 1049 3780; x_wconf 82' lang='lat' dir='ltr'>tem</span> <span class='ocrx_word' id='word_1_248' title='bbox 1064 3726 1128 3798; x_wconf 82' lang='lat' dir='ltr'>Tyri</span> <span class='ocrx_word' id='word_1_249' title='bbox 1144 3735 1291 3790; x_wconf 88' lang='lat' dir='ltr'>mortuum,</span> <span class='ocrx_word' id='word_1_250' title='bbox 1303 3727 1331 3780; x_wconf 92' lang='lat' dir='ltr'>in</span> <span class='ocrx_word' id='word_1_251' title='bbox 1349 3726 1493 3798; x_wconf 86' lang='lat' dir='ltr'>eademque</span> 
     </span>
     <span class='ocr_line' id='line_1_30' title="bbox 445 3794 1493 3869; baseline 0.002 -19"><span class='ocrx_word' id='word_1_252' title='bbox 445 3813 508 3850; x_wconf 90' lang='lat' dir='ltr'>eum</span> <span class='ocrx_word' id='word_1_253' title='bbox 525 3805 680 3849; x_wconf 73' lang='lat' dir='ltr'>exacueret:</span> <span class='ocrx_word' id='word_1_254' title='bbox 703 3805 729 3849; x_wconf 87' lang='lat' dir='ltr'>et</span> <span class='ocrx_word' id='word_1_255' title='bbox 747 3812 809 3849; x_wconf 85' lang='lat' dir='ltr'>sane</span> <span class='ocrx_word' id='word_1_256' title='bbox 828 3794 945 3850; x_wconf 86' lang='lat' dir='ltr'>stadium</span> <span class='ocrx_word' id='word_1_257' title='bbox 994 3795 1061 3850; x_wconf 86' lang='lat' dir='ltr'>urbe</span> <span class='ocrx_word' id='word_1_258' title='bbox 1073 3798 1217 3866; x_wconf 85' lang='lat' dir='ltr'>sepultum.</span> <span class='ocrx_word' id='word_1_259' title='bbox 1248 3796 1317 3855; x_wconf 81' lang='lat' dir='ltr'>Quae</span> <span class='ocrx_word' id='word_1_260' title='bbox 1329 3797 1438 3869; x_wconf 92' lang='lat' dir='ltr'>quidem</span> <span class='ocrx_word' id='word_1_261' title='bbox 1449 3816 1493 3852; x_wconf 88' lang='lat' dir='ltr'>ve-</span> 
     </span>
     <span class='ocr_line' id='line_1_31' title="bbox 397 3865 1493 3938; baseline 0 -16"><span class='ocrx_word' id='word_1_262' title='bbox 397 3866 436 3922; x_wconf 85' lang='lat'>30</span> <span class='ocrx_word' id='word_1_263' title='bbox 445 3865 547 3920; x_wconf 83' lang='lat' dir='ltr'>sortiter</span> <span class='ocrx_word' id='word_1_264' title='bbox 559 3865 701 3919; x_wconf 85' lang='lat' dir='ltr'>decurrens</span> <span class='ocrx_word' id='word_1_265' title='bbox 712 3865 755 3919; x_wconf 89' lang='lat' dir='ltr'>ille</span> <span class='ocrx_word' id='word_1_266' title='bbox 767 3865 889 3919; x_wconf 83' lang='lat' dir='ltr'>bravium</span> <span class='ocrx_word' id='word_1_267' title='bbox 900 3883 944 3921; x_wconf 92' lang='lat' dir='ltr'>ac·</span> <span class='ocrx_word' id='word_1_268' title='bbox 994 3866 1048 3921; x_wconf 87' lang='lat' dir='ltr'>rior</span> <span class='ocrx_word' id='word_1_269' title='bbox 1060 3867 1175 3921; x_wconf 87' lang='lat' dir='ltr'>narratio</span> <span class='ocrx_word' id='word_1_270' title='bbox 1187 3876 1242 3921; x_wconf 86' lang='lat' dir='ltr'>est:</span> <span class='ocrx_word' id='word_1_271' title='bbox 1262 3868 1285 3920; x_wconf 90' lang='lat' dir='ltr'>si</span> <span class='ocrx_word' id='word_1_272' title='bbox 1296 3867 1377 3922; x_wconf 89' lang='lat' dir='ltr'>modo</span> <span class='ocrx_word' id='word_1_273' title='bbox 1389 3885 1493 3938; x_wconf 81' lang='lat' dir='ltr'>germa-</span> 
     </span>
     <span class='ocr_line' id='line_1_32' title="bbox 445 3935 1493 4008; baseline 0.004 -19"><span class='ocrx_word' id='word_1_274' title='bbox 445 3935 523 4005; x_wconf 84' lang='lat' dir='ltr'>ccpit.</span> <span class='ocrx_word' id='word_1_275' title='bbox 553 3935 666 3989; x_wconf 80' lang='lat' dir='ltr'>Addunt</span> <span class='ocrx_word' id='word_1_276' title='bbox 678 3936 836 4006; x_wconf 88' lang='lat' dir='ltr'>ipsum-met</span> <span class='ocrx_word' id='word_1_277' title='bbox 849 3936 944 4006; x_wconf 80' lang='lat' dir='ltr'>Orige·</span> <span class='ocrx_word' id='word_1_278' title='bbox 995 3955 1037 3990; x_wconf 72' lang='grc' dir='ltr'>ινα</span> <span class='ocrx_word' id='word_1_279' title='bbox 1057 3947 1129 4000; x_wconf 87' lang='lat' dir='ltr'>sunt,</span> <span class='ocrx_word' id='word_1_280' title='bbox 1148 3955 1207 4008; x_wconf 87' lang='lat' dir='ltr'>quae</span> <span class='ocrx_word' id='word_1_281' title='bbox 1227 3938 1357 4001; x_wconf 82' lang='lat' dir='ltr'>seruntur,</span> <span class='ocrx_word' id='word_1_282' title='bbox 1375 3940 1493 4008; x_wconf 82' lang='lat' dir='ltr'>epistolae</span> 
     </span>
     <span class='ocr_line' id='line_1_33' title="bbox 445 4004 1492 4078; baseline 0.004 -20"><span class='ocrx_word' id='word_1_283' title='bbox 445 4023 507 4059; x_wconf 87' lang='lat' dir='ltr'>nem</span> <span class='ocrx_word' id='word_1_284' title='bbox 531 4023 638 4060; x_wconf 89' lang='lat' dir='ltr'>summo</span> <span class='ocrx_word' id='word_1_285' title='bbox 659 4004 749 4060; x_wconf 89' lang='lat' dir='ltr'>studio</span> <span class='ocrx_word' id='word_1_286' title='bbox 769 4006 840 4060; x_wconf 90' lang='lat' dir='ltr'>idem</span> <span class='ocrx_word' id='word_1_287' title='bbox 861 4015 944 4060; x_wconf 89' lang='lat' dir='ltr'>certa·</span> <span class='ocrx_word' id='word_1_288' title='bbox 994 4007 1064 4061; x_wconf 90' lang='lat' dir='ltr'>illius</span> <span class='ocrx_word' id='word_1_289' title='bbox 1092 4017 1152 4077; x_wconf 89' lang='lat' dir='ltr'>post</span> <span class='ocrx_word' id='word_1_290' title='bbox 1180 4008 1256 4061; x_wconf 87' lang='lat' dir='ltr'>Decii</span> <span class='ocrx_word' id='word_1_291' title='bbox 1283 4009 1492 4078; x_wconf 86' lang='lat' dir='ltr'>persecutionem</span> 
     </span>
     <span class='ocr_line' id='line_1_34' title="bbox 444 4076 1492 4146; baseline 0.002 -17"><span class='ocrx_word' id='word_1_292' title='bbox 444 4093 507 4129; x_wconf 86' lang='lat' dir='ltr'>men</span> <span class='ocrx_word' id='word_1_293' title='bbox 517 4076 651 4145; x_wconf 87' lang='lat' dir='ltr'>suscipere</span> <span class='ocrx_word' id='word_1_294' title='bbox 660 4085 786 4130; x_wconf 85' lang='lat' dir='ltr'>conatum</span> <span class='ocrx_word' id='word_1_295' title='bbox 795 4076 944 4139; x_wconf 82' lang='lat' dir='ltr'>suisse,aed</span> <span class='ocrx_word' id='word_1_296' title='bbox 993 4079 1159 4146; x_wconf 73' lang='lat' dir='ltr'>conscriptae.</span> <span class='ocrx_word' id='word_1_297' title='bbox 1190 4077 1293 4131; x_wconf 84' lang='lat' dir='ltr'>Omnes</span> <span class='ocrx_word' id='word_1_298' title='bbox 1305 4078 1492 4132; x_wconf 89' lang='lat' dir='ltr'>autemomni·</span> 
     </span>
     <span class='ocr_line' id='line_1_35' title="bbox 445 4146 1492 4226; baseline 0.002 -27"><span class='ocrx_word' id='word_1_299' title='bbox 445 4155 558 4199; x_wconf 84' lang='lat' dir='ltr'>matrem</span> <span class='ocrx_word' id='word_1_300' title='bbox 578 4146 709 4215; x_wconf 88' lang='lat' dir='ltr'>impetum</span> <span class='ocrx_word' id='word_1_301' title='bbox 725 4147 766 4200; x_wconf 83' lang='lat' dir='ltr'>vel</span> <span class='ocrx_word' id='word_1_302' title='bbox 784 4146 842 4215; x_wconf 85' lang='lat' dir='ltr'>ipso</span> <span class='ocrx_word' id='word_1_303' title='bbox 859 4146 943 4200; x_wconf 86' lang='lat' dir='ltr'>invito</span> <span class='ocrx_word' id='word_1_304' title='bbox 994 4164 1030 4200; x_wconf 92' lang='lat' dir='ltr'>no</span> <span class='ocrx_word' id='word_1_305' title='bbox 1039 4146 1191 4226; x_wconf 74' lang='lat' dir='ltr'>discipliuae</span> <span class='ocrx_word' id='word_1_306' title='bbox 1200 4146 1289 4215; x_wconf 90' lang='lat' dir='ltr'>ipsum</span> <span class='ocrx_word' id='word_1_307' title='bbox 1301 4157 1327 4201; x_wconf 87' lang='lat' dir='ltr'>et</span> <span class='ocrx_word' id='word_1_308' title='bbox 1370 4148 1492 4216; x_wconf 87' lang='lat' dir='ltr'>rcepiase‚</span> 
     </span>
     <span class='ocr_line' id='line_1_36' title="bbox 367 4215 1493 4291; baseline 0.001 -22"><span class='ocrx_word' id='word_1_309' title='bbox 367 4262 371 4269; x_wconf 93' lang='lat'>.</span> <span class='ocrx_word' id='word_1_310' title='bbox 396 4215 607 4291; x_wconf 76' lang='lat' dir='ltr'>35rcfraeuasse.</span> <span class='ocrx_word' id='word_1_311' title='bbox 621 4215 794 4287; x_wconf 88' lang='lat' dir='ltr'>quodipsum</span> <span class='ocrx_word' id='word_1_312' title='bbox 809 4216 873 4268; x_wconf 87' lang='lat' dir='ltr'>item</span> <span class='ocrx_word' id='word_1_313' title='bbox 888 4217 943 4285; x_wconf 86' lang='lat' dir='ltr'>epi·</span> <span class='ocrx_word' id='word_1_314' title='bbox 994 4225 1021 4269; x_wconf 88' lang='lat' dir='ltr'>et</span> <span class='ocrx_word' id='word_1_315' title='bbox 1041 4215 1164 4269; x_wconf 77' lang='lat' dir='ltr'>docuisse</span> <span class='ocrx_word' id='word_1_316' title='bbox 1184 4217 1281 4269; x_wconf 79' lang='lat' dir='ltr'>fenmt.</span> <span class='ocrx_word' id='word_1_317' title='bbox 1355 4233 1408 4270; x_wconf 89' lang='lat' dir='ltr'>unc</span> <span class='ocrx_word' id='word_1_318' title='bbox 1429 4216 1493 4270; x_wconf 88' lang='lat' dir='ltr'>item</span> 
     </span>
     <span class='ocr_line' id='line_1_37' title="bbox 444 4285 1493 4356; baseline 0 -17"><span class='ocrx_word' id='word_1_319' title='bbox 444 4286 513 4339; x_wconf 84' lang='lat' dir='ltr'>stola</span> <span class='ocrx_word' id='word_1_320' title='bbox 550 4285 647 4339; x_wconf 78' lang='lat' dir='ltr'>undam</span> <span class='ocrx_word' id='word_1_321' title='bbox 669 4303 718 4340; x_wconf 85' lang='lat' dir='ltr'>sua</span> <span class='ocrx_word' id='word_1_322' title='bbox 737 4294 863 4340; x_wconf 76' lang='lat' dir='ltr'>testatum</span> <span class='ocrx_word' id='word_1_323' title='bbox 884 4286 944 4339; x_wconf 87' lang='lat' dir='ltr'>reli·</span> <span class='ocrx_word' id='word_1_324' title='bbox 996 4285 1140 4356; x_wconf 80' lang='lat' dir='ltr'>Origenem</span> <span class='ocrx_word' id='word_1_325' title='bbox 1157 4286 1249 4356; x_wconf 89' lang='lat' dir='ltr'>(quem</span> <span class='ocrx_word' id='word_1_326' title='bbox 1264 4286 1342 4339; x_wconf 86' lang='lat' dir='ltr'>etiam</span> <span class='ocrx_word' id='word_1_327' title='bbox 1358 4286 1493 4339; x_wconf 82' lang='lat' dir='ltr'>Adaman-</span> 
     </span>
    </p>
   </div>
   <div class='ocr_carea' id='block_1_4' title="bbox 444 4355 1494 4507">
    <p class='ocr_par' dir='ltr' id='par_1_4' title="bbox 444 4355 1494 4507">
     <span class='ocr_line' id='line_1_38' title="bbox 444 4355 1494 4479; baseline 0.001 -71"><span class='ocrx_word' id='word_1_328' title='bbox 444 4356 511 4479; x_wconf 44' lang='grc' dir='ltr'>Ἑλ.</span> <span class='ocrx_word' id='word_1_329' title='bbox 568 4356 617 4410; x_wconf 90' lang='lat' dir='ltr'>uin</span> <span class='ocrx_word' id='word_1_330' title='bbox 630 4355 785 4425; x_wconf 87' lang='lat' dir='ltr'>Pamphilus</span> <span class='ocrx_word' id='word_1_331' title='bbox 797 4364 906 4426; x_wconf 90' lang='lat' dir='ltr'>martyr,</span> <span class='ocrx_word' id='word_1_332' title='bbox 919 4366 945 4410; x_wconf 87' lang='lat' dir='ltr'>et</span> <span class='ocrx_word' id='word_1_333' title='bbox 995 4356 1063 4410; x_wconf 90' lang='lat' dir='ltr'>tium</span> <span class='ocrx_word' id='word_1_334' title='bbox 1088 4355 1306 4424; x_wconf 78' lang='lat' dir='ltr'>cognominatum</span> <span class='ocrx_word' id='word_1_335' title='bbox 1329 4374 1361 4408; x_wconf 82' lang='lat' dir='ltr'>ex</span> <span class='ocrx_word' id='word_1_336' title='bbox 1386 4373 1417 4410; x_wconf 88' lang='lat' dir='ltr'>eo</span> <span class='ocrx_word' id='word_1_337' title='bbox 1440 4365 1494 4409; x_wconf 84' lang='lat' dir='ltr'>tra·</span> 
     </span>
     <span class='ocr_line' id='line_1_39' title="bbox 470 4424 1494 4507; baseline -0.003 -26"><span class='ocrx_word' id='word_1_338' title='bbox 470 4426 485 4439; x_wconf 88' lang='lat'>&#39;&#39;</span> <span class='ocrx_word' id='word_1_339' title='bbox 504 4443 567 4480; x_wconf 89' lang='lat' dir='ltr'>cum</span> <span class='ocrx_word' id='word_1_340' title='bbox 583 4444 614 4507; x_wconf 84' lang='lat' dir='ltr'>eo</span> <span class='ocrx_word' id='word_1_341' title='bbox 630 4425 746 4495; x_wconf 90' lang='lat' dir='ltr'>plurimi,</span> <span class='ocrx_word' id='word_1_342' title='bbox 759 4443 801 4479; x_wconf 87' lang='lat' dir='ltr'>res</span> <span class='ocrx_word' id='word_1_343' title='bbox 820 4425 945 4496; x_wconf 80' lang='lat' dir='ltr'>Origenis</span> <span class='ocrx_word' id='word_1_344' title='bbox 997 4426 1074 4489; x_wconf 88' lang='lat' dir='ltr'>dunt,</span> <span class='ocrx_word' id='word_1_345' title='bbox 1086 4424 1158 4497; x_wconf 91' lang='lat' dir='ltr'>quod</span> <span class='ocrx_word' id='word_1_346' title='bbox 1171 4426 1295 4489; x_wconf 88' lang='lat' dir='ltr'>rationes,</span> <span class='ocrx_word' id='word_1_347' title='bbox 1308 4444 1374 4497; x_wconf 90' lang='lat' dir='ltr'>quas</span> <span class='ocrx_word' id='word_1_348' title='bbox 1387 4426 1494 4506; x_wconf 64' lang='lat' dir='ltr'>colliga3</span> 
     </span>
    </p>
   </div>
   <div class='ocr_carea' id='block_1_5' title="bbox 395 4494 1495 4705">
    <p class='ocr_par' dir='ltr' id='par_1_5' title="bbox 395 4494 1495 4705">
     <span class='ocr_line' id='line_1_40' title="bbox 445 4494 1495 4567; baseline -0.002 -18"><span class='ocrx_word' id='word_1_349' title='bbox 445 4495 544 4550; x_wconf 83' lang='lat' dir='ltr'>axillis</span> <span class='ocrx_word' id='word_1_350' title='bbox 562 4496 636 4565; x_wconf 82' lang='lat' dir='ltr'>ipsis,</span> <span class='ocrx_word' id='word_1_351' title='bbox 653 4496 700 4567; x_wconf 87' lang='lat' dir='ltr'>qui</span> <span class='ocrx_word' id='word_1_352' title='bbox 716 4495 853 4550; x_wconf 86' lang='lat' dir='ltr'>hominem</span> <span class='ocrx_word' id='word_1_353' title='bbox 871 4494 944 4549; x_wconf 86' lang='lat' dir='ltr'>vide·</span> <span class='ocrx_word' id='word_1_354' title='bbox 995 4506 1044 4559; x_wconf 88' lang='lat' dir='ltr'>ret,</span> <span class='ocrx_word' id='word_1_355' title='bbox 1057 4494 1232 4549; x_wconf 74' lang='lat' dir='ltr'>adamantius</span> <span class='ocrx_word' id='word_1_356' title='bbox 1245 4495 1407 4567; x_wconf 87' lang='lat' dir='ltr'>quibusdam</span> <span class='ocrx_word' id='word_1_357' title='bbox 1419 4513 1495 4566; x_wconf 80' lang='lat' dir='ltr'>qussi</span> 
     </span>
     <span class='ocr_line' id='line_1_41' title="bbox 395 4564 1495 4640; baseline -0.003 -18"><span class='ocrx_word' id='word_1_358' title='bbox 395 4586 436 4640; x_wconf 89' lang='lat'>40</span> <span class='ocrx_word' id='word_1_359' title='bbox 445 4575 515 4629; x_wconf 82' lang='lat' dir='ltr'>rant,</span> <span class='ocrx_word' id='word_1_360' title='bbox 531 4566 682 4620; x_wconf 77' lang='lat' dir='ltr'>accuratius</span> <span class='ocrx_word' id='word_1_361' title='bbox 699 4566 865 4636; x_wconf 86' lang='lat' dir='ltr'>perscrutati,</span> <span class='ocrx_word' id='word_1_362' title='bbox 883 4583 944 4619; x_wconf 85' lang='lat' dir='ltr'>nar·</span> <span class='ocrx_word' id='word_1_363' title='bbox 995 4566 1108 4620; x_wconf 87' lang='lat' dir='ltr'>vinculis</span> <span class='ocrx_word' id='word_1_364' title='bbox 1120 4582 1175 4619; x_wconf 92' lang='lat' dir='ltr'>non</span> <span class='ocrx_word' id='word_1_365' title='bbox 1188 4565 1322 4621; x_wconf 85' lang='lat' dir='ltr'>absimiles</span> <span class='ocrx_word' id='word_1_366' title='bbox 1331 4564 1495 4632; x_wconf 83' lang='lat' dir='ltr'>viderentur)</span> 
     </span>
     <span class='ocr_line' id='line_1_42' title="bbox 445 4634 1494 4705; baseline -0.001 -16"><span class='ocrx_word' id='word_1_367' title='bbox 445 4645 514 4699; x_wconf 82' lang='lat' dir='ltr'>rant,</span> <span class='ocrx_word' id='word_1_368' title='bbox 535 4653 597 4690; x_wconf 81' lang='lat' dir='ltr'>eum</span> <span class='ocrx_word' id='word_1_369' title='bbox 620 4635 715 4691; x_wconf 88' lang='lat' dir='ltr'>celebri</span> <span class='ocrx_word' id='word_1_370' title='bbox 736 4635 863 4705; x_wconf 81' lang='lat' dir='ltr'>martyrio</span> <span class='ocrx_word' id='word_1_371' title='bbox 885 4643 944 4689; x_wconf 84' lang='lat' dir='ltr'>turn</span> <span class='ocrx_word' id='word_1_372' title='bbox 994 4635 1142 4689; x_wconf 84' lang='lat' dir='ltr'>auditorem</span> <span class='ocrx_word' id='word_1_373' title='bbox 1165 4635 1247 4690; x_wconf 81' lang='lat' dir='ltr'>luisse</span> <span class='ocrx_word' id='word_1_374' title='bbox 1269 4637 1414 4691; x_wconf 54' lang='lat' dir='ltr'>elementis</span> <span class='ocrx_word' id='word_1_375' title='bbox 1437 4634 1494 4705; x_wconf 86' lang='lat' dir='ltr'>ejus</span> 
     </span>
    </p>
   </div>
   <div class='ocr_carea' id='block_1_6' title="bbox 0 0 1854 5667">
    <p class='ocr_par' dir='ltr' id='par_1_6' title="bbox 0 0 1854 5667">
     <span class='ocr_line' id='line_1_43' title="bbox 0 0 1854 5667; baseline 0 0"><span class='ocrx_word' id='word_1_376' title='bbox 0 0 1854 5667; x_wconf 95' lang='lat' dir='ltr'> </span> 
     </span>
    </p>
   </div>
  </div>
 </body>
</html>
