3700 5667
547 684 834 747 ΑΝΝΟΤΑΤΙΟ
861 685 926 746 ΑΙ)
950 685 1206 747 ΊῊΕΟΝΑΜ.
1330 686 1393 752 449

345 859 502 939 quantum
516 851 662 914 saevierit.
708 849 772 914 Sed
787 849 906 915 nullum
921 850 954 914 id
967 851 1076 916 aetatis
1091 853 1254 917 Theonam
1269 852 1388 938 episco-

347 977 422 1038 pum
442 974 625 1038 comparere
644 952 701 1016 ait.
747 954 799 1015 De
813 952 883 1037 ipsa
900 961 1009 1017 autem
1027 952 1162 1037 epistola
1180 952 1305 1017 addidit
1319 952 1388 1016 haeo

347 1056 473 1129 Gavius,
499 1052 678 1138 “Quisquis
701 1053 744 1117 sit
768 1061 891 1128 auctor,
915 1055 1042 1140 scripsit
1064 1054 1231 1140 epistolam
1254 1053 1389 1140 egregiis

346 1168 367 1196 “
384 1157 573 1222 Christiana
598 1154 728 1241 pietatis
751 1164 784 1218 et
806 1155 983 1240 prudentiae
1005 1156 1203 1221 documentis
1226 1156 1388 1234 refertam,

345 1271 367 1298 ‘⁶
383 1280 516 1345 quaeque
530 1257 714 1343 primaevam
728 1257 822 1342 plane
836 1257 960 1322 redolet
979 1257 1224 1343 simplicitatem,
1239 1259 1281 1322 ad
1298 1257 1390 1322 Luci-

346 1373 366 1394 “
381 1381 478 1424 anum
501 1356 764 1421 cubiculariorum
787 1358 1004 1443 praepositum,
1026 1379 1090 1444 qua
1109 1360 1197 1424 illum
1218 1382 1389 1447 omnesque

346 1471 366 1500 “
382 1460 436 1545 qui
460 1460 490 1523 ei
514 1461 666 1522 suberant
688 1457 835 1523 officiales
858 1459 1026 1544 palatinos,
1050 1482 1163 1546 nempe
1186 1461 1389 1546 pecuniarum

347 1569 368 1598 ‘⁶
383 1560 534 1645 principis
560 1559 768 1644 privatarum,
792 1560 928 1624 vestium
951 1568 985 1625 et
1008 1569 1268 1625 ornamentorum
1291 1562 1388 1646 impe·

345 1671 366 1698 “
381 1660 516 1735 nulium,
539 1682 686 1724 vasorum
707 1661 928 1745 pretiosorum,
949 1661 1112 1734 librorum,
1132 1669 1166 1727 et
1188 1662 1390 1747 supellectilis

346 1774 366 1794 ⁴⁴
382 1762 477 1846 regiae
498 1763 656 1840 custodes,
670 1762 749 1826 scite
769 1762 911 1839 instruit,
927 1770 1050 1849 quanta
1070 1785 1147 1828 cura
1162 1771 1196 1829 et
1210 1764 1387 1850 diligentia,

346 1873 366 1900 “
382 1886 445 1948 qua
467 1864 623 1928 modestia
647 1874 681 1928 et
705 1864 907 1938 conscientia,
933 1872 1029 1950 prout
1053 1864 1262 1942 Christianos,
1285 1866 1388 1944 decet,

347 1978 367 1998 “
385 1988 442 2029 suo
457 1966 588 2051 quisque
603 1988 731 2030 munere
746 1987 824 2051 erga
838 1966 1012 2052 principem
1025 1967 1241 2053 fungeretur.''
1264 1968 1301 2030 P.
1317 1983 1387 2048 172.

346 2068 406 2134 vol.
422 2068 443 2131 i.
459 2068 542 2132 Hier.
559 2068 624 2132 Lil.

388 2171 428 2232 P.
444 2189 518 2251 440.
534 2168 554 2233 l.
572 2189 622 2237 22.
639 2169 847 2234 clarissimam
860 2169 997 2254 reddat]
1018 2167 1145 2235 Scilicet
1159 2167 1267 2247 servis,
1283 2169 1338 2254 qui
1353 2169 1385 2233 in

345 2272 430 2335 Sect.
445 2270 508 2349 viii,
525 2279 820 2335 commemorantur.

388 2374 426 2436 P.
438 2393 511 2453 44¹·
528 2372 548 2437 l.
563 2389 591 2456 7.
607 2373 659 2436 hic
674 2373 758 2437 idem
772 2371 939 2437 historiam
954 2372 1160 2458 septuaginta
1173 2373 1384 2456 interpretum

343 2475 436 2560 plene
450 2474 589 2561 scripsit]
606 2475 686 2541 Haec
700 2474 840 2540 Aristeae
855 2474 959 2540 adhuc
974 2482 1120 2561 superest
1134 2472 1273 2540 historia
