3700 5667
697 662 730 723 S.
757 659 1061 724 VICTORINUS.

422 1111 474 1176 De
492 1110 595 1177 cadom
611 1108 766 1176 &mesto
783 1108 832 1174 ito
850 1108 885 1175 Β.
901 1108 1034 1174 Hieron.
1052 1108 1163 1175 Uerus.
1179 1109 1215 1176 is
1228 1110 1337 1191 Euri.

665 1238 736 1304 cup.
750 1219 804 1304 3⁶·
819 1222 897 1282 tom.
912 1216 956 1282 iii.
971 1240 1002 1304 p.
1019 1233 1093 1304 952.

397 1372 505 1450 Neque
524 1370 602 1431 enim
618 1370 706 1448 juxta
723 1369 860 1430 luduicus
878 1371 1001 1438 subules,
1016 1392 1088 1449 quus
1105 1371 1149 1431 illi
1166 1375 1335 1449 sospem
1352 1395 1404 1455 sp.

356 1477 478 1557 pellunt,
492 1486 665 1554 gemmatum
680 1485 711 1534 et
724 1494 841 1534 auream
858 1474 894 1534 de
913 1475 989 1534 ooelo
1007 1488 1193 1557 expectamus
1209 1480 1404 1549 Hierusalem,

328 1594 411 1652 suec
428 1602 543 1640 rursum
563 1580 676 1659 passuri
695 1580 920 1640 circumcisionis
939 1581 1085 1658 injurium,
1098 1603 1152 1642 nec
1166 1583 1290 1644 oblaturi
1306 1596 1403 1646 tauro·

356 1706 422 1744 rum
436 1696 467 1745 et
480 1685 604 1744 arietum
619 1683 760 1752 victimas,
770 1704 824 1743 nec
837 1684 950 1743 subbati
963 1685 1025 1744 otio
1039 1684 1216 1746 dormiemus
1232 1691 1281 1760 (sn
1295 1688 1404 1750 dormi.

356 1791 464 1865 turii).
492 1789 582 1862 Quod
593 1800 623 1849 et
637 1789 723 1848 multi
737 1799 914 1857 nostrorum,
924 1800 956 1849 et
969 1790 1116 1870 precipue
1130 1791 1307 1852 Tertulliani
1319 1793 1404 1863 liber,

357 1897 408 1975 qui
421 1895 589 1955 inscribitur
603 1893 640 1953 de
658 1913 711 1972 spe
724 1892 865 1961 fidelium,
879 1905 910 1953 et
923 1894 1071 1954 Imctsntii
1086 1894 1306 1955 institutionum
1320 1897 1404 1958 rolu-

356 2022 424 2061 men
442 2001 599 2080 septimum
616 1998 772 2079 pollicetur
782 2021 792 2069 3
814 2008 845 2057 et
859 1996 1040 2057 Vrouournr
1057 1999 1322 2061 Punurouunsrs
1340 2003 1403 2083 epi·

313 2126 347 2166 ro
357 2107 436 2186 scopi
455 2106 562 2165 crebre
580 2105 797 2183 expositionesr
818 2114 850 2163 et
864 2123 959 2183 nuper
978 2103 1105 2163 Severus
1119 2114 1219 2164 noster
1232 2105 1263 2164 in
1277 2106 1403 2186 dialogo,

356 2212 405 2271 cui
419 2211 506 2270 Gallo
520 2230 626 2270 nomeu
641 2208 790 2288 imposuit
825 2209 869 2268 Et
882 2220 917 2269 ut
932 2210 1050 2269 Grecos
1064 2212 1221 2280 nominem,
1232 2222 1263 2272 et
1277 2212 1402 2292 primum

355 2325 579 2393 extremumque
592 2313 777 2391 conjungam,
791 2312 921 2376 henum
934 2322 965 2372 et
979 2311 1191 2392 Apollinarium

731 2572 1027 2604 4-

394 2808 508 2887 Magno
521 2804 691 2884 sdjumento
704 2804 796 2866 fuisse
810 2804 964 2885 Originum
975 2803 1127 2863 Victorino
1141 2802 1173 2862 in
1187 2802 1402 2865 conscribendis

353 2914 526 2975 tractatibus
539 2910 613 2989 ejus,
627 2910 756 2970 ostendit
770 2908 802 2969 S.
812 2909 937 2969 Hieron.
948 2909 980 2969 in
990 2908 1084 2989 Epist.
1100 2926 1245 2967 nxxxnr.
1257 2909 1298 2967 cd
1311 2908 1402 2968 Pam.

309 3037 319 3075 ι
326 3034 342 3094 5
353 3021 494 3080 muchium
509 3028 536 3079 et
552 3018 705 3078 Oceanum.
748 3017 813 3077 Nec
832 3015 998 3076 disertiores
1018 3034 1125 3081 summ,
1140 3013 1237 3091 inquit
1252 3013 1401 3095 Hierony·

354 3147 428 3195 mus,
443 3124 570 3190 Hilario,
586 3144 637 3183 nee
647 3123 796 3200 fideliores
814 3122 1004 3189 Vrcronruo‚
1019 3119 1069 3199 qui
1083 3123 1147 3198 ejus
1165 3119 1329 3197 (origenis)
1345 3142 1400 3182 son

355 3241 385 3289 ut
400 3232 578 3309 interpretes,
592 3230 639 3285 sed
653 3236 683 3286 ut
697 3234 829 3286 auctores
841 3222 956 3305 proprii
969 3222 1065 3301 operis
1078 3222 1299 3280 transtulerunt.
