3700 5667
422 687 474 748 IN
493 688 526 749 S.
543 687 733 749 DIONYS.
751 688 897 750 ALEX.
915 688 986 749 ΕΡ.
1006 689 1072 750 ΑΙ)
1090 688 1298 751 BASILID.
1343 688 1408 750 248

356 859 446 919 ποίαν
467 856 547 936 ὥραν
571 858 626 919 &a
655 855 903 919 construendum
925 876 994 918 esse
1017 855 1153 933 videtur,
1175 855 1408 940 interpretante

357 958 538 1023 Phavorino
554 958 585 1021 in
598 958 710 1020 Lauino
726 958 978 1038 ἀκριβολογεῖται,
995 960 1124 1039 ἀκριβῶς
1139 957 1276 1037 ἐξετάζει,
1291 958 1408 1022 ideireo

357 1061 417 1123 hoe
432 1060 561 1123 verbum
576 1059 805 1138 ἀποφαινόμεθα
818 1060 859 1122 ad
876 1058 930 1122 illa
945 1081 1015 1142 quae
1031 1059 1178 1144 deinceps
1197 1060 1303 1142 posita
1322 1069 1407 1138 sunt,

357 1163 425 1229 τοὺς
438 1164 494 1241 μὲν
509 1162 580 1224 λίαν
595 1162 831 1242 ἐπιταχύναντας
845 1188 872 1224 κ.
888 1188 913 1223 τ.
929 1169 960 1223 λ.
977 1168 1123 1244 spectare
1138 1162 1276 1226 debebit.

401 1266 435 1328 P.
454 1267 526 1331 228.
541 1263 561 1325 l.
582 1284 630 1329 12.
653 1263 899 1348 ἐπιταχύναντας]
916 1264 980 1328 Sed
997 1266 1229 1348 ἐπιταχύναντας
1246 1266 1318 1329 Ood.
1335 1269 1407 1350 625.

357 1365 478 1450 aliique
494 1372 659 1449 praestant.

402 1469 485 1532 Ibid.
501 1468 558 1547 πρὸ
579 1469 683 1533 νυκτὸς
702 1468 792 1547 ἐγγὺς
812 1467 866 1546 ἤδη
886 1472 1039 1548 μεσούσης
1061 1470 1211 1554 ἀνιέντας]
1231 1471 1408 1555 Postquam

357 1570 566 1635 resurrexisse
597 1568 770 1631 Dominum
800 1570 943 1633 ostendit
973 1571 1156 1654 Dionysius,
1183 1594 1247 1635 non
1278 1578 1409 1657 vespert

358 1672 420 1736 diei
441 1670 567 1755 septimi
582 1671 595 1749 ί
599 1690 669 1752 qnae
689 1667 800 1751 incipit
820 1668 862 1730 ab
882 1668 963 1732 hora
982 1680 1094 1734 nostra
1111 1680 1204 1736 sexta
1225 1684 1299 1757 post
1318 1674 1411 1737 meri-

358 1775 471 1854 diem),
486 1773 541 1836 sed
568 1780 662 1835 noete
684 1771 803 1846 adulta,
820 1773 901 1834 νυκτὶ
923 1775 1042 1858 βαθείᾳ,
1060 1796 1117 1838 neo
1139 1784 1213 1858 post
1234 1776 1335 1839 lucem
1358 1799 1412 1840 ex·

359 1885 464 1941 ortam
490 1876 552 1939 diei
578 1873 748 1958 sequentis,
777 1874 832 1937 sed
859 1875 916 1938 diu
941 1886 1034 1949 ααίσ,·
1066 1878 1171 1962 pergit
1198 1885 1341 1942 statuere
1364 1879 1412 1942 vir

359 1985 499 2054 sanetus,
521 1999 574 2040 eos
597 1975 800 2039 festinantius
822 1997 929 2059 agere,
951 1977 1004 2060 qui
1027 1986 1103 2041 ante
1125 1979 1262 2042 mediam
1285 1988 1412 2044 noetem

359 2078 510 2143 solverint
529 2079 588 2142 hoo
606 2076 771 2161 jejunium.
818 2076 900 2140 Nam
916 2078 978 2141 etsi
994 2086 1117 2162 ponunt
1131 2079 1164 2141 in
1181 2081 1414 2144 Oovnmenlara'is

360 2181 425 2245 suis
448 2180 504 2261 πρὸ
525 2185 577 2242 τοῦ
598 2181 793 2259 μεσονυκτίου
816 2200 887 2242 euin
908 2180 1053 2244 Zonaras
1074 2189 1143 2243 tum
1159 2180 1317 2255 Balsama,
1334 2182 1411 2247 illud

360 2291 468 2346 tamen
492 2280 546 2359 νὺξ
566 2287 676 2360 βαθεῖα
698 2280 751 2343 lin.
769 2281 798 2342 8.
823 2280 970 2365 prohibet
994 2304 1051 2345 nos
1074 2283 1215 2359 eredere,
1237 2283 1413 2370 intelligen-

360 2385 436 2447 dam
470 2406 538 2448 esse
571 2383 630 2446 hoe
661 2383 730 2445 loeo
765 2382 889 2458 horam,
919 2405 1015 2466 quam
1049 2406 1165 2447 nonam
1198 2386 1412 2469 vespertinam

360 2486 465 2550 dicere
495 2485 725 2559 consuevimus,
751 2484 819 2547 sive
852 2488 902 2547 τοῦ
931 2487 1126 2563 μεσονυκτίου
1156 2485 1291 2550 initium.
1331 2487 1414 2552 (lon-

360 2589 490 2653 firmant
511 2587 809 2671 interpretationem
833 2593 976 2650 nostram
992 2586 1153 2650 Blasteres
1170 2587 1203 2649 in
1219 2591 1415 2675 Syatepmate

361 2688 553 2774 Alpdadetico
573 2711 593 2751 a
607 2687 781 2771 Beveregio
800 2688 938 2772 primum
957 2687 1057 2764 edite,
1073 2688 1140 2751 Lit.
1156 2686 1197 2752 π’.
1221 2711 1289 2774 cap.
1305 2690 1356 2754 vii.
1380 2714 1411 2776 p.

363 2793 435 2854 218.
459 2790 618 2874 Synodici,
636 2797 669 2853 et
690 2788 839 2851 Balsamo
859 2790 900 2852 ad
922 2787 1002 2851 Can.
1018 2789 1140 2853 lxxxix.
1164 2791 1282 2873 Synodi
1304 2794 1412 2858 Sesto.

361 2895 519 2958 Attamen
533 2914 612 2977 quos
626 2891 718 2955 initio
730 2891 873 2971 epistolae
889 2891 997 2975 culpat
1009 2891 1196 2976 Dionysius,
1205 2894 1348 2958 novimus
1363 2897 1415 2978 ἀφ’

362 2997 493 3075 ἑσπέρας
500 3004 570 3079 ped
584 3014 737 3078 vesperam
748 2992 904 3075 jejunium
920 2991 1104 3055 solvendum
1117 3014 1186 3057 esse
1201 2996 1414 3061 constituisse.

362 3096 527 3158 Adversus
550 3096 677 3158 eosdem
701 3093 844 3156 homines
864 3093 1022 3157 Eusebius
1043 3094 1187 3179 Dionysii
1210 3096 1311 3160 nostri
1335 3119 1416 3181 pene

361 3197 504 3281 aequalis,
526 3197 558 3260 in
581 3197 780 3280 Fragmento
799 3195 832 3258 in
854 3196 946 3258 eodd.
964 3197 1211 3278 Mosquenaibus
1234 3207 1360 3283 reperto
1381 3207 1415 3263 et

362 3320 460 3382 supra
483 3320 555 3383 pag.
581 3317 652 3376 240.
678 3303 856 3360 memorato
880 3297 949 3359 haee
974 3296 1157 3360 scribit—et
1180 3302 1239 3379 γὰρ
1263 3301 1303 3377 μὴ
1327 3307 1413 3364 τοῦτο

362 3400 410 3478 ἣν,
436 3401 483 3484 (h.
505 3423 533 3464 e.
557 3400 588 3462 ni
610 3421 673 3464 sero
695 3399 850 3462 vocabulo
872 3400 933 3479 ὀψὲ
957 3397 1203 3483 significaretur)
1227 3403 1318 3481 ἐχρῆν
1339 3403 1414 3479 ἡμᾶς

363 3507 397 3582 τῇ
420 3502 514 3586 ἡμέρη
536 3508 588 3564 τοῦ
611 3501 782 3580 σαββάτου,
802 3504 877 3580 μετὰ
899 3501 986 3578 ἡλίου
1008 3504 1132 3577 δυσμὰς,
1154 3500 1263 3566 εὐθέως
1285 3501 1415 3582 ἐστέρας

364 3605 535 3686 γενομένης,
553 3607 811 3682 ἀπονηστίζεσθαι·
835 3601 905 3665 ἀλλ’
922 3603 978 3684 οὐχ
999 3603 1091 3666 οὕτως
1108 3603 1126 3680 ἡ
1146 3601 1288 3680 συνήθεια
1304 3605 1338 3665 ἐν
1354 3611 1416 3670 ταῖς

364 3709 534 3785 ἐκκλησίαις
550 3710 602 3768 τοῦ
618 3711 700 3769 Θεοῦ
722 3704 907 3786 κεκράτηκεν,
924 3701 994 3766 ἀλλ’
1010 3701 1028 3781 ἢ
1044 3703 1145 3770 νυκτὸς
1167 3706 1382 3784 ἐπιλαβούσης,
1397 3704 1415 3784 ἢ

364 3810 440 3892 αὐτῷ
455 3810 647 3891 μεσονυκτίιρ,
663 3805 681 3885 ἢ
697 3809 764 3887 περὶ
781 3808 951 3886 ἀλεκτόρων
964 3804 1052 3884 βοάς.

408 3910 488 3973 lbid.
510 3911 530 3973 l.
551 3930 599 3987 14.
622 3907 689 3988 παρ’
713 3909 834 3991 ὀλίγον]
864 3906 970 3991 Vulgo
995 3908 1034 3972 ὡς
1056 3905 1123 3988 παρ’
1147 3909 1265 3990 ὀλίγον,
1290 3910 1417 3975 favente

363 4013 489 4097 quidem
511 4012 650 4086 Zonara,
665 4011 697 4072 in
715 4009 941 4081 Commentario,
958 4009 1014 4072 sed
1032 4009 1094 4072 fide
1115 4010 1208 4074 nixus
1227 4013 1416 4076 MSStoram

362 4114 496 4177 omnium
511 4121 630 4197 praeter
643 4133 741 4174 unum
760 4114 831 4194 158.
847 4113 886 4177 ὡς
901 4112 1030 4176 exulare
1041 4112 1132 4194 jussi.

407 4216 492 4279 Ibid.
506 4216 526 4279 l.
542 4235 590 4297 15·
606 4215 750 4295 λέγοντος
766 4214 873 4295 ἀνδρὸς
888 4212 999 4296 σοφοῦ]
1013 4212 1091 4291 Quis
1107 4211 1166 4275 iste
1182 4211 1290 4287 luerit,
1301 4214 1416 4279 neseio.

365 4317 498 4380 Habent
518 4316 663 4398 λέγοντος
685 4322 736 4378 τοῦ
757 4318 851 4396 λόγου
872 4314 979 4394 ἀνδρὸς
997 4320 1096 4393 σοφοῦ
1115 4314 1207 4377 codd.
1227 4317 1278 4380 26.
1294 4324 1327 4379 et
1343 4320 1417 4403 625.

364 4419 446 4483 Mox
467 4421 516 4483 ἐπὶ
536 4419 569 4481 τὸ
589 4424 735 4480 πλεῖστον
751 4439 809 4501 pro
831 4418 880 4480 ἐπὶ
899 4422 1046 4479 πλεῖστον
1063 4415 1135 4479 Ood.
1156 4419 1224 4500 196.
1270 4420 1418 4484 Annota·

365 4531 434 4586 tum
449 4529 499 4585 est
518 4519 606 4583 istud
624 4517 667 4581 ad
683 4517 850 4582 Pedalium
867 4518 1043 4580 Graecorum
1057 4517 1102 4579 Τὸ
1119 4517 1267 4598 γνωμικὸν
1282 4523 1367 4582 τοῦτο
1382 4523 1416 4586 τὸ

857 4642 867 4680 ι
882 4618 892 4680 i
908 4621 929 4679 2
