3700 5667
484 676 547 737 410
775 672 1026 751 RELIQUIAE
1053 673 1231 737 SACRAE.

485 846 552 909 'dn
569 848 673 907 πολλὰ
687 845 747 927 ἔχω
764 847 833 923 θμΐν
852 843 966 926 λέγειν,
984 844 1053 908 ἀλλ’
1069 846 1150 908 οὔπω
1166 844 1295 907 δύνασθε
1315 850 1435 926 χωρεῖν·
1460 844 1538 906 ὅταν

484 957 517 1018 δὲ
532 955 607 1040 ἔλθη
621 954 655 1017 τδ
670 954 758 1035 δγιον
773 957 909 1033 Πνεῦμα,
924 954 1035 1033 διδθξει
1050 956 1133 1033 θμῖις.
1158 953 1223 1017 εἶτά
1237 962 1342 1035 φησιν·

535 1064 683 1168 Ὥσπερ
704 1074 778 1149 τοῖς
800 1067 947 1165 μηδέπω
972 1074 1100 1169 χωρεῖν
1123 1066 1328 1165 δυναμένοις
1350 1064 1396 1145 τὰ
1414 1065 1538 1145 πέλεια

484 1200 684 1302 διαλέγεται
710 1202 730 1278 ὁ
756 1198 893 1301 Σωτὴρ,
912 1200 1214 1301 συγκαταβαίνων
1236 1201 1353 1279 αὐτῶν
1374 1205 1419 1304 τῇ
1441 1233 1533 1297 σμι-

484 1336 639 1439 κρότητι·
672 1342 747 1420 τοῖς
764 1335 802 1415 δὲ
820 1336 1074 1434 τελειουμένας
1092 1337 1302 1438 συγγίνεται
1322 1332 1365 1414 τὸ
1384 1340 1566 1434 Πνεῦμα5

483 1471 526 1552 τὸ
554 1468 670 1573 ἅγιον,
702 1472 760 1551 καὶ
787 1469 946 1570 οὖδήπον
973 1505 1027 1553 τις
1057 1474 1095 1549 ἐκ
1123 1470 1259 1550 τοθτων
1282 1468 1327 1549 ἂν
1352 1469 1441 1575 φαίη
1466 1468 1536 1568 τὴν

483 1616 548 1687 τοῦ
583 1606 783 1707 πνεύματος
819 1607 1057 1685 διδασκαλίαν
1090 1603 1332 1708 ὑπερβάλλειν
1367 1609 1431 1702 τῆς
1467 1613 1534 1684 τοῦ

485 1748 560 1823 υἱοῦ
592 1746 748 1847 διδαχῆς·
798 1742 881 1819 ἀλλ’
912 1739 967 1820 δτι
998 1742 1019 1820 ὃ
1051 1740 1116 1839 μὲν
1147 1737 1220 1823 vide
1251 1740 1533 1842 σνγκαταβαίνει

482 1884 556 1961 τοῖς
585 1876 739 1971 ἀτελέσι,
764 1874 807 1954 τὸ
836 1872 874 1954 δὲ
903 1881 1043 1971 πνεῦμα
1072 1874 1235 1979 σφραγίς
1261 1875 1341 1952 ἐστι
1368 1879 1441 1951 τῶν
1468 1906 1530 1951 τε·

483 2010 705 2108 λειυνμένων·
734 2009 845 2091 οὕτως
870 2008 912 2086 οὐ
937 2005 996 2087 διὰ
1021 2003 1087 2105 τὴν
1110 2006 1317 2109 ὑπερβολὴν
1334 2015 1398 2086 τοῦ
1419 2006 1527 2085 πνεθ·
1548 2031 1585 2069 ¹0

483 2140 596 2244 ματος
617 2142 708 2247 πρὸς
730 2140 794 2223 adv
813 2142 888 2223 υἱὸν
911 2141 1071 2249 ἄφυκτος
1094 2144 1250 2221 ἐστικαὶ
1269 2140 1534 2244 αἰοπίγγυωστος

483 2281 505 2380 ἡ
530 2285 579 2363 εἷς
603 2276 646 2358 τδ
669 2285 810 2374 πνεῦμα
833 2278 1068 2382 βλασφημία·
1099 2273 1260 2355 ἀλλ’ὅτι
1283 2276 1342 2356 ἐπὶ
1365 2274 1432 2373 μὲν
1455 2282 1532 2360 τοῖς

484 2412 660 2509 ἀτελέσιν,
683 2414 762 2491 ἐστὶ
786 2410 999 2513 συγγνώμη,
1025 2408 1108 2490 idai
1136 2408 1175 2488 δέ
1202 2416 1276 2492 τοῖς
1300 2409 1533 2511 γευσαμένοις

484 2552 548 2645 τῆς
571 2548 735 2649 οὐρανίου
757 2549 890 2647 δωρεᾶς
915 2547 974 2625 καὶ
996 2550 1246 2641 τελειωθεῖσιν,
1265 2544 1410 2644 οὐδεμία
1427 2578 1530 2647 περι·

484 2684 643 2761 λείπεται
661 2678 880 2780 συγγνώμης
899 2681 1090 2781 ἀπολογία,
1108 2681 1165 2759 καὶ
1184 2679 1410 2780 παραίτησις.
1547 2722 1558 2760 ι
1566 2720 1583 2780 5

485 2926 602 2982 ἅχω,
621 2927 714 2981 μάχη,
725 2927 807 2980 mua
821 2925 900 2979 aab«,
911 2926 984 2980 ηοω,
1033 2911 1084 2970 sed
1093 2910 1170 2988 quod
1181 2910 1275 2971 Filius
1284 2912 1401 2988 quidem
1410 2933 1472 2971 aesc
1481 2913 1534 2971 de-

483 2997 577 3061 dicere,
586 2998 633 3051 ted
639 2996 922 3066 aoapoteatiaportare
930 3013 983 3049 mo-
1033 2991 1132 3049 mittat
1146 2990 1182 3049 ad
1194 2991 1390 3070 imperfectos,
1402 2992 1533 3071 Spiritus

483 3066 526 3121 do.
565 3067 629 3122 Οιιυι
647 3074 732 3121 autem
749 3070 847 3126 venerit
868 3065 985 3134 Spiritu
1034 3091 1104 3129 vero
1124 3081 1241 3130 nanctus
1261 3072 1387 3149 sigillum
1409 3076 1448 3131 ait
1466 3092 1534 3150 per.

483 3143 590 3192 ‘mm
601 3137 700 3193 Mill
711 3154 765 3192 ⁰⁰⁸·
791 3140 895 3197 ὓθῑῦᾶθ
906 3144 958 3190 ⁸¹⁸²
1033 3151 1196 3217 sectorum
1217 3152 1258 3210 sic
1275 3171 1333 3209 non
1347 3163 1466 3231 propter
1479 3173 1531 3210 ex·

526 3226 610 3285 Sicut
627 3246 677 3285 eoa
695 3229 745 3304 qui
764 3231 893 3309 perfecta
910 3249 981 3286 non·
1033 3231 1196 3289 callentium
1217 3231 1346 3309 Spiritus
1364 3234 1455 3290 nancti
1472 3253 1533 3311 proe
1546 3242 1584 3281 20

485 3306 554 3365 dnm
572 3327 674 3387 capere
688 3321 810 3403 possunt
824 3309 983 3388 alloquitur
1035 3310 1122 3380 Filio,
1133 3311 1317 3390 inexpiabilia
1328 3322 1359 3370 et
1369 3313 1441 3370 citra
1453 3314 1532 3371 veni-

485 3385 628 3454 Salvntor,
640 3388 677 3447 ad
687 3388 802 3448 illorum
815 3411 877 3450 sese
888 3389 983 3470 parvi·
1033 3410 1078 3448 am
1107 3402 1152 3449 cat
1177 3390 1354 3469 blasphemio
1377 3391 1407 3449 in
1437 3392 1531 3470 Spiri-

484 3476 574 3525 tatem
593 3467 767 3528 demittens:
790 3491 856 3529 cum
871 3471 982 3546 perfec·
1034 3479 1115 3528 tum:
1138 3470 1188 3529 aed
1205 3472 1273 3547 quia
1286 3471 1463 3550 imperfectis
1480 3471 1531 3530 da-

483 3546 522 3605 tia
536 3559 633 3605 antem
649 3548 778 3627 Spiritus
792 3559 909 3609 sanctus
919 3570 983 3608 ver·
1036 3560 1085 3607 tur
1099 3551 1201 3617 venia3
1224 3551 1260 3610 iia
1273 3572 1342 3609 vero
1357 3552 1405 3629 qui
1421 3550 1531 3610 donum

484 3639 582 3685 satur:
605 3647 699 3703 neque
716 3640 813 3688 tamen
835 3631 900 3706 quis
919 3629 985 3687 ideo
1035 3629 1149 3689 coeleate
1162 3641 1365 3708 gustaverunt,
1378 3643 1408 3689 et
1421 3632 1531 3690 initiati
1545 3642 1583 3699 ²5

485 3706 602 3771 dixerit,
618 3708 747 3785 Spiritus
765 3710 855 3767 sancti
875 3708 982 3766 doctri·
1034 3722 1113 3777 sunt,
1135 3710 1216 3768 nulla
1240 3712 1331 3769 venia
1356 3711 1532 3789 relinquitur

484 3805 560 3850 nam,
575 3786 643 3842 Filii
655 3785 814 3845 doctrinam
827 3807 980 3863 superare:
1034 3790 1182 3848 excusatio
1197 3790 1242 3848 vel
1256 3790 1429 3870 deprecatio.

648 3975 662 4004 ι
673 3966 745 4013 Joan.
760 3968 862 4031 xvipa,
877 3982 915 4027 ¹5·
1196 3973 1209 4009 h
1224 3972 1286 4021 llcb.
1299 3972 1330 4019 vi.
1344 3990 1368 4030 4.
