3700 5667
572 676 620 742 m
644 677 678 743 S.
701 674 916 743 connum!
940 676 1239 743 FRAGMENTA.
1404 678 1449 742 88

396 856 482 916 tasse
504 869 547 913 ex
568 846 748 913 imitatione
770 848 967 924 Graecorum,
982 846 1036 931 qni
1059 846 1125 911 lere
1146 869 1272 933 semper
1290 847 1449 911 Nnodcrov

397 973 449 1014 sen
465 950 612 1013 Ναυατὸν
626 950 830 1034 scripserunt.
868 949 915 1013 At
928 950 1122 1035 Cyprianum
1136 949 1264 1014 nomine
1275 947 1449 1012 Nooctinni

393 1051 558 1115 bominem
573 1072 697 1136 semper
710 1051 892 1135 designasse
907 1050 1107 1115 notissimum
1118 1057 1177 1128 est,
1187 1059 1224 1113 ut
1236 1049 1448 1135 posteriorum

395 1161 532 1218 natatum
555 1160 679 1219 taceam
702 1152 882 1237 scriptores.
927 1152 1031 1216 Immo
1050 1174 1123 1216 vero
1148 1152 1235 1237 apud
1260 1150 1447 1215 historicum

393 1257 547 1321 Graecum
563 1253 737 1319 Eusebium
756 1252 810 1318 lib.
826 1253 878 1317 vii.
893 1276 962 1339 cap.
981 1254 1010 1317 8.
1026 1252 1079 1317 nbi
1100 1253 1281 1317 reseruntur
1301 1253 1448 1336 qnaedam

398 1378 434 1420 ex
449 1355 598 1440 Dionysii
618 1355 827 1420 Alexandrini
850 1355 986 1439 epistole
1005 1356 1046 1419 ad
1063 1354 1250 1438 Dionysium
1267 1355 1447 1417 Romanum

398 1479 513 1522 nomen
529 1463 723 1543 Nocvnrscnqi
737 1457 892 1542 scriptum
906 1457 1053 1522 habetur.
1098 1458 1240 1541 Onmque
1259 1456 1292 1519 in
1313 1455 1449 1540 epistola

398 1558 609 1623 Alexandrini
624 1558 767 1645 praesnlis
781 1558 942 1644 adipsum
958 1559 1174 1623 Novatianum
1193 1558 1235 1621 nb
1256 1558 1366 1622 eodem
1383 1557 1448 1622 Eu·

398 1661 487 1725 sebio
510 1660 543 1725 in
564 1660 618 1725 lib.
635 1660 674 1724 vi.
691 1682 761 1745 cap.
776 1677 829 1744 45.
844 1668 983 1734 servata,
999 1682 1061 1724 non
1087 1667 1215 1725 tantum
1232 1659 1448 1743 Hieronymus

398 1760 504 1826 locum
524 1761 756 1847 interpretatus
775 1770 809 1826 et
831 1762 863 1825 in
886 1762 1076 1846 quibusdam
1098 1761 1289 1827 editionibus
1304 1761 1450 1838 Rufinus,

397 1865 454 1928 sed
481 1864 581 1930 etiam
611 1863 773 1948 Syneellns
803 1863 1072 1949 Nioephorusqne‚
1099 1862 1232 1927 similem
1257 1860 1448 1945 scripturam

399 1973 566 2048 pmstent,
588 1964 724 2029 sortasse
749 1965 955 2029 statuendum
980 1974 1042 2039 est,
1065 1962 1237 2026 Eusebium
1261 1981 1372 2024 revera
1393 1981 1449 2044 po·

398 2065 500 2129 scisse
527 2087 566 2129 ae
588 2065 749 2150 scripsisse
770 2065 831 2129 hoc
856 2088 980 2150 quoque
1006 2065 1076 2128 loco
1102 2066 1291 2148 Ναυατιανῷ,
1315 2083 1388 2137 non,
1412 2070 1449 2126 ut

399 2167 493 2251 vulgo
508 2166 636 2251 legitur,
648 2166 801 2250 Noovdrp,
814 2189 885 2230 oum
901 2167 1005 2251 ipsum
1020 2165 1052 2228 in
1069 2163 1212 2249 Dionysii
1227 2163 1388 2227 codicibus
1402 2165 1449 2227 in·

400 2266 548 2330 venisset.
571 2267 686 2351 Neque
697 2267 756 2330 hoc
768 2268 938 2331 tacendum
950 2273 1011 2342 est,
1022 2266 1108 2349 quod
1119 2265 1152 2328 in
1160 2264 1289 2329 Eusebii
1301 2265 1451 2330 Chronico

398 2391 438 2431 ex
454 2368 571 2432 Graeca
594 2368 626 2431 in
642 2369 866 2433 Armeniacam
887 2367 1028 2454 linguam
1051 2367 1209 2431 translato
1232 2367 1300 2431 bac
1323 2374 1446 2440 extant,

400 2479 420 2506 “
435 2471 577 2534 Necatus
593 2468 632 2534 cd
652 2470 773 2534 scalena
795 2467 939 2534 adeamus
957 2479 1019 2542 ατς
1053 2479 1080 2532 et
1100 2469 1297 2533 Novatianus
1319 2468 1450 2532 loeresia

400 2581 419 2609 ‘⁴
433 2573 600 2649 metavit,
630 2594 716 2657 quem
737 2571 886 2657 plurimis
919 2572 1042 2656 seraptis
1070 2571 1219 2634 sennim
1248 2569 1450 2654 Dionysius.”

398 2671 518 2737 Latine
543 2681 687 2738 vertente
708 2672 746 2736 cl.
768 2672 908 2738 Aucher.
929 2694 1003 2757 pag.
1025 2691 1097 2755 299.
1119 2672 1195 2736 edit.
1219 2671 1310 2748 Maii,
1327 2694 1357 2756 p.
1374 2687 1451 2756 391.

400 2773 504 2838 Porro
518 2774 563 2838 nil
578 2774 772 2840 contrarium
783 2774 993 2860 colligendum
1004 2796 1073 2838 esse
1083 2773 1208 2837 videtur
1222 2796 1263 2837 ex
1274 2772 1448 2837 derivativo

399 2877 582 2954 Noecticni,
609 2877 698 2961 quasi
723 2899 744 2940 a
769 2876 894 2940 nominc
920 2875 1053 2940 Novato
1079 2875 1211 2940 ductum
1240 2874 1316 2939 illud
1342 2874 1447 2953 luerit,

400 3000 497 3062 quum
512 2977 607 3042 aliter
620 2979 747 3043 assedae
765 2978 819 3042 isti
836 2977 1052 3042 Ncectiancni
1071 2976 1194 3041 dicendi
1214 2986 1328 3041 essent.
1376 2976 1449 3042 Hoc

399 3079 484 3143 enim
500 3080 696 3165 Scaligerum
717 3081 803 3146 band
826 3079 962 3153 induxit,
977 3087 1015 3142 ut
1040 3079 1196 3154 crederet,
1210 3077 1369 3142 hominem
1383 3080 1448 3142 No·

399 3190 504 3245 omnm
518 3182 638 3246 dictum
654 3182 758 3246 fuisse.
802 3181 879 3244 Vid.
897 3179 1062 3244 Animcdc.
1078 3181 1146 3264 ejus
1164 3180 1197 3243 in
1213 3179 1367 3245 Chronica
1381 3182 1450 3245 Es·

398 3281 482 3361 abii,
508 3305 539 3368 p.
568 3286 640 3367 236.
700 3284 831 3348 Addere
856 3303 936 3367 pene
965 3304 1193 3366 supervacuum
1222 3283 1358 3360 videtur,
1388 3283 1450 3347 Ta·

400 3385 506 3448 tianos
522 3385 625 3449 dictos
639 3407 707 3448 esse
721 3407 742 3448 a
756 3383 894 3448 Tatinno
906 3384 992 3468 apud
1008 3383 1223 3468 Epiphaniam
1240 3383 1274 3445 in
1295 3405 1391 3466 opere
1410 3384 1451 3448 de

401 3486 598 3561 Haeresibus,
621 3486 762 3571 aliosque
785 3494 954 3559 auctores,
980 3485 1126 3550 similiter
1149 3507 1188 3548 ac
1204 3484 1402 3548 Novatianos
1427 3506 1449 3547 a

401 3587 594 3663 Novatiano,
616 3610 695 3672 quos
717 3595 825 3652 tamen
848 3587 1088 3650 Novaticnemcs
1108 3584 1250 3670 appellnt
1271 3584 1451 3670 Cyprianus

401 3688 435 3752 in
450 3688 551 3773 Epist.
566 3688 612 3752 cd
622 3687 814 3753 Jotaianum
832 3711 888 3753 sen
902 3689 963 3773 Ep.
980 3707 1032 3772 73.
1047 3689 1106 3751 snb
1127 3687 1197 3752 init.
1243 3687 1306 3751 Sed
1327 3686 1450 3753 interea

401 3790 552 3854 lectorem
573 3790 605 3854 id
624 3791 769 3868 monebo,
790 3790 907 3855 nullam
929 3790 1030 3855 lucem
1051 3790 1125 3854 huic
1151 3788 1318 3874 quaestioni
1344 3798 1450 3854 ortam

402 3915 470 3956 esne
496 3914 536 3957 ex
560 3893 662 3957 titulis
682 3895 817 3958 duorum
835 3894 961 3958 illorum
981 3915 1112 3978 opernm
1139 3895 1190 3957 De
1223 3893 1391 3968 Trinium,
1416 3900 1449 3957 et

403 3995 453 4058 De
477 3992 560 4058 Oion
577 3995 735 4072 Iudaicis,
753 4018 823 4080 qnae
845 3995 1025 4059 Novatinno
1046 3995 1182 4058 adscribi
1206 3994 1318 4071 solent,
1333 3995 1451 4080 quippe

402 4119 474 4161 cum
500 4097 621 4162 illasio
642 4097 796 4183 inscripta
820 4097 916 4161 luisse
942 4098 983 4160 ab
1009 4096 1184 4160 editoribus
1200 4095 1232 4159 S.
1254 4095 1450 4179 Hieronymo

402 4213 543 4277 auctore,
570 4221 632 4263 non
656 4222 696 4263 ex
721 4200 785 4264 fide
811 4200 951 4284 ipsorum
977 4198 1121 4262 codicum
1151 4195 1448 4278 manuscriptorum,

403 4301 578 4365 videantur.
623 4300 770 4385 Denique
784 4301 915 4364 ductum
933 4306 983 4363 est
997 4299 1091 4383 hnjns
1106 4297 1241 4361 bominis
1256 4317 1369 4360 nornen
1385 4296 1448 4360 No·

404 4403 551 4467 vatianus
572 4425 593 4467 a
616 4404 755 4479 Novato,
770 4400 1034 4487 quemadmodum
1055 4421 1076 4462 a
1100 4398 1202 4461 Fabio
1225 4397 1398 4471 Fabianus,
1416 4407 1450 4462 ct

404 4528 425 4570 a
447 4504 547 4570 Basso
573 4504 758 4581 Bassianus,
784 4503 881 4567 immo
906 4524 982 4566 vero
1008 4500 1128 4564 Fabius
1157 4499 1208 4563 ille
1232 4497 1451 4569 antiochenus

448 4628 513 4669 VOL.
530 4628 575 4668 lu.
923 4626 940 4664 Ι·’
