3700 5667
531 676 597 740 AD
622 676 897 740 DIONYSIUM
924 677 1184 740 ROMANUM.
1315 680 1379 744 89³

839 966 879 1027 V.

711 1153 763 1215 Εω
778 1150 854 1215 libro
868 1152 1002 1215 secundo

377 1317 448 1375 Τῶν
466 1312 514 1374 ὑπ’
530 1312 602 1389 spot
620 1309 791 1392 λεχθέντων
810 1308 965 1388 ὀνομάτων
979 1306 1108 1371 ἕκαστον
1127 1309 1296 1391 ἀχώριστόν
1316 1311 1381 1373 ἔστι

337 1421 386 1482 καὶ
407 1421 575 1499 άδιαίρετον
596 1424 647 1480 τοῦ
669 1418 809 1496 πλησίον·
832 1416 947 1498 πατέρα
969 1417 1062 1494 εἶπον,
1079 1418 1127 1480 καὶ
1148 1418 1218 1497 πρὶν
1239 1419 1379 1501 ἐπαγάγω

337 1531 391 1592 τὸν
410 1528 484 1601 υἱδν,
501 1527 637 1607 έσήμανιι
657 1528 704 1591 καὶ
723 1533 827 1590 τοῦτον
847 1529 881 1590 έν
899 1530 939 1611 τῷ
958 1527 1055 1607 πατρί·
1082 1526 1147 1590 υίδν
1166 1527 1328 1609 έπήγαγον·
1355 1532 1382 1593 εί

337 1641 386 1702 καὶ
407 1639 447 1717 μὴ
468 1637 652 1718 προειρήκειν
671 1637 725 1700 τδν
743 1636 866 1718 πατέρα,
888 1637 1005 1704 πάντως
1027 1637 1065 1700 δν
1087 1639 1121 1700 έν
1143 1642 1182 1723 τῷ
1204 1640 1257 1723 sits»
1279 1640 1379 1719 προεί-

337 1756 441 1827 ληπτο.
470 1747 556 1827 άγιον
576 1752 691 1824 πνεῦμα
710 1745 890 1825 προσέθηκα·
920 1744 988 1809 ἀλλ’
1004 1745 1065 1824 άμα
1085 1747 1133 1809 καὶ
1152 1749 1245 1811 πόθεν
1266 1748 1313 1810 καὶ
1332 1751 1380 1810 διδ

337 1856 418 1922 τίνος
435 1855 507 1934 ἧκεν
526 1854 693 1936 έφήρμοσα.
715 1857 744 1918 oi
759 1856 792 1917 δὲ
806 1854 859 1918 οὐκ
874 1858 979 1917 ἴσασιν
993 1855 1039 1917 ὅτι
1052 1853 1126 1933 μήτε
1142 1856 1382 1935 ἀπηλλοτρίωται

338 1963 433 2044 πατὴρ
454 1966 518 2027 νίοΰ
539 1961 558 2043 ᾗ
580 1961 683 2044 πατήρ.
706 1961 956 2043 προκαταρκτικὸν
979 1961 1036 2043 γάρ
1059 1962 1124 2024 έστι
1146 1966 1196 2040 τῆς
1218 1963 1382 2042 συναφείας

336 2073 371 2136 τδ
394 2076 498 2153 ὄνομα·
530 2074 598 2137 οὔτε
623 2075 640 2136 ὁ
664 2073 727 2138 viis
742 2070 904 2158 άπιγίκισται
931 2076 984 2134 τοῦ
1008 2074 1127 2152 πατρός·
1159 2073 1177 2151 ἡ
1201 2074 1258 2153 γὰρ
1281 2071 1376 2151 πατὴρ

337 2183 522 2262 προσηγορία
542 2187 631 2260 δηλοῖ
646 2182 700 2260 τὴν
719 2182 885 2245 κοινωνίαν.
908 2181 942 2244 έν
957 2205 989 2245 τε
1004 2186 1070 2246 ταῖς
1083 2181 1190 2262 χερσὶν
1204 2180 1299 2242 αὐτῶν
1314 2180 1380 2243 ἐστὶ

337 2289 371 2352 τὸ
386 2296 512 2370 πνεῦμα,
526 2290 600 2370 μήτε
617 2296 670 2356 τοῦ
688 2291 867 2371 πέμποντος,
881 2289 954 2369 μήτε
974 2295 1026 2352 τοῦ
1046 2288 1200 2369 φέροντος,
1217 2287 1381 2366 δυνάμενον

338 2398 507 2479 στέρεσθαι·
540 2405 602 2466 πῶς
622 2402 676 2464 οὖν
697 2402 714 2463 ὀ
736 2401 849 2465 τούτοις
872 2401 1024 2481 χρώμενος
1047 2404 1109 2462 τοῖς
1132 2399 1269 2476 ὀνόμασι,
1293 2421 1380 2475 μεμε-

336 2511 439 2587 ρίσθαι
455 2513 544 2572 ταῦτα
560 2509 607 2573 καὶ
621 2511 791 2591 άφωρίσθαι
805 2514 959 2575 παντελῶς
974 2509 1117 2585 ἀλλήλων
1132 2509 1248 2585 οίομαι;

379 2623 429 2675 Καὶ
441 2626 497 2690 μετ’
511 2619 589 2694 ὀλίγα
604 2620 714 2696 (inquit
727 2619 921 2693 Athanasius)
939 2622 1029 2693 έπάγιι
1041 2622 1136 2692 λέγων.

382 2723 468 2785 otro
482 2724 538 2800 μὲν
552 2723 635 2801 ἡμεῖς
653 2726 694 2790 εἴς
711 2748 744 2786 τε
758 2724 812 2801 τὴν
828 2728 980 2787 ΤΡΙΑΔΑ
995 2722 1049 2801 τὴν
1063 2720 1178 2801 μονάδα
1192 2723 1382 2800 πλατύνομεν

338 2830 513 2910 ἀδιαίρετον,
531 2831 579 2893 καὶ
600 2830 655 2908 riv
675 2836 826 2894 ΤΡΙΑΔΑ
850 2832 943 2895 πάλιν
964 2833 1109 2911 άμείωτον
1132 2834 1173 2898 είς
1191 2830 1245 2908 τὴν
1266 2828 1382 2909 μονάδα

339 2941 647 3021 συγκεφαλαιούμεθα.
692 2944 890 3005 Adducuntnr
905 2947 966 3005 haec
979 2947 1016 3005 ab
1031 2945 1201 3014 Athanasio,
1217 2945 1265 3002 ubi
1284 2964 1381 3022 supra.

338 3070 367 3107 n.
382 3050 452 3106 xvii.
468 3070 496 3127 p.
512 3047 581 3106 254.

380 3287 501 3365 Singula
515 3288 632 3345 nomina
646 3308 723 3346 ame
738 3287 833 3365 prola·
885 3287 986 3345 rentioe
1011 3299 1042 3345 et
1066 3282 1298 3363 conjunctionis=
1332 3306 1381 3344 ne·

340 3380 370 3427 ta
391 3389 408 3424 a
429 3387 460 3424 se
484 3368 606 3424 invicem
632 3387 685 3424 nec
710 3367 835 3443 seperari
885 3387 942 3443 qne
964 3365 1073 3423 Filium
1093 3386 1109 3422 a
1129 3366 1217 3422 Patre
1238 3367 1381 3441 separari3

340 3458 460 3524 queunt,
489 3467 542 3504 uec
570 3446 670 3504 dividi.
717 3447 834 3503 Patrem
885 3446 940 3502 hoc
961 3464 1085 3520 namque
1105 3441 1276 3501 vocabulum
1296 3453 1383 3520 pater

340 3527 408 3592 dixi,
423 3537 452 3583 et
466 3527 547 3604 prius
566 3545 651 3602 qnam
668 3525 737 3582 Filii
753 3544 834 3582 men·
885 3524 1174 3583 communicationem
1185 3522 1302 3581 indicat.
1325 3523 1382 3581 Est

339 3606 448 3663 tionem
471 3607 606 3670 facerem,
626 3605 687 3681 jam
713 3625 779 3663 eum
804 3604 835 3661 in
884 3615 915 3661 et
937 3604 967 3660 in
991 3603 1123 3660 manibus
1148 3600 1263 3658 illorum
1290 3601 1382 3678 Spiri-

341 3686 428 3742 Patre
447 3684 613 3761 significavi.
658 3685 766 3743 Filium
784 3682 834 3741 ad·
885 3694 945 3751 tus,
974 3682 1024 3759 qui
1056 3701 1150 3758 neque
1185 3700 1202 3737 a
1236 3681 1382 3749 mittente,

336 3764 432 3840 junxi,
455 3784 488 3821 ac
511 3764 610 3830 Pater,
632 3765 744 3823 etiamsi
767 3783 834 3820 eum
885 3783 981 3840 neque
999 3782 1017 3819 s
1035 3761 1148 3819 ferente
1162 3759 1261 3818 divelli
1276 3772 1382 3840 potest.

340 3865 399 3901 non
435 3844 515 3921 prius
549 3845 750 3911 nominassem,
774 3843 835 3918 jam
886 3841 1043 3913 Quomodo
1062 3842 1152 3918 igitur
1171 3860 1235 3915 ego,
1250 3842 1299 3917 qui
1315 3842 1380 3899 tali-

339 3924 458 3987 nmnino
476 3924 506 3979 in
522 3921 597 3979 Filio
614 3924 837 4002 comprehensus
886 3923 941 3980 bus
963 3932 1030 3979 ntor
1051 3920 1226 3985 nominibus,
1243 3919 1294 3978 illa
1315 3942 1331 3978 a
1352 3941 1383 3981 ss

340 4002 447 4061 fuerat.
481 4001 622 4078 Spiritum
639 4014 770 4060 sanctum
785 4002 836 4059 ad·
887 4003 1010 4059 invicem
1042 4010 1173 4077 separata
1204 4010 1234 4055 et
1265 4000 1384 4057 omnino

339 4082 424 4139 didi:
457 4080 508 4139 sed
529 4080 615 4136 simul
636 4081 714 4138 unde
734 4091 764 4138 et
784 4101 836 4156 per
887 4080 979 4138 divisa
992 4079 1176 4136 existimem?

338 4181 424 4236 quem
467 4160 638 4238 processerit
688 4160 835 4218 subtexui.
928 4160 976 4216 Ita
998 4159 1114 4234 quidem
1140 4157 1282 4214 unitatem
1307 4157 1382 4213 indi-

341 4241 389 4297 Illi
404 4252 501 4298 autem
518 4239 663 4314 ignorant,
675 4258 769 4315 neque
780 4239 835 4295 Pa·
886 4237 1029 4295 visibilem
1054 4237 1084 4293 in
1110 4236 1285 4292 Trinitatem
1311 4235 1383 4292 dila·

340 4330 425 4387 trem,
450 4340 508 4396 qua
532 4325 618 4395 pater
640 4328 694 4382 est,
719 4337 736 4373 a
760 4317 836 4374 Filio
887 4329 993 4381 tamus,
1014 4328 1045 4374 et
1068 4335 1182 4372 rursum
1207 4315 1382 4373 Trinitatem

339 4399 459 4455 alienari
479 4416 578 4475 posse;
604 4417 668 4453 nam
689 4395 762 4453 illud
783 4416 835 4453 no.
887 4416 951 4473 qnae
965 4395 1057 4452 minui
1073 4393 1383 4469 nequit,inunitutem

341 4498 406 4535 men
429 4488 579 4536 causaest
602 4474 722 4534 evidens
742 4476 835 4533 coita·
886 4475 1092 4533 contrahimus.

817 4704 906 4767 gea
