3700 5667
497 680 562 745 456
794 678 1043 755 uanUlAE
1070 678 1246 741 SACRAE.

496 846 658 910 laboribus
677 844 840 908 hominum
861 844 985 927 requies
1006 842 1080 922 (sor.
1099 840 1251 926 requietis
1271 841 1419 923 Wolker.)
1442 840 1556 905 locum

496 964 623 1019 noctem
643 954 710 1017 dies
732 954 967 1037 superduceret,
984 974 1092 1016 rursus
1114 951 1181 1015 dies
1203 951 1462 1037 supervinceret;
1488 952 1555 1016 hnc

496 1086 530 1127 se
555 1064 625 1143 (for.
650 1084 688 1126 nc
712 1062 768 1138 sic,
797 1062 945 1145 Wolkcr.)
970 1061 1095 1126 alterno
1119 1062 1185 1124 vice
1211 1061 1301 1125 labor
1327 1061 1444 1144 quietis
1470 1061 1550 1145 (for.

496 1174 602 1258 quiete
631 1172 743 1245 noctis,
780 1171 926 1255 Walkcr.)
957 1171 1162 1249 refoveretur,
1192 1171 1281 1256 quies
1312 1171 1550 1236 exercitatione

495 1304 604 1347 rursus
617 1281 680 1345 diei
695 1288 936 1365 temperaretur.
982 1283 1123 1361 *Quone
1140 1281 1191 1345 dio
1201 1281 1356 1364 fecitduo
1371 1280 1549 1345 heminaria
1557 1308 1576 1365 5

494 1395 529 1456 in
551 1391 632 1468 coh,
654 1391 755 1473 nsojm
775 1399 802 1453 a
821 1390 931 1463 mictu,
954 1398 988 1453 ut
1009 1390 1138 1454 alterum
1155 1398 1297 1475 processi
1317 1389 1389 1462 dici,
1413 1390 1548 1454 mum

494 1500 584 1574 crecti,
605 1499 679 1563 solis
701 1505 735 1562 et
757 1499 859 1577 lunae3
886 1506 1066 1582 caeteruque
1087 1499 1193 1563 sidero
1215 1499 1320 1584 posuit
1342 1499 1373 1562 in
1396 1500 1490 1574 coelo,
1512 1511 1547 1565 ut

493 1611 623 1674 lucerent
640 1631 730 1694 cuper
750 1619 873 1685 utram,
889 1617 923 1673 et
943 1609 1158 1673 discernerent
1176 1618 1321 1695 tempore
1334 1618 1367 1673 et
1385 1630 1491 1673 annos
1511 1618 1546 1675 et

494 1742 618 1784 menses
633 1728 667 1783 et
682 1720 750 1783 dies
764 1727 798 1783 et
813 1720 909 1783 horos
923 1741 981 1804 per
996 1719 1161 1784 stationes.

536 1829 633 1892 Nunc
656 1828 739 1892 ratio
761 1826 906 1891 veritatis
932 1827 1122 1903 ostenditur,
1146 1847 1244 1911 qunre
1266 1825 1333 1890 dies
1355 1849 1412 1890 nn.
1437 1834 1545 1891 tetras
1560 1857 1596 1896 ιο

492 1944 695 2019 nuncupetur
711 1938 783 2015 (for.
800 1938 1037 2020 nuncupetur);
1063 1956 1161 2019 quare
1181 1936 1254 2015 (for.
1269 1958 1333 2020 qun
1352 1935 1416 2015 dic)
1438 1958 1543 2021 usque

491 2049 534 2112 ud
559 2048 670 2111 horem
698 2069 813 2111 nonem
836 2047 1031 2132 jejunamus,
1054 2068 1154 2129 usque
1180 2046 1248 2125 (for.
1273 2054 1331 2110 sut
1357 2051 1472 2129 usque)
1498 2048 1542 2110 sd

491 2178 664 2241 vesperam,
680 2164 738 2220 nut
753 2154 966 2239 superpositio
981 2177 1079 2240 usque
1094 2154 1276 2219 inultorum
1291 2153 1374 2216 diem
1389 2148 1449 2216 tint
1464 2153 1540 2236 (for.

490 2268 552 2349 fit).
600 2268 743 2331 Mundus
766 2266 875 2351 ituque
899 2265 961 2330 iste
985 2288 1025 2329 ex
1049 2274 1188 2350 quatuor
1210 2263 1372 2329 elementis
1398 2271 1540 2337 constat,

491 2376 572 2461 igne,
599 2397 694 2459 nque,
720 2374 813 2451 coelo,
839 2382 936 2437 terra.
988 2372 1068 2436 Haec
1094 2373 1192 2457 igitur
1217 2378 1354 2457 quntuor
1379 2371 1542 2437 elementa
1556 2404 1564 2441 ι
1573 2405 1591 2461 5

491 2494 669 2569 temporum
691 2483 764 2567 (sor.
780 2484 904 2547 dolend.
927 2491 1119 2567 temporum,
1143 2483 1293 2564 Walter.)
1310 2484 1469 2547 tetradem
1493 2484 1540 2549 fn·

490 2593 586 2657 ciunt.
632 2593 687 2656 sol
702 2614 827 2677 quoque
846 2600 880 2656 et
894 2594 970 2656 lunc
985 2591 1130 2677 perenni
1148 2592 1285 2676 sputiuru
1304 2600 1442 2676 quotuor
1456 2600 1539 2657 tem-

489 2724 569 2788 pore
594 2702 746 2779 efficiunt,
771 2701 862 2775 veris,
889 2701 1024 2777 testatis,
1050 2701 1207 2778 autumni,
1233 2702 1374 2786 hyemis,
1407 2711 1442 2767 et
1467 2704 1539 2769 hoec

489 2818 636 2894 tempora
658 2810 818 2873 tetradem
840 2808 971 2872 faciunt.
1018 2809 1063 2873 Et
1084 2817 1120 2873 ut
1140 2832 1179 2873 cx
1199 2832 1238 2874 ee
1258 2832 1293 2874 re
1307 2810 1430 2896 longius
1445 2833 1538 2877 euar-

488 2937 567 2991 rem‚
581 2938 654 2980 ecce
677 2916 842 3002 bquetuor
863 2916 1014 2981 animulis
1035 2928 1112 2983 anto
1134 2920 1283 2984 thronum
1307 2920 1377 2996 Dei,
1397 2929 1590 3007 quntuor20

488 3023 663 3108 evangelio,
682 3030 844 3108 equatuor
863 3024 994 3089 flumine
1012 3026 1045 3090 in
1066 3029 1214 3113 purcdiso
1235 3029 1376 3106 fluentia,
1397 3041 1539 3117 quatuor

486 3132 709 3217 generationes
730 3132 929 3218 populorum,
945 3137 987 3199 ab
1010 3138 1117 3202 Adam
1140 3140 1303 3223 usquead
1327 3140 1407 3217 Noc,
1421 3164 1442 3205 n
1465 3142 1538 3208 Noe

487 3263 587 3328 usque
611 3243 653 3307 nd
679 3243 858 3321 Abrnhnm,
882 3245 924 3308 ab
948 3247 1117 3311 Abrohom
1141 3270 1240 3333 usque
1263 3251 1305 3313 od
1333 3253 1494 3335 Moyscm,
1516 3277 1538 3318 a

489 3351 603 3436 Moyse
631 3375 730 3438 usque
758 3354 800 3418 nd
828 3354 990 3421 Christum
1020 3357 1203 3435 Dominum,
1234 3360 1351 3425 Filium
1380 3360 1462 3438 Dei;
1502 3372 1537 3427 ct

485 3462 650 3547 dquotuor
671 3464 822 3529 animulis
846 3465 916 3548 (for.
940 3468 1076 3532 nddend.
1099 3468 1240 3550 similia),
1263 3470 1408 3544 hominis,
1432 3471 1536 3550 vituli,
1547 3509 1585 3568 ²5

486 3572 595 3650 lconis,
609 3573 742 3658 nquilae;
765 3583 799 3638 et
818 3586 980 3658 equatuor
998 3577 1137 3651 flumine,
1154 3579 1271 3663 Fyson,
1289 3582 1393 3657 Geon,
1408 3580 1535 3666 Tygris,

487 3682 681 3767 Euphrates.
720 3683 828 3746 Homo
857 3686 1003 3750 Christus
1036 3687 1133 3751 Jesus
1165 3697 1279 3752 uuctor
1312 3711 1433 3765 corum,
1462 3714 1535 3775 quse

486 3812 581 3873 supra
603 3793 856 3870 memoravimus,
872 3797 999 3860 tctrcdc
1020 3797 1063 3860 ub
1085 3798 1188 3882 impiis
1210 3801 1454 3884 comprehensus
1473 3812 1535 3868 est.

487 3901 603 3985 Itaque
622 3902 663 3963 ob
681 3901 899 3985 captivitatem
921 3906 989 3992 ejus
1009 3908 1168 3972 tetradem
1186 3909 1255 3989 (sor.
1273 3911 1411 3986 tetrade,
1426 3917 1475 3991 et)
1493 3914 1537 3977 ob

485 4010 686 4093 majestatem
707 4034 837 4096 operum
860 4037 1001 4094 suorum,
1016 4024 1049 4081 ct
1065 4017 1137 4099 (sor.
1153 4024 1205 4100 ut)
1223 4028 1368 4105 temporn
1390 4021 1589 4105 humani-30

487 4118 564 4183 tntis
579 4118 653 4203 (sor.
672 4121 880 4207 humanitati)
899 4125 1048 4199 salubria,
1069 4127 1212 4210 frugibus
1231 4130 1317 4205 laete,
1334 4133 1537 4215 tempestati-

484 4228 543 4292 bus
558 4231 740 4315 trnnquilln,
756 4234 937 4313 decurrunt,
953 4237 1024 4301 ideo
1038 4247 1096 4301 aut
1112 4237 1185 4315 (for.
1201 4238 1333 4304 addend.
1349 4240 1533 4321 stationem,

482 4344 553 4417 aut)
571 4343 854 4427 superpositionem
870 4345 1010 4409 facimus.

548 4538 561 4563 a
573 4528 636 4575 (ieri.
648 4529 664 4576 i.
680 4531 717 4589 16,
731 4545 766 4591 ¹7·
932 4536 1034 4597 bstpor.
1045 4537 1076 4582 iv.
1090 4536 1112 4583 ⁶.
1279 4550 1290 4577 r
1304 4542 1366 4587 usn.
1378 4540 1402 4586 ii.
1419 4553 1456 4587 ιο.

529 4606 558 4669 ,ἅ
570 4608 644 4668 Apoc
657 4609 689 4656 iv.
704 4621 725 4667 7.
931 4616 1017 4663 coen.
1029 4617 1055 4665 ii.
1072 4631 1106 4665 ιι.
