<?xml version="1.0" encoding="UTF-8"?>
<!DOCTYPE html PUBLIC "-//W3C//DTD XHTML 1.0 Transitional//EN"
    "http://www.w3.org/TR/xhtml1/DTD/xhtml1-transitional.dtd">
<html xmlns="http://www.w3.org/1999/xhtml" xml:lang="en" lang="en">
 <head>
  <title>
</title>
<meta http-equiv="Content-Type" content="text/html;charset=utf-8" />
  <meta name='ocr-system' content='tesseract 3.04.00' />
  <meta name='ocr-capabilities' content='ocr_page ocr_carea ocr_par ocr_line ocrx_word'/>
</head>
<body>
  <div class='ocr_page' id='page_1' title='image "./reliquiaesacrae08routgoog_0362.png"; bbox 0 0 3700 5667; ppageno 0'>
   <div class='ocr_carea' id='block_1_1' title="bbox 393 648 1104 715">
    <p class='ocr_par' dir='ltr' id='par_1_1' title="bbox 393 648 1104 715">
     <span class='ocr_line' id='line_1_1' title="bbox 393 648 1104 715; baseline 0.006 -4"><span class='ocrx_word' id='word_1_1' title='bbox 393 649 458 711; x_wconf 78' lang='lat'><strong>854</strong></span> <span class='ocrx_word' id='word_1_2' title='bbox 722 648 1104 715; x_wconf 87' lang='lat' dir='ltr'><strong>ANNOTATIONES</strong></span> 
     </span>
    </p>
   </div>
   <div class='ocr_carea' id='block_1_2' title="bbox 391 817 1448 1213">
    <p class='ocr_par' dir='ltr' id='par_1_2' title="bbox 391 817 1448 1213">
     <span class='ocr_line' id='line_1_2' title="bbox 391 817 1448 906; baseline 0.004 -26"><span class='ocrx_word' id='word_1_3' title='bbox 391 817 490 896; x_wconf 78' lang='grc' dir='ltr'>μένος.</span> <span class='ocrx_word' id='word_1_4' title='bbox 536 819 684 883; x_wconf 78' lang='lat' dir='ltr'><strong>Ceterum</strong></span> <span class='ocrx_word' id='word_1_5' title='bbox 704 821 830 906; x_wconf 90' lang='lat' dir='ltr'><strong>egregie</strong></span> <span class='ocrx_word' id='word_1_6' title='bbox 849 842 906 886; x_wconf 85' lang='lat' dir='ltr'><strong>sex</strong></span> <span class='ocrx_word' id='word_1_7' title='bbox 923 820 968 885; x_wconf 93' lang='lat' dir='ltr'><strong>illi</strong></span> <span class='ocrx_word' id='word_1_8' title='bbox 982 820 1114 906; x_wconf 84' lang='lat' dir='ltr'><strong>hujusce</strong></span> <span class='ocrx_word' id='word_1_9' title='bbox 1133 820 1256 885; x_wconf 84' lang='lat' dir='ltr'><strong>concilii</strong></span> <span class='ocrx_word' id='word_1_10' title='bbox 1272 828 1389 906; x_wconf 88' lang='lat' dir='ltr'><strong>patres</strong></span> <span class='ocrx_word' id='word_1_11' title='bbox 1408 821 1448 885; x_wconf 89' lang='lat' dir='ltr'><strong>de</strong></span> 
     </span>
     <span class='ocr_line' id='line_1_3' title="bbox 393 917 1447 1009; baseline 0.008 -29"><span class='ocrx_word' id='word_1_12' title='bbox 393 917 508 983; x_wconf 90' lang='lat' dir='ltr'><strong>unione</strong></span> <span class='ocrx_word' id='word_1_13' title='bbox 531 920 665 984; x_wconf 89' lang='lat' dir='ltr'><strong>duarum</strong></span> <span class='ocrx_word' id='word_1_14' title='bbox 689 921 722 985; x_wconf 93' lang='lat' dir='ltr'><strong>in</strong></span> <span class='ocrx_word' id='word_1_15' title='bbox 746 922 878 986; x_wconf 90' lang='lat' dir='ltr'><strong>Christo</strong></span> <span class='ocrx_word' id='word_1_16' title='bbox 901 932 1089 988; x_wconf 88' lang='lat' dir='ltr'><strong>naturarum</strong></span> <span class='ocrx_word' id='word_1_17' title='bbox 1112 923 1145 986; x_wconf 89' lang='lat' dir='ltr'><strong>in</strong></span> <span class='ocrx_word' id='word_1_18' title='bbox 1168 923 1313 1009; x_wconf 77' lang='lat' dir='ltr'><strong>Epistola</strong></span> <span class='ocrx_word' id='word_1_19' title='bbox 1337 923 1447 1008; x_wconf 86' lang='lat' dir='ltr'><strong>priore</strong></span> 
     </span>
     <span class='ocr_line' id='line_1_4' title="bbox 391 1021 1447 1108; baseline 0.006 -24"><span class='ocrx_word' id='word_1_20' title='bbox 391 1021 586 1105; x_wconf 81' lang='lat' dir='ltr'><strong>scripsemut</strong></span> <span class='ocrx_word' id='word_1_21' title='bbox 598 1045 670 1108; x_wconf 90' lang='lat' dir='ltr'><strong>pag.</strong></span> <span class='ocrx_word' id='word_1_22' title='bbox 684 1039 864 1108; x_wconf 85' lang='lat'><strong>297-299.</strong></span> <span class='ocrx_word' id='word_1_23' title='bbox 889 1026 1149 1091; x_wconf 85' lang='lat' dir='ltr'><strong>Lutheranorum</strong></span> <span class='ocrx_word' id='word_1_24' title='bbox 1164 1034 1273 1091; x_wconf 88' lang='lat' dir='ltr'><strong>autem</strong></span> <span class='ocrx_word' id='word_1_25' title='bbox 1285 1035 1320 1091; x_wconf 89' lang='lat' dir='ltr'><strong>et</strong></span> <span class='ocrx_word' id='word_1_26' title='bbox 1332 1025 1447 1090; x_wconf 78' lang='lat' dir='ltr'><strong>Refor-</strong></span> 
     </span>
     <span class='ocr_line' id='line_1_5' title="bbox 394 1123 1445 1213; baseline 0.007 -28"><span class='ocrx_word' id='word_1_27' title='bbox 394 1130 552 1187; x_wconf 87' lang='lat' dir='ltr'><strong>matorum</strong></span> <span class='ocrx_word' id='word_1_28' title='bbox 567 1124 608 1189; x_wconf 95' lang='lat' dir='ltr'><strong>de</strong></span> <span class='ocrx_word' id='word_1_29' title='bbox 622 1123 906 1192; x_wconf 72' lang='lat' dir='ltr'><strong>communicatione</strong></span> <span class='ocrx_word' id='word_1_30' title='bbox 920 1127 1109 1193; x_wconf 90' lang='lat' dir='ltr'><strong>idiomatum</strong></span> <span class='ocrx_word' id='word_1_31' title='bbox 1124 1128 1198 1193; x_wconf 86' lang='lat' dir='ltr'><strong>lites</strong></span> <span class='ocrx_word' id='word_1_32' title='bbox 1218 1150 1283 1192; x_wconf 91' lang='lat' dir='ltr'><strong>non</strong></span> <span class='ocrx_word' id='word_1_33' title='bbox 1303 1129 1445 1213; x_wconf 82' lang='lat' dir='ltr'><strong>attingo,</strong></span> 
     </span>
    </p>
   </div>
   <div class='ocr_carea' id='block_1_3' title="bbox 393 1224 1446 1414">
    <p class='ocr_par' dir='ltr' id='par_1_3' title="bbox 393 1224 1446 1414">
     <span class='ocr_line' id='line_1_6' title="bbox 394 1224 1446 1308; baseline 0.007 -21"><span class='ocrx_word' id='word_1_34' title='bbox 394 1224 448 1308; x_wconf 90' lang='lat' dir='ltr'><strong>qui</strong></span> <span class='ocrx_word' id='word_1_35' title='bbox 468 1232 576 1289; x_wconf 91' lang='lat' dir='ltr'><strong>temen</strong></span> <span class='ocrx_word' id='word_1_36' title='bbox 596 1248 705 1291; x_wconf 89' lang='lat' dir='ltr'><strong>omnes</strong></span> <span class='ocrx_word' id='word_1_37' title='bbox 724 1250 821 1292; x_wconf 92' lang='lat' dir='ltr'><strong>uuum</strong></span> <span class='ocrx_word' id='word_1_38' title='bbox 843 1229 1005 1294; x_wconf 79' lang='lat' dir='ltr'>Christum</span> <span class='ocrx_word' id='word_1_39' title='bbox 1024 1252 1134 1294; x_wconf 86' lang='lat' dir='ltr'><strong>verum</strong></span> <span class='ocrx_word' id='word_1_40' title='bbox 1154 1230 1259 1294; x_wconf 91' lang='lat' dir='ltr'><strong>Deum</strong></span> <span class='ocrx_word' id='word_1_41' title='bbox 1278 1238 1314 1296; x_wconf 89' lang='lat' dir='ltr'><strong>et</strong></span> <span class='ocrx_word' id='word_1_42' title='bbox 1332 1251 1446 1295; x_wconf 86' lang='lat' dir='ltr'><strong>verum</strong></span> 
     </span>
     <span class='ocr_line' id='line_1_7' title="bbox 393 1326 965 1414; baseline 0.003 -25"><span class='ocrx_word' id='word_1_43' title='bbox 393 1326 552 1392; x_wconf 89' lang='lat' dir='ltr'><strong>hominem</strong></span> <span class='ocrx_word' id='word_1_44' title='bbox 567 1351 601 1392; x_wconf 88' lang='lat' dir='ltr'><strong>se</strong></span> <span class='ocrx_word' id='word_1_45' title='bbox 615 1328 751 1392; x_wconf 91' lang='lat' dir='ltr'><strong>adorare</strong></span> <span class='ocrx_word' id='word_1_46' title='bbox 765 1329 965 1414; x_wconf 86' lang='lat' dir='ltr'><strong>profitentur.</strong></span> 
     </span>
    </p>
   </div>
   <div class='ocr_carea' id='block_1_4' title="bbox 394 1426 1449 2436">
    <p class='ocr_par' dir='ltr' id='par_1_4' title="bbox 394 1426 1445 1619">
     <span class='ocr_line' id='line_1_8' title="bbox 439 1426 1445 1518; baseline 0.005 -26"><span class='ocrx_word' id='word_1_47' title='bbox 439 1426 477 1494; x_wconf 89' lang='lat' dir='ltr'><strong>P.</strong></span> <span class='ocrx_word' id='word_1_48' title='bbox 494 1448 568 1513; x_wconf 86' lang='lat'><strong>312.</strong></span> <span class='ocrx_word' id='word_1_49' title='bbox 584 1431 603 1494; x_wconf 94' lang='lat' dir='ltr'><strong>l.</strong></span> <span class='ocrx_word' id='word_1_50' title='bbox 621 1451 669 1515; x_wconf 89' lang='lat'><strong>13.</strong></span> <span class='ocrx_word' id='word_1_51' title='bbox 685 1438 745 1494; x_wconf 84' lang='grc' dir='ltr'><strong>τῶν</strong></span> <span class='ocrx_word' id='word_1_52' title='bbox 759 1433 848 1495; x_wconf 81' lang='grc' dir='ltr'>θείων</span> <span class='ocrx_word' id='word_1_53' title='bbox 863 1434 972 1515; x_wconf 78' lang='grc' dir='ltr'>ἔργων]</span> <span class='ocrx_word' id='word_1_54' title='bbox 988 1430 1104 1497; x_wconf 66' lang='grc' dir='ltr'>Οοαΐθι·</span> <span class='ocrx_word' id='word_1_55' title='bbox 1118 1433 1301 1494; x_wconf 77' lang='lat' dir='ltr'><strong>Mannouis</strong></span> <span class='ocrx_word' id='word_1_56' title='bbox 1314 1454 1445 1518; x_wconf 75' lang='lat' dir='ltr'><strong>excerp</strong></span> 
     </span>
     <span class='ocr_line' id='line_1_9' title="bbox 394 1533 739 1619; baseline -0.009 -20"><span class='ocrx_word' id='word_1_57' title='bbox 394 1544 472 1610; x_wconf 89' lang='lat' dir='ltr'><strong>tum,</strong></span> <span class='ocrx_word' id='word_1_58' title='bbox 490 1533 559 1598; x_wconf 93' lang='lat' dir='ltr'><strong>Vol.</strong></span> <span class='ocrx_word' id='word_1_59' title='bbox 577 1535 606 1596; x_wconf 94' lang='lat' dir='ltr'><strong>I.</strong></span> <span class='ocrx_word' id='word_1_60' title='bbox 623 1557 653 1619; x_wconf 88' lang='lat' dir='ltr'><strong>p.</strong></span> <span class='ocrx_word' id='word_1_61' title='bbox 670 1552 739 1596; x_wconf 87' lang='lat'>121.</span> 
     </span>
    </p>

    <p class='ocr_par' dir='ltr' id='par_1_5' title="bbox 395 1636 1449 2132">
     <span class='ocr_line' id='line_1_10' title="bbox 440 1636 1447 1722; baseline 0.001 -21"><span class='ocrx_word' id='word_1_62' title='bbox 440 1636 478 1701; x_wconf 89' lang='lat' dir='ltr'><strong>P.</strong></span> <span class='ocrx_word' id='word_1_63' title='bbox 493 1657 568 1722; x_wconf 89' lang='grc'><strong>313.</strong></span> <span class='ocrx_word' id='word_1_64' title='bbox 584 1636 604 1700; x_wconf 93' lang='lat' dir='ltr'><strong>l.</strong></span> <span class='ocrx_word' id='word_1_65' title='bbox 618 1657 650 1717; x_wconf 89' lang='lat'><strong>4.</strong></span> <span class='ocrx_word' id='word_1_66' title='bbox 674 1638 722 1700; x_wconf 81' lang='grc' dir='ltr'>καὶ</span> <span class='ocrx_word' id='word_1_67' title='bbox 740 1637 780 1716; x_wconf 81' lang='grc' dir='ltr'><strong>μὴ</strong></span> <span class='ocrx_word' id='word_1_68' title='bbox 796 1639 927 1722; x_wconf 79' lang='grc' dir='ltr'>εἴκοντα]</span> <span class='ocrx_word' id='word_1_69' title='bbox 950 1640 999 1702; x_wconf 83' lang='grc' dir='ltr'>καὶ</span> <span class='ocrx_word' id='word_1_70' title='bbox 1016 1637 1057 1718; x_wconf 68' lang='grc' dir='ltr'><strong>μὴ</strong></span> <span class='ocrx_word' id='word_1_71' title='bbox 1075 1638 1187 1717; x_wconf 77' lang='grc' dir='ltr'>ἥκοντα</span> <span class='ocrx_word' id='word_1_72' title='bbox 1205 1637 1281 1701; x_wconf 74' lang='lat' dir='ltr'><strong>MS.</strong></span> <span class='ocrx_word' id='word_1_73' title='bbox 1296 1637 1391 1701; x_wconf 83' lang='lat' dir='ltr'><strong>Bodl·</strong></span> <span class='ocrx_word' id='word_1_74' title='bbox 1412 1645 1447 1702; x_wconf 81' lang='lat' dir='ltr'><strong>et</strong></span> 
     </span>
     <span class='ocr_line' id='line_1_11' title="bbox 395 1736 1445 1823; baseline 0.001 -21"><span class='ocrx_word' id='word_1_75' title='bbox 395 1737 559 1823; x_wconf 74' lang='lat' dir='ltr'><strong>Syooellue.</strong></span> <span class='ocrx_word' id='word_1_76' title='bbox 604 1736 637 1800; x_wconf 92' lang='lat' dir='ltr'><strong>N</strong></span> <span class='ocrx_word' id='word_1_77' title='bbox 640 1759 701 1801; x_wconf 92' lang='lat' dir='ltr'><strong>uno</strong></span> <span class='ocrx_word' id='word_1_78' title='bbox 717 1738 808 1802; x_wconf 80' lang='lat' dir='ltr'><strong>addit</strong></span> <span class='ocrx_word' id='word_1_79' title='bbox 823 1737 988 1803; x_wconf 89' lang='lat' dir='ltr'><strong>Burtonus</strong></span> <span class='ocrx_word' id='word_1_80' title='bbox 1002 1740 1087 1804; x_wconf 83' lang='lat' dir='ltr'><strong>codd.</strong></span> <span class='ocrx_word' id='word_1_81' title='bbox 1102 1738 1192 1803; x_wconf 82' lang='lat' dir='ltr'><strong>Med.</strong></span> <span class='ocrx_word' id='word_1_82' title='bbox 1206 1739 1294 1802; x_wconf 78' lang='grc' dir='ltr'>Μαυ.</span> <span class='ocrx_word' id='word_1_83' title='bbox 1309 1746 1343 1803; x_wconf 86' lang='lat' dir='ltr'><strong>ct</strong></span> <span class='ocrx_word' id='word_1_84' title='bbox 1358 1739 1445 1803; x_wconf 67' lang='lat' dir='ltr'><strong>Fue.</strong></span> 
     </span>
     <span class='ocr_line' id='line_1_12' title="bbox 397 1837 1449 1928; baseline 0 -23"><span class='ocrx_word' id='word_1_85' title='bbox 397 1837 461 1905; x_wconf 86' lang='lat' dir='ltr'><strong>Sed</strong></span> <span class='ocrx_word' id='word_1_86' title='bbox 479 1839 614 1928; x_wconf 79' lang='lat' dir='ltr'><strong>Rufinus</strong></span> <span class='ocrx_word' id='word_1_87' title='bbox 627 1847 718 1904; x_wconf 87' lang='lat' dir='ltr'><strong>vetus</strong></span> <span class='ocrx_word' id='word_1_88' title='bbox 738 1840 855 1927; x_wconf 82' lang='lat' dir='ltr'><strong>interp.</strong></span> <span class='ocrx_word' id='word_1_89' title='bbox 872 1841 980 1915; x_wconf 84' lang='lat' dir='ltr'><strong>habet,</strong></span> <span class='ocrx_word' id='word_1_90' title='bbox 997 1863 1098 1926; x_wconf 89' lang='lat' dir='ltr'><strong>neque</strong></span> <span class='ocrx_word' id='word_1_91' title='bbox 1117 1841 1346 1927; x_wconf 67' lang='lat' dir='ltr'><strong>acquiescentem</strong></span> <span class='ocrx_word' id='word_1_92' title='bbox 1367 1863 1449 1905; x_wconf 74' lang='lat' dir='ltr'><strong>verm</strong></span> 
     </span>
     <span class='ocr_line' id='line_1_13' title="bbox 440 2045 1252 2132; baseline -0.006 -20"><span class='ocrx_word' id='word_1_93' title='bbox 440 2046 522 2112; x_wconf 87' lang='lat' dir='ltr'><strong>lbid.</strong></span> <span class='ocrx_word' id='word_1_94' title='bbox 538 2047 558 2110; x_wconf 94' lang='lat' dir='ltr'><strong>l.</strong></span> <span class='ocrx_word' id='word_1_95' title='bbox 575 2066 607 2132; x_wconf 86' lang='lat'><strong>5.</strong></span> <span class='ocrx_word' id='word_1_96' title='bbox 624 2048 803 2132; x_wconf 70' lang='grc' dir='ltr'>ἐπίσκοπον]</span> <span class='ocrx_word' id='word_1_97' title='bbox 821 2046 953 2111; x_wconf 78' lang='lat' dir='ltr'><strong>Omittit</strong></span> <span class='ocrx_word' id='word_1_98' title='bbox 968 2046 1096 2132; x_wconf 75' lang='lat' dir='ltr'><strong>Mcept.</strong></span> <span class='ocrx_word' id='word_1_99' title='bbox 1120 2045 1252 2110; x_wconf 72' lang='lat' dir='ltr'><strong>Snuorfl.</strong></span> 
     </span>
    </p>

    <p class='ocr_par' dir='ltr' id='par_1_6' title="bbox 395 2143 1448 2436">
     <span class='ocr_line' id='line_1_14' title="bbox 442 2143 1447 2232; baseline -0.004 -22"><span class='ocrx_word' id='word_1_100' title='bbox 442 2146 526 2211; x_wconf 88' lang='lat' dir='ltr'><strong>lbid.</strong></span> <span class='ocrx_word' id='word_1_101' title='bbox 550 2148 571 2210; x_wconf 90' lang='lat' dir='ltr'><strong>l.</strong></span> <span class='ocrx_word' id='word_1_102' title='bbox 595 2149 625 2210; x_wconf 85' lang='lat'><strong>6.</strong></span> <span class='ocrx_word' id='word_1_103' title='bbox 652 2151 704 2211; x_wconf 78' lang='grc' dir='ltr'><strong>τοῦ</strong></span> <span class='ocrx_word' id='word_1_104' title='bbox 727 2148 885 2232; x_wconf 78' lang='grc' dir='ltr'>μακαρίου]</span> <span class='ocrx_word' id='word_1_105' title='bbox 914 2152 966 2210; x_wconf 84' lang='grc' dir='ltr'><strong>τοῦ</strong></span> <span class='ocrx_word' id='word_1_106' title='bbox 991 2147 1152 2226; x_wconf 81' lang='grc' dir='ltr'>μακαρίτου</span> <span class='ocrx_word' id='word_1_107' title='bbox 1176 2145 1224 2210; x_wconf 81' lang='lat' dir='ltr'><strong>ed.</strong></span> <span class='ocrx_word' id='word_1_108' title='bbox 1241 2143 1345 2229; x_wconf 67' lang='lat' dir='ltr'><strong>&amp;opt</strong></span> <span class='ocrx_word' id='word_1_109' title='bbox 1408 2144 1447 2207; x_wconf 92' lang='lat' dir='ltr'><strong>ln</strong></span> 
     </span>
     <span class='ocr_line' id='line_1_15' title="bbox 396 2243 1448 2330; baseline -0.004 -18"><span class='ocrx_word' id='word_1_110' title='bbox 396 2248 504 2312; x_wconf 88' lang='lat' dir='ltr'><strong>codice</strong></span> <span class='ocrx_word' id='word_1_111' title='bbox 528 2248 697 2325; x_wconf 85' lang='lat' dir='ltr'><strong>Medicaeo,</strong></span> <span class='ocrx_word' id='word_1_112' title='bbox 722 2247 903 2312; x_wconf 88' lang='lat' dir='ltr'><strong>Fuketiano</strong></span> <span class='ocrx_word' id='word_1_113' title='bbox 928 2256 960 2313; x_wconf 88' lang='lat' dir='ltr'><strong>et</strong></span> <span class='ocrx_word' id='word_1_114' title='bbox 986 2246 1163 2318; x_wconf 71' lang='lat' dir='ltr'><strong>Macerino,</strong></span> <span class='ocrx_word' id='word_1_115' title='bbox 1186 2252 1220 2309; x_wconf 92' lang='lat' dir='ltr'><strong>et</strong></span> <span class='ocrx_word' id='word_1_116' title='bbox 1241 2245 1328 2330; x_wconf 86' lang='lat' dir='ltr'><strong>apud</strong></span> <span class='ocrx_word' id='word_1_117' title='bbox 1351 2243 1448 2308; x_wconf 91' lang='lat' dir='ltr'><strong>Nice-</strong></span> 
     </span>
     <span class='ocr_line' id='line_1_16' title="bbox 395 2345 1446 2436; baseline -0.002 -23"><span class='ocrx_word' id='word_1_118' title='bbox 395 2351 530 2435; x_wconf 91' lang='lat' dir='ltr'><strong>phorum</strong></span> <span class='ocrx_word' id='word_1_119' title='bbox 550 2358 583 2415; x_wconf 91' lang='lat' dir='ltr'><strong>et</strong></span> <span class='ocrx_word' id='word_1_120' title='bbox 603 2351 782 2436; x_wconf 84' lang='lat' dir='ltr'><strong>Syncellum</strong></span> <span class='ocrx_word' id='word_1_121' title='bbox 797 2350 913 2436; x_wconf 89' lang='lat' dir='ltr'><strong>legitur</strong></span> <span class='ocrx_word' id='word_1_122' title='bbox 926 2353 980 2413; x_wconf 78' lang='grc' dir='ltr'><strong>τοῦ</strong></span> <span class='ocrx_word' id='word_1_123' title='bbox 993 2351 1146 2430; x_wconf 81' lang='grc' dir='ltr'>μακαρίου.</span> <span class='ocrx_word' id='word_1_124' title='bbox 1169 2369 1227 2412; x_wconf 90' lang='lat' dir='ltr'><strong>uec</strong></span> <span class='ocrx_word' id='word_1_125' title='bbox 1242 2345 1379 2411; x_wconf 90' lang='lat' dir='ltr'><strong>multum</strong></span> <span class='ocrx_word' id='word_1_126' title='bbox 1395 2369 1446 2411; x_wconf 87' lang='lat' dir='ltr'><strong>re·</strong></span> 
     </span>
    </p>
   </div>
   <div class='ocr_carea' id='block_1_5' title="bbox 396 2447 1448 2637">
    <p class='ocr_par' dir='ltr' id='par_1_7' title="bbox 396 2447 1448 2637">
     <span class='ocr_line' id='line_1_17' title="bbox 396 2447 1445 2533; baseline -0.003 -18"><span class='ocrx_word' id='word_1_127' title='bbox 396 2453 460 2519; x_wconf 77' lang='lat' dir='ltr'><strong>fert</strong></span> <span class='ocrx_word' id='word_1_128' title='bbox 481 2464 555 2519; x_wconf 90' lang='lat' dir='ltr'><strong>utro</strong></span> <span class='ocrx_word' id='word_1_129' title='bbox 576 2455 672 2518; x_wconf 91' lang='lat' dir='ltr'><strong>modo</strong></span> <span class='ocrx_word' id='word_1_130' title='bbox 694 2453 860 2518; x_wconf 87' lang='lat' dir='ltr'><strong>scribatur.</strong></span> <span class='ocrx_word' id='word_1_131' title='bbox 885 2455 1046 2517; x_wconf 72' lang='lat' dir='ltr'><strong>Vnnnsrus.</strong></span> <span class='ocrx_word' id='word_1_132' title='bbox 1082 2451 1137 2529; x_wconf 76' lang='grc' dir='ltr'><strong>τὴν</strong></span> <span class='ocrx_word' id='word_1_133' title='bbox 1155 2455 1207 2512; x_wconf 82' lang='grc' dir='ltr'><strong>τοῦ</strong></span> <span class='ocrx_word' id='word_1_134' title='bbox 1226 2475 1257 2527; x_wconf 91' lang='grc' dir='ltr'><strong>μ.</strong></span> <span class='ocrx_word' id='word_1_135' title='bbox 1277 2447 1325 2511; x_wconf 85' lang='lat' dir='ltr'><strong>ed.</strong></span> <span class='ocrx_word' id='word_1_136' title='bbox 1342 2448 1445 2533; x_wconf 69' lang='lat' dir='ltr'><strong>scope.</strong></span> 
     </span>
     <span class='ocr_line' id='line_1_18' title="bbox 396 2549 1448 2637; baseline -0.002 -21"><span class='ocrx_word' id='word_1_137' title='bbox 396 2555 519 2619; x_wconf 78' lang='lat' dir='ltr'><strong>vitiose.</strong></span> <span class='ocrx_word' id='word_1_138' title='bbox 536 2553 668 2618; x_wconf 77' lang='lat' dir='ltr'><strong>Sunoru.</strong></span> <span class='ocrx_word' id='word_1_139' title='bbox 690 2553 833 2635; x_wconf 78' lang='grc' dir='ltr'>μακαρίου</span> <span class='ocrx_word' id='word_1_140' title='bbox 845 2559 1001 2637; x_wconf 84' lang='lat' dir='ltr'><strong>praestaut</strong></span> <span class='ocrx_word' id='word_1_141' title='bbox 1015 2552 1115 2615; x_wconf 72' lang='lat' dir='ltr'><strong>MSS.</strong></span> <span class='ocrx_word' id='word_1_142' title='bbox 1127 2549 1219 2614; x_wconf 83' lang='lat' dir='ltr'><strong>Bodl.</strong></span> <span class='ocrx_word' id='word_1_143' title='bbox 1232 2571 1288 2614; x_wconf 88' lang='lat' dir='ltr'><strong>seu</strong></span> <span class='ocrx_word' id='word_1_144' title='bbox 1299 2549 1400 2614; x_wconf 63' lang='lat' dir='ltr'><strong>aaut.</strong></span> <span class='ocrx_word' id='word_1_145' title='bbox 1413 2557 1448 2614; x_wconf 88' lang='lat' dir='ltr'><strong>et</strong></span> 
     </span>
    </p>
   </div>
   <div class='ocr_carea' id='block_1_6' title="bbox 397 2653 1452 4684">
    <p class='ocr_par' dir='ltr' id='par_1_8' title="bbox 397 2653 1448 3355">
     <span class='ocr_line' id='line_1_19' title="bbox 397 2653 1445 2742; baseline -0.004 -21"><span class='ocrx_word' id='word_1_146' title='bbox 397 2657 537 2742; x_wconf 78' lang='lat' dir='ltr'><strong>Norfolo.</strong></span> <span class='ocrx_word' id='word_1_147' title='bbox 561 2659 722 2738; x_wconf 82' lang='grc' dir='ltr'>μακαρίτου</span> <span class='ocrx_word' id='word_1_148' title='bbox 742 2656 886 2720; x_wconf 90' lang='lat' dir='ltr'><strong>Burtono</strong></span> <span class='ocrx_word' id='word_1_149' title='bbox 904 2661 988 2718; x_wconf 89' lang='lat' dir='ltr'><strong>teste</strong></span> <span class='ocrx_word' id='word_1_150' title='bbox 1007 2654 1094 2719; x_wconf 78' lang='lat' dir='ltr'><strong>codd.</strong></span> <span class='ocrx_word' id='word_1_151' title='bbox 1110 2655 1225 2739; x_wconf 71' lang='lat' dir='ltr'><strong>Regius</strong></span> <span class='ocrx_word' id='word_1_152' title='bbox 1237 2659 1271 2717; x_wconf 91' lang='lat' dir='ltr'><strong>et</strong></span> <span class='ocrx_word' id='word_1_153' title='bbox 1285 2653 1445 2717; x_wconf 62' lang='lat' dir='ltr'><strong>Pariani.</strong></span> 
     </span>
     <span class='ocr_line' id='line_1_20' title="bbox 399 2755 1445 2842; baseline -0.006 -17"><span class='ocrx_word' id='word_1_154' title='bbox 399 2761 548 2825; x_wconf 76' lang='lat' dir='ltr'><strong>(leterum</strong></span> <span class='ocrx_word' id='word_1_155' title='bbox 566 2758 773 2823; x_wconf 84' lang='lat' dir='ltr'><strong>Demetriano</strong></span> <span class='ocrx_word' id='word_1_156' title='bbox 796 2757 938 2842; x_wconf 86' lang='lat' dir='ltr'><strong>proxime</strong></span> <span class='ocrx_word' id='word_1_157' title='bbox 960 2757 1147 2822; x_wconf 75' lang='lat' dir='ltr'><strong>successisse</strong></span> <span class='ocrx_word' id='word_1_158' title='bbox 1169 2755 1306 2820; x_wconf 91' lang='lat' dir='ltr'><strong>Paulum</strong></span> <span class='ocrx_word' id='word_1_159' title='bbox 1328 2777 1368 2820; x_wconf 86' lang='lat' dir='ltr'><strong>ex</strong></span> <span class='ocrx_word' id='word_1_160' title='bbox 1388 2755 1445 2819; x_wconf 87' lang='lat' dir='ltr'><strong>lib.</strong></span> 
     </span>
     <span class='ocr_line' id='line_1_21' title="bbox 400 2856 1447 2945; baseline -0.003 -20"><span class='ocrx_word' id='word_1_161' title='bbox 400 2861 648 2925; x_wconf 65' lang='lat' dir='ltr'><strong>villicatione</strong></span> <span class='ocrx_word' id='word_1_162' title='bbox 664 2862 749 2924; x_wconf 77' lang='lat' dir='ltr'><strong>Hist.</strong></span> <span class='ocrx_word' id='word_1_163' title='bbox 769 2882 837 2945; x_wconf 93' lang='lat' dir='ltr'><strong>cap.</strong></span> <span class='ocrx_word' id='word_1_164' title='bbox 855 2879 906 2940; x_wconf 70' lang='grc' dir='ltr'><strong>ορ.</strong></span> <span class='ocrx_word' id='word_1_165' title='bbox 926 2866 1064 2924; x_wconf 87' lang='lat' dir='ltr'><strong>constat.</strong></span> <span class='ocrx_word' id='word_1_166' title='bbox 1109 2860 1237 2922; x_wconf 91' lang='lat' dir='ltr'><strong>Domno</strong></span> <span class='ocrx_word' id='word_1_167' title='bbox 1251 2856 1367 2943; x_wconf 89' lang='lat' dir='ltr'><strong>prioris</strong></span> <span class='ocrx_word' id='word_1_168' title='bbox 1382 2857 1447 2943; x_wconf 90' lang='lat' dir='ltr'><strong>epi-</strong></span> 
     </span>
     <span class='ocr_line' id='line_1_22' title="bbox 397 2962 1448 3049; baseline -0.002 -21"><span class='ocrx_word' id='word_1_169' title='bbox 397 2965 486 3049; x_wconf 82' lang='lat' dir='ltr'><strong>scopi</strong></span> <span class='ocrx_word' id='word_1_170' title='bbox 499 2963 698 3027; x_wconf 88' lang='lat' dir='ltr'><strong>Demetriaui</strong></span> <span class='ocrx_word' id='word_1_171' title='bbox 713 2962 778 3026; x_wconf 90' lang='lat' dir='ltr'><strong>filio</strong></span> <span class='ocrx_word' id='word_1_172' title='bbox 793 2984 907 3027; x_wconf 91' lang='lat' dir='ltr'><strong>nomeu</strong></span> <span class='ocrx_word' id='word_1_173' title='bbox 922 2971 1028 3028; x_wconf 89' lang='lat' dir='ltr'><strong>ortum</strong></span> <span class='ocrx_word' id='word_1_174' title='bbox 1043 2971 1147 3028; x_wconf 82' lang='lat' dir='ltr'><strong>estex</strong></span> <span class='ocrx_word' id='word_1_175' title='bbox 1160 2962 1288 3038; x_wconf 90' lang='lat' dir='ltr'><strong>Latino,</strong></span> <span class='ocrx_word' id='word_1_176' title='bbox 1302 2963 1448 3039; x_wconf 78' lang='lat' dir='ltr'><strong>Domino,</strong></span> 
     </span>
     <span class='ocr_line' id='line_1_23' title="bbox 399 3065 1448 3151; baseline -0.002 -20"><span class='ocrx_word' id='word_1_177' title='bbox 399 3068 539 3139; x_wconf 60' lang='lat' dir='ltr'><strong>Dauom</strong></span> <span class='ocrx_word' id='word_1_178' title='bbox 564 3074 598 3130; x_wconf 90' lang='lat' dir='ltr'><strong>et</strong></span> <span class='ocrx_word' id='word_1_179' title='bbox 612 3065 693 3129; x_wconf 91' lang='lat' dir='ltr'><strong>alius</strong></span> <span class='ocrx_word' id='word_1_180' title='bbox 707 3065 768 3129; x_wconf 80' lang='lat' dir='ltr'><strong>fuit</strong></span> <span class='ocrx_word' id='word_1_181' title='bbox 783 3074 895 3150; x_wconf 87' lang='lat' dir='ltr'><strong>postea</strong></span> <span class='ocrx_word' id='word_1_182' title='bbox 909 3066 1104 3150; x_wconf 83' lang='lat' dir='ltr'><strong>cognominis</strong></span> <span class='ocrx_word' id='word_1_183' title='bbox 1119 3065 1284 3151; x_wconf 89' lang='lat' dir='ltr'><strong>episcopus</strong></span> <span class='ocrx_word' id='word_1_184' title='bbox 1305 3065 1448 3150; x_wconf 88' lang='lat' dir='ltr'><strong>ejusdem</strong></span> 
     </span>
     <span class='ocr_line' id='line_1_24' title="bbox 400 3167 1448 3254; baseline -0.001 -21"><span class='ocrx_word' id='word_1_185' title='bbox 400 3169 593 3246; x_wconf 78' lang='lat' dir='ltr'><strong>Antiochiae,</strong></span> <span class='ocrx_word' id='word_1_186' title='bbox 607 3168 648 3232; x_wconf 87' lang='lat' dir='ltr'><strong>ad</strong></span> <span class='ocrx_word' id='word_1_187' title='bbox 670 3189 764 3252; x_wconf 89' lang='lat' dir='ltr'><strong>quem</strong></span> <span class='ocrx_word' id='word_1_188' title='bbox 788 3168 983 3252; x_wconf 90' lang='lat' dir='ltr'><strong>scripserunt</strong></span> <span class='ocrx_word' id='word_1_189' title='bbox 1003 3167 1138 3254; x_wconf 65' lang='lat' dir='ltr'><strong>tyrillus</strong></span> <span class='ocrx_word' id='word_1_190' title='bbox 1160 3168 1398 3232; x_wconf 84' lang='lat' dir='ltr'><strong>Alexandrinus</strong></span> <span class='ocrx_word' id='word_1_191' title='bbox 1414 3175 1448 3232; x_wconf 85' lang='lat' dir='ltr'><strong>et</strong></span> 
     </span>
     <span class='ocr_line' id='line_1_25' title="bbox 400 3271 1271 3355; baseline -0.006 -19"><span class='ocrx_word' id='word_1_192' title='bbox 400 3273 631 3338; x_wconf 82' lang='lat' dir='ltr'><strong>Theodoretus.</strong></span> <span class='ocrx_word' id='word_1_193' title='bbox 649 3271 730 3335; x_wconf 85' lang='lat' dir='ltr'><strong>Mox</strong></span> <span class='ocrx_word' id='word_1_194' title='bbox 745 3292 804 3355; x_wconf 90' lang='lat' dir='ltr'><strong>pro</strong></span> <span class='ocrx_word' id='word_1_195' title='bbox 818 3296 851 3334; x_wconf 83' lang='grc' dir='ltr'><strong>τε</strong></span> <span class='ocrx_word' id='word_1_196' title='bbox 865 3273 935 3350; x_wconf 82' lang='grc' dir='ltr'>ὑμῖν</span> <span class='ocrx_word' id='word_1_197' title='bbox 949 3271 1076 3353; x_wconf 73' lang='lat' dir='ltr'><strong>Spaeell.</strong></span> <span class='ocrx_word' id='word_1_198' title='bbox 1094 3272 1147 3335; x_wconf 77' lang='lat' dir='ltr'><strong>oto</strong></span> <span class='ocrx_word' id='word_1_199' title='bbox 1161 3271 1271 3335; x_wconf 87' lang='lat' dir='ltr'><strong>habet.</strong></span> 
     </span>
    </p>

    <p class='ocr_par' dir='ltr' id='par_1_9' title="bbox 398 3371 1452 4684">
     <span class='ocr_line' id='line_1_26' title="bbox 443 3371 1447 3458; baseline -0.004 -16"><span class='ocrx_word' id='word_1_200' title='bbox 443 3378 525 3442; x_wconf 88' lang='lat' dir='ltr'><strong>Ibid.</strong></span> <span class='ocrx_word' id='word_1_201' title='bbox 540 3379 561 3442; x_wconf 94' lang='lat' dir='ltr'><strong>l.</strong></span> <span class='ocrx_word' id='word_1_202' title='bbox 581 3397 629 3440; x_wconf 92' lang='lat'><strong>10.</strong></span> <span class='ocrx_word' id='word_1_203' title='bbox 650 3376 698 3440; x_wconf 75' lang='grc' dir='ltr'>καὶ</span> <span class='ocrx_word' id='word_1_204' title='bbox 718 3378 755 3437; x_wconf 77' lang='grc' dir='ltr'><strong>τὸ</strong></span> <span class='ocrx_word' id='word_1_205' title='bbox 774 3377 854 3454; x_wconf 75' lang='grc' dir='ltr'>παρὰ</span> <span class='ocrx_word' id='word_1_206' title='bbox 873 3375 977 3437; x_wconf 82' lang='grc' dir='ltr'>τούτου</span> <span class='ocrx_word' id='word_1_207' title='bbox 998 3371 1169 3458; x_wconf 80' lang='grc' dir='ltr'>κοινωνικὰ]</span> <span class='ocrx_word' id='word_1_208' title='bbox 1189 3372 1447 3438; x_wconf 76' lang='lat' dir='ltr'><strong>Communioato·</strong></span> 
     </span>
     <span class='ocr_line' id='line_1_27' title="bbox 399 3474 1448 3561; baseline -0.006 -15"><span class='ocrx_word' id='word_1_209' title='bbox 399 3483 464 3546; x_wconf 83' lang='lat' dir='ltr'><strong>rlas</strong></span> <span class='ocrx_word' id='word_1_210' title='bbox 483 3481 592 3545; x_wconf 89' lang='lat' dir='ltr'><strong>literas</strong></span> <span class='ocrx_word' id='word_1_211' title='bbox 610 3487 724 3544; x_wconf 89' lang='lat' dir='ltr'><strong>vocant</strong></span> <span class='ocrx_word' id='word_1_212' title='bbox 745 3476 867 3552; x_wconf 90' lang='lat' dir='ltr'><strong>Latini,</strong></span> <span class='ocrx_word' id='word_1_213' title='bbox 888 3498 1022 3561; x_wconf 90' lang='lat' dir='ltr'><strong>quarum</strong></span> <span class='ocrx_word' id='word_1_214' title='bbox 1042 3499 1118 3540; x_wconf 88' lang='lat' dir='ltr'><strong>usus</strong></span> <span class='ocrx_word' id='word_1_215' title='bbox 1138 3483 1188 3540; x_wconf 89' lang='lat' dir='ltr'><strong>est</strong></span> <span class='ocrx_word' id='word_1_216' title='bbox 1208 3474 1448 3560; x_wconf 87' lang='lat' dir='ltr'><strong>antiquissimus</strong></span> 
     </span>
     <span class='ocr_line' id='line_1_28' title="bbox 400 3578 1449 3653; baseline -0.007 -5"><span class='ocrx_word' id='word_1_217' title='bbox 400 3585 433 3649; x_wconf 91' lang='lat' dir='ltr'><strong>in</strong></span> <span class='ocrx_word' id='word_1_218' title='bbox 448 3583 587 3648; x_wconf 84' lang='lat' dir='ltr'><strong>ecclesia.</strong></span> <span class='ocrx_word' id='word_1_219' title='bbox 634 3581 773 3645; x_wconf 86' lang='lat' dir='ltr'><strong>Easdem</strong></span> <span class='ocrx_word' id='word_1_220' title='bbox 793 3579 890 3644; x_wconf 89' lang='lat' dir='ltr'><strong>etiam</strong></span> <span class='ocrx_word' id='word_1_221' title='bbox 905 3579 1060 3643; x_wconf 80' lang='lat' dir='ltr'><strong>formatas</strong></span> <span class='ocrx_word' id='word_1_222' title='bbox 1077 3578 1238 3653; x_wconf 87' lang='lat' dir='ltr'><strong>dixerunt,</strong></span> <span class='ocrx_word' id='word_1_223' title='bbox 1254 3585 1449 3643; x_wconf 82' lang='lat' dir='ltr'><strong>attestatur</strong></span> 
     </span>
     <span class='ocr_line' id='line_1_29' title="bbox 400 3680 1448 3768; baseline -0.004 -20"><span class='ocrx_word' id='word_1_224' title='bbox 400 3684 601 3768; x_wconf 87' lang='lat' dir='ltr'><strong>Augustinus</strong></span> <span class='ocrx_word' id='word_1_225' title='bbox 623 3682 655 3743; x_wconf 91' lang='lat' dir='ltr'><strong>in</strong></span> <span class='ocrx_word' id='word_1_226' title='bbox 678 3681 825 3765; x_wconf 81' lang='lat' dir='ltr'><strong>Epistola</strong></span> <span class='ocrx_word' id='word_1_227' title='bbox 848 3682 920 3765; x_wconf 88' lang='grc'><strong>163.</strong></span> <span class='ocrx_word' id='word_1_228' title='bbox 966 3681 1093 3766; x_wconf 82' lang='lat' dir='ltr'><strong>Duplex</strong></span> <span class='ocrx_word' id='word_1_229' title='bbox 1119 3687 1229 3744; x_wconf 88' lang='lat' dir='ltr'><strong>autem</strong></span> <span class='ocrx_word' id='word_1_230' title='bbox 1252 3680 1314 3744; x_wconf 85' lang='lat' dir='ltr'><strong>fuit</strong></span> <span class='ocrx_word' id='word_1_231' title='bbox 1337 3701 1448 3744; x_wconf 89' lang='lat' dir='ltr'><strong>earum</strong></span> 
     </span>
     <span class='ocr_line' id='line_1_30' title="bbox 398 3783 1446 3871; baseline 0 -23"><span class='ocrx_word' id='word_1_232' title='bbox 398 3807 508 3871; x_wconf 92' lang='lat' dir='ltr'><strong>genus.</strong></span> <span class='ocrx_word' id='word_1_233' title='bbox 553 3783 637 3847; x_wconf 82' lang='lat' dir='ltr'><strong>Aliae</strong></span> <span class='ocrx_word' id='word_1_234' title='bbox 658 3783 741 3846; x_wconf 90' lang='lat' dir='ltr'><strong>enim</strong></span> <span class='ocrx_word' id='word_1_235' title='bbox 762 3783 883 3846; x_wconf 86' lang='lat' dir='ltr'><strong>clericis</strong></span> <span class='ocrx_word' id='word_1_236' title='bbox 900 3791 935 3846; x_wconf 90' lang='lat' dir='ltr'><strong>et</strong></span> <span class='ocrx_word' id='word_1_237' title='bbox 949 3783 1037 3847; x_wconf 84' lang='lat' dir='ltr'><strong>lalcis</strong></span> <span class='ocrx_word' id='word_1_238' title='bbox 1056 3783 1305 3869; x_wconf 82' lang='lat' dir='ltr'><strong>peregrinaturis</strong></span> <span class='ocrx_word' id='word_1_239' title='bbox 1325 3784 1446 3848; x_wconf 88' lang='lat' dir='ltr'><strong>daban·</strong></span> 
     </span>
     <span class='ocr_line' id='line_1_31' title="bbox 400 3885 1450 3970; baseline -0.001 -18"><span class='ocrx_word' id='word_1_240' title='bbox 400 3899 465 3962; x_wconf 85' lang='lat' dir='ltr'><strong>tur,</strong></span> <span class='ocrx_word' id='word_1_241' title='bbox 488 3893 525 3949; x_wconf 91' lang='lat' dir='ltr'><strong>ut</strong></span> <span class='ocrx_word' id='word_1_242' title='bbox 546 3907 566 3949; x_wconf 87' lang='lat' dir='ltr'><strong>a</strong></span> <span class='ocrx_word' id='word_1_243' title='bbox 588 3885 762 3970; x_wconf 87' lang='lat' dir='ltr'><strong>peregrinis</strong></span> <span class='ocrx_word' id='word_1_244' title='bbox 784 3885 938 3970; x_wconf 88' lang='lat' dir='ltr'><strong>episcopis</strong></span> <span class='ocrx_word' id='word_1_245' title='bbox 959 3887 1001 3950; x_wconf 87' lang='lat' dir='ltr'><strong>ad</strong></span> <span class='ocrx_word' id='word_1_246' title='bbox 1025 3886 1277 3951; x_wconf 90' lang='lat' dir='ltr'><strong>communionem</strong></span> <span class='ocrx_word' id='word_1_247' title='bbox 1298 3886 1450 3951; x_wconf 90' lang='lat' dir='ltr'><strong>admitte-</strong></span> 
     </span>
     <span class='ocr_line' id='line_1_32' title="bbox 400 3986 1451 4073; baseline -0.003 -18"><span class='ocrx_word' id='word_1_248' title='bbox 400 3997 521 4055; x_wconf 84' lang='lat' dir='ltr'><strong>rentur.</strong></span> <span class='ocrx_word' id='word_1_249' title='bbox 566 3986 649 4052; x_wconf 81' lang='lat' dir='ltr'><strong>Aliae</strong></span> <span class='ocrx_word' id='word_1_250' title='bbox 672 3995 762 4051; x_wconf 82' lang='lat' dir='ltr'><strong>amnt</strong></span> <span class='ocrx_word' id='word_1_251' title='bbox 783 4009 862 4071; x_wconf 88' lang='lat' dir='ltr'><strong>quas</strong></span> <span class='ocrx_word' id='word_1_252' title='bbox 883 3988 1021 4073; x_wconf 90' lang='lat' dir='ltr'><strong>episcopi</strong></span> <span class='ocrx_word' id='word_1_253' title='bbox 1041 3990 1198 4054; x_wconf 84' lang='lat' dir='ltr'><strong>testaudae</strong></span> <span class='ocrx_word' id='word_1_254' title='bbox 1220 3989 1451 4054; x_wconf 89' lang='lat' dir='ltr'><strong>communionis</strong></span> 
     </span>
     <span class='ocr_line' id='line_1_33' title="bbox 402 4089 1451 4177; baseline -0.003 -18"><span class='ocrx_word' id='word_1_255' title='bbox 402 4115 467 4159; x_wconf 84' lang='lat' dir='ltr'><strong>suae</strong></span> <span class='ocrx_word' id='word_1_256' title='bbox 488 4096 582 4157; x_wconf 73' lang='lat' dir='ltr'><strong>oausd</strong></span> <span class='ocrx_word' id='word_1_257' title='bbox 601 4090 644 4155; x_wconf 85' lang='lat' dir='ltr'><strong>ad</strong></span> <span class='ocrx_word' id='word_1_258' title='bbox 663 4089 743 4155; x_wconf 87' lang='lat' dir='ltr'><strong>alios</strong></span> <span class='ocrx_word' id='word_1_259' title='bbox 759 4090 933 4155; x_wconf 79' lang='lat' dir='ltr'><strong>mittebant</strong></span> <span class='ocrx_word' id='word_1_260' title='bbox 952 4091 1125 4177; x_wconf 87' lang='lat' dir='ltr'><strong>episcopos,</strong></span> <span class='ocrx_word' id='word_1_261' title='bbox 1141 4098 1175 4156; x_wconf 91' lang='lat' dir='ltr'><strong>et</strong></span> <span class='ocrx_word' id='word_1_262' title='bbox 1192 4114 1271 4176; x_wconf 84' lang='lat' dir='ltr'><strong>quas</strong></span> <span class='ocrx_word' id='word_1_263' title='bbox 1285 4091 1346 4177; x_wconf 91' lang='lat' dir='ltr'><strong>ipsi</strong></span> <span class='ocrx_word' id='word_1_264' title='bbox 1361 4091 1451 4156; x_wconf 76' lang='lat' dir='ltr'><strong>vicis-</strong></span> 
     </span>
     <span class='ocr_line' id='line_1_34' title="bbox 400 4192 1451 4278; baseline -0.001 -19"><span class='ocrx_word' id='word_1_265' title='bbox 400 4196 460 4259; x_wconf 89' lang='lat' dir='ltr'><strong>sim</strong></span> <span class='ocrx_word' id='word_1_266' title='bbox 479 4195 521 4259; x_wconf 87' lang='lat' dir='ltr'><strong>ab</strong></span> <span class='ocrx_word' id='word_1_267' title='bbox 541 4193 611 4258; x_wconf 90' lang='lat' dir='ltr'><strong>aliis</strong></span> <span class='ocrx_word' id='word_1_268' title='bbox 632 4192 849 4278; x_wconf 71' lang='lat' dir='ltr'><strong>accipiebant:</strong></span> <span class='ocrx_word' id='word_1_269' title='bbox 874 4192 914 4255; x_wconf 87' lang='lat' dir='ltr'><strong>de</strong></span> <span class='ocrx_word' id='word_1_270' title='bbox 935 4193 1050 4277; x_wconf 90' lang='lat' dir='ltr'><strong>quibus</strong></span> <span class='ocrx_word' id='word_1_271' title='bbox 1069 4193 1120 4256; x_wconf 89' lang='lat' dir='ltr'><strong>hio</strong></span> <span class='ocrx_word' id='word_1_272' title='bbox 1134 4193 1277 4278; x_wconf 88' lang='lat' dir='ltr'><strong>loquitur</strong></span> <span class='ocrx_word' id='word_1_273' title='bbox 1292 4193 1451 4278; x_wconf 88' lang='lat' dir='ltr'><strong>Synodus.</strong></span> 
     </span>
     <span class='ocr_line' id='line_1_35' title="bbox 402 4293 1451 4378; baseline 0.001 -21"><span class='ocrx_word' id='word_1_274' title='bbox 402 4296 459 4360; x_wconf 84' lang='lat' dir='ltr'><strong>Eae</strong></span> <span class='ocrx_word' id='word_1_275' title='bbox 482 4301 590 4359; x_wconf 88' lang='lat' dir='ltr'><strong>autem</strong></span> <span class='ocrx_word' id='word_1_276' title='bbox 614 4293 708 4378; x_wconf 85' lang='lat' dir='ltr'><strong>paulo</strong></span> <span class='ocrx_word' id='word_1_277' title='bbox 730 4301 803 4377; x_wconf 86' lang='lat' dir='ltr'><strong>post</strong></span> <span class='ocrx_word' id='word_1_278' title='bbox 827 4293 1059 4358; x_wconf 89' lang='lat' dir='ltr'><strong>ordinationem</strong></span> <span class='ocrx_word' id='word_1_279' title='bbox 1082 4294 1167 4359; x_wconf 88' lang='lat' dir='ltr'><strong>mitti</strong></span> <span class='ocrx_word' id='word_1_280' title='bbox 1189 4293 1336 4358; x_wconf 88' lang='lat' dir='ltr'><strong>solebant</strong></span> <span class='ocrx_word' id='word_1_281' title='bbox 1358 4316 1379 4358; x_wconf 89' lang='lat' dir='ltr'><strong>a</strong></span> <span class='ocrx_word' id='word_1_282' title='bbox 1399 4316 1451 4358; x_wconf 88' lang='lat' dir='ltr'><strong>re·</strong></span> 
     </span>
     <span class='ocr_line' id='line_1_36' title="bbox 401 4393 1451 4482; baseline -0.001 -21"><span class='ocrx_word' id='word_1_283' title='bbox 401 4420 476 4461; x_wconf 88' lang='lat' dir='ltr'><strong>cens</strong></span> <span class='ocrx_word' id='word_1_284' title='bbox 495 4395 650 4460; x_wconf 87' lang='lat' dir='ltr'><strong>ordinatis</strong></span> <span class='ocrx_word' id='word_1_285' title='bbox 669 4394 833 4480; x_wconf 84' lang='lat' dir='ltr'><strong>episcopis</strong></span> <span class='ocrx_word' id='word_1_286' title='bbox 872 4393 921 4458; x_wconf 92' lang='lat' dir='ltr'><strong>De</strong></span> <span class='ocrx_word' id='word_1_287' title='bbox 936 4396 987 4459; x_wconf 88' lang='lat' dir='ltr'><strong>his</strong></span> <span class='ocrx_word' id='word_1_288' title='bbox 1005 4396 1226 4482; x_wconf 87' lang='lat' dir='ltr'><strong>intelligendus</strong></span> <span class='ocrx_word' id='word_1_289' title='bbox 1240 4396 1367 4461; x_wconf 89' lang='lat' dir='ltr'><strong>ridetur</strong></span> <span class='ocrx_word' id='word_1_290' title='bbox 1381 4398 1451 4460; x_wconf 85' lang='lat' dir='ltr'><strong>Au·</strong></span> 
     </span>
     <span class='ocr_line' id='line_1_37' title="bbox 400 4495 1452 4584; baseline -0.001 -21"><span class='ocrx_word' id='word_1_291' title='bbox 400 4499 547 4584; x_wconf 85' lang='lat' dir='ltr'><strong>gostinus</strong></span> <span class='ocrx_word' id='word_1_292' title='bbox 561 4497 593 4560; x_wconf 94' lang='lat' dir='ltr'><strong>in</strong></span> <span class='ocrx_word' id='word_1_293' title='bbox 609 4495 756 4581; x_wconf 85' lang='lat' dir='ltr'><strong>Epistola</strong></span> <span class='ocrx_word' id='word_1_294' title='bbox 776 4497 844 4560; x_wconf 75' lang='lat'><strong>162.</strong></span> <span class='ocrx_word' id='word_1_295' title='bbox 869 4497 1048 4582; x_wconf 89' lang='lat' dir='ltr'><strong>Cyprianus</strong></span> <span class='ocrx_word' id='word_1_296' title='bbox 1063 4499 1096 4562; x_wconf 92' lang='lat' dir='ltr'><strong>iu</strong></span> <span class='ocrx_word' id='word_1_297' title='bbox 1113 4498 1260 4584; x_wconf 82' lang='lat' dir='ltr'><strong>Epistola</strong></span> <span class='ocrx_word' id='word_1_298' title='bbox 1273 4497 1315 4561; x_wconf 90' lang='lat' dir='ltr'><strong>ad</strong></span> <span class='ocrx_word' id='word_1_299' title='bbox 1332 4496 1452 4562; x_wconf 76' lang='lat' dir='ltr'><strong>(lorne-</strong></span> 
     </span>
     <span class='ocr_line' id='line_1_38' title="bbox 401 4595 1451 4684; baseline 0.001 -22"><span class='ocrx_word' id='word_1_300' title='bbox 401 4599 479 4663; x_wconf 90' lang='lat' dir='ltr'><strong>lium</strong></span> <span class='ocrx_word' id='word_1_301' title='bbox 493 4620 524 4682; x_wconf 93' lang='lat' dir='ltr'><strong>p.</strong></span> <span class='ocrx_word' id='word_1_302' title='bbox 536 4616 587 4681; x_wconf 77' lang='lat'><strong>92.</strong></span> <span class='ocrx_word' id='word_1_303' title='bbox 619 4595 764 4680; x_wconf 90' lang='lat' dir='ltr'><strong>Denique</strong></span> <span class='ocrx_word' id='word_1_304' title='bbox 776 4596 923 4683; x_wconf 88' lang='lat' dir='ltr'><strong>Epistola</strong></span> <span class='ocrx_word' id='word_1_305' title='bbox 937 4600 1088 4684; x_wconf 88' lang='lat' dir='ltr'><strong>synodica</strong></span> <span class='ocrx_word' id='word_1_306' title='bbox 1099 4599 1229 4665; x_wconf 72' lang='lat' dir='ltr'><strong>concilii</strong></span> <span class='ocrx_word' id='word_1_307' title='bbox 1243 4598 1451 4663; x_wconf 86' lang='lat' dir='ltr'><strong>Sardicensie.</strong></span> 
     </span>
    </p>
   </div>
   <div class='ocr_carea' id='block_1_7' title="bbox 0 0 1863 5667">
    <p class='ocr_par' dir='ltr' id='par_1_10' title="bbox 0 0 1863 5667">
     <span class='ocr_line' id='line_1_39' title="bbox 0 0 1863 5667; baseline 0 0"><span class='ocrx_word' id='word_1_308' title='bbox 0 0 1863 5667; x_wconf 95' lang='lat' dir='ltr'><strong> </strong></span> 
     </span>
    </p>
   </div>
  </div>
 </body>
</html>
