3700 5667
505 664 568 729 358
850 658 1204 726 ANNOTATIONES

505 835 628 921 papalis
647 842 853 919 augmentum
872 830 1113 896 attribuendum
1130 850 1200 892 essa
1214 827 1393 914 patrocinio
1410 828 1561 894 Athana·

505 938 653 1022 aliquod
672 935 811 1020 suscepit
825 933 849 996 J
850 934 932 998 ulius
951 932 1117 1017 episeopus
1138 929 1314 1007 Romanus,
1329 952 1370 994 ex
1389 952 1456 1015 quo
1477 940 1559 996 ortoe

505 1041 632 1105 suntad
646 1038 823 1101 Romanam
834 1036 943 1100 sedem
953 1033 1182 1119 appellationes
1196 1055 1218 1098 a
1229 1033 1362 1097 concilio
1372 1033 1559 1099 Sardiceasi

505 1141 699 1207 constitutae.
731 1139 819 1203 Male
833 1160 885 1202 res
899 1136 959 1221 ipsi
975 1136 1077 1201 Paulo
1094 1135 1225 1199 cessisse
1242 1134 1371 1220 colligas
1386 1135 1501 1200 itidem
1518 1159 1558 1201 ex

506 1243 623 1329 Oyrillo
646 1242 739 1306 Alex.
764 1240 796 1303 in
819 1238 965 1303 Hostilia
986 1238 1024 1302 de
1053 1237 1179 1322 Vincite
1200 1237 1344 1322 Deipcro
1365 1259 1388 1300 a
1409 1237 1448 1302 al.
1465 1238 1557 1303 Maio

505 1366 607 1430 nuper
627 1343 725 1407 edita.
773 1344 816 1405 Τί
839 1343 897 1421 pap
919 1338 1045 1418 ὤνησεν,
1068 1340 1172 1424 inquit
1194 1339 1340 1424 cyrillus,
1362 1345 1415 1420 τῆς
1435 1341 1558 1423 Ἀρείου

505 1446 703 1527 βλασφημίας
722 1445 740 1523 ἡ
758 1442 867 1520 πλάνη·
891 1444 922 1506 τί
938 1444 970 1504 δὲ
991 1442 1010 1520 ἡ
1028 1443 1175 1520 Εὔνομίου
1197 1443 1244 1506 καὶ
1262 1449 1321 1506 τῶν
1338 1444 1372 1506 τδ
1387 1448 1508 1522 πνεῦμα
1522 1445 1557 1507 τδ

505 1551 593 1631 δγιον
613 1546 887 1626 βλασφημούντων·
918 1544 1040 1606 καὶτοῦ
1062 1543 1261 1624 Σαμοσατέως
1283 1546 1409 1608 Παύλου
1431 1545 1482 1608 καὶ
1504 1550 1557 1608 rari

506 1648 690 1727 καλουμένου
704 1646 939 1725 Ἀπολλιναρίου
960 1646 978 1724 ἡ
1000 1646 1217 1726 παραφροσύνη
1228 1673 1236 1718 3
1260 1645 1370 1712 πάντες
1390 1649 1450 1728 γὰρ
1473 1647 1557 1710 οὗτοι

507 1752 554 1815 καὶ
569 1753 604 1813 ἐν
622 1751 661 1835 τῷ
680 1747 806 1830 πάροντι
828 1747 1034 1810 ἐπονείδιστον
1055 1747 1145 1814 τέλος
1159 1746 1334 1830 ἐσχήκασιν,
1351 1750 1401 1811 καὶ
1421 1753 1484 1812 τόν
1507 1751 1556 1813 ἐκ·

506 1857 725 1932 κλησιαστικῶν
736 1852 907 1929 περιβόλων
922 1849 1108 1927 ἐξώσθησαν,
1119 1849 1169 1913 καὶ
1182 1853 1233 1927 τῆς
1248 1851 1283 1912 ἐν
1296 1850 1434 1930 οὐρανοῖς
1447 1852 1483 1914 δέ
1499 1852 1556 1914 διο.

505 1978 536 2040 p.
550 1974 620 2037 115.
637 1952 695 2017 vol.
707 1952 769 2015 viii.
781 1973 837 2015 seu
848 1950 950 2014 ultimi
964 1952 1061 2014 Noua
1074 1949 1260 2015 θοῑέοοίίοιιιῗι
1277 1952 1335 2015 Vae.
1349 1953 1554 2037 Scriptorum
1595 1946 1598 1951 ¹

505 2056 659 2121 Oonleras
682 2055 805 2118 interea
827 2075 898 2117 cum
920 2052 1035 2126 verbis,
1059 2054 1087 2116 al
1110 2056 1185 2116 κατὰ
1206 2053 1261 2131 τὴν
1276 2051 1411 2117 Ἰταλίαν
1431 2056 1481 2119 καὶ
1501 2056 1557 2135 τὴν

504 2155 657 2237 Ῥωμαίων
684 2159 774 2220 πόλιν
804 2157 970 2228 ἐπίσκοποι,
1001 2155 1131 2218 titulum
1160 2154 1308 2239 Epistola
1336 2156 1558 2241 AEyyptiam

505 2269 609 2325 contro
634 2258 790 2342 origem
813 2257 897 2339 apud
921 2263 998 2320 tom.
1018 2255 1059 2320 iv.
1082 2254 1200 2321 concil.
1220 2279 1292 2342 pag.
1308 2258 1383 2321 660.
1426 2256 1484 2321 Ἐκ
1505 2263 1558 2338 τῆς

506 2362 674 2438 ἐκτεθείσης
687 2359 745 2421 ὑπὸ
759 2365 818 2422 τῶν
833 2356 894 2421 κατ’
911 2360 1062 2438 Αἴγυπτον
1078 2359 1126 2422 καὶ
1135 2357 1368 2439 Ἀλεξάνδρειαν
1382 2362 1557 2425 ἐπισκόπων

506 2466 661 2540 σννοδικῆς
676 2463 837 2538 ἐπιπολῆς
852 2463 926 2523 κατὰ
941 2464 1000 2522 τῶν
1012 2458 1190 2540 Ὠριγένους
1204 2460 1371 2541 δογμάτων.

549 2564 586 2628 P.
598 2583 673 2648 314.
689 2562 710 2624 l.
722 2563 753 2624 8.
765 2560 977 2647 ἐκφωνηθέντος]
991 2562 1074 2636 Ηοο,
1086 2564 1118 2640 ἐξ
1130 2562 1257 2641 ούρανοῦ
1265 2565 1490 2628 ἆποτεθεόσθαι
1500 2566 1556 2630 τδν

507 2669 626 2747 Κύριον,
637 2665 668 2728 in
678 2664 838 2749 dogmatis
848 2662 968 2746 Synodi
977 2663 1129 2727 adversus
1138 2663 1273 2727 Paulum
1283 2664 1556 2752 inveneratApol-

505 2767 625 2843 linaria,
647 2788 724 2829 sana
747 2765 875 2850 quidem
898 2787 1003 2838 sensu,
1027 2773 1063 2829 ut
1087 2787 1142 2829 aex
1165 2765 1383 2851 episcoporum
1406 2769 1556 2853 Epistola

506 2869 602 2933 verba
616 2889 713 2951 supra
733 2890 764 2951 p.
778 2885 851 2950 297.
868 2868 1051 2940 ostendunt,
1068 2867 1174 2952 posita
1187 2869 1339 2933 adversus
1353 2869 1554 2951 haereticum,

506 2970 559 3054 qui
579 2972 726 3040 ἐντεῦθεν,
743 2990 798 3030 seu
819 2968 960 3043 κάτωθεν,
977 2970 1085 3033 docuit
1105 2992 1174 3034 ossa
1192 2969 1363 3035 Dominum
1378 2971 1553 3037 Christum.

507 3072 636 3136 Etenim
659 3070 797 3153 episcopi
820 3069 864 3132 illi
887 3070 1045 3135 docebant
1067 3072 1238 3136 humanam
1260 3081 1410 3138 naturam
1432 3075 1554 3140 Christi

506 3179 540 3260 τῇ
557 3176 684 3251 Θεότητι
704 3174 853 3252 ἀτρέπτως
872 3173 1004 3250 ἡνῶσθαι
1025 3176 1073 3238 καὶ
1087 3179 1324 3254 τεθεοποιῆσθαι,
1339 3178 1416 3241 dum
1432 3178 1555 3243 Paulus

506 3285 540 3341 et
561 3297 712 3359 sequaces
734 3275 802 3359 ejus
824 3274 990 3339 Christum
1011 3279 1137 3358 ὕστερον
1157 3281 1231 3355 μετὰ
1250 3278 1304 3356 τὴν
1325 3281 1554 3361 Ιένανθρκύπησιν

506 3381 539 3442 ἐκ
550 3383 699 3459 προκοπῆς
710 3381 938 3455 τεθεοποιῆσθαι
948 3378 1087 3450 aiebant,
1099 3379 1138 3462 τῷ
1150 3379 1204 3456 τὴν
1218 3381 1312 3457 φύσιν
1325 3381 1423 3460 ψιλὸν
1437 3382 1552 3462 άνθρω-

508 3507 566 3544 πον
590 3479 758 3561 γεγονέναι.
779 3480 884 3543 Ver·ba
907 3491 982 3543 sunt
1009 3481 1216 3564 Eapcailicnt‘a
1240 3482 1337 3545 Fidei
1361 3481 1400 3545 αδ
1420 3485 1555 3549 Ariania

508 3583 635 3646 ltaliam
650 3582 753 3644 miasae
768 3582 853 3665 apud
870 3582 1083 3644 Athanasium
1095 3583 1144 3644 Dc
1158 3584 1293 3664 Syaodre
1306 3606 1376 3669 cap.
1388 3604 1420 3668 3.
1436 3609 1468 3671 p.
1479 3604 1552 3671 739.

506 3684 583 3746 edit.
601 3683 822 3745 Montfauaon.
868 3684 981 3768 Pergit
995 3693 1104 3748 autem
1120 3685 1305 3769 Gregorius,
1321 3688 1411 3770 cujus
1430 3695 1553 3754 tracta·

506 3793 575 3848 tum
597 3784 748 3848 adversus
770 3786 989 3868 Apollinarem
1011 3787 1132 3870 primus
1153 3788 1254 3852 edidit
1275 3792 1554 3873 ann01692.Za-

506 3885 637 3970 caguiua
648 3885 906 3952 bibliothecarius
916 3888 1095 3953 Vaticanus
1109 3891 1141 3952 in
1154 3889 1349 3954 Collectaaeis
1362 3891 1428 3956 suis
1439 3893 1553 3956 Μοιιυ-

505 3998 671 4051 matorum
703 3989 853 4062 Veterem,
876 3991 944 4054 haea
970 3990 1220 4055 scriberet-nal
1245 3998 1297 4055 τοῦ
1323 3997 1399 4057 κατὰ
1423 3993 1555 4060 Νίκαιαν

506 4089 740 4172 ἐκφωνηθέντος,
765 4093 800 4154 οὗ
824 4092 999 4176 (dogmatis
1022 4093 1155 4172 Nicaeni)
1179 4095 1233 4171 τὴν
1255 4097 1344 4174 ῥῆσιν
1369 4097 1418 4158 ἐπὶ
1443 4096 1555 4175 λέξεως

506 4195 610 4253 τούτου
633 4192 687 4254 τὸν
710 4197 821 4271 τρόπον
842 4194 997 4272 εἰρημένην
1021 4195 1176 4274 παρέθετο,
1199 4194 1233 4257 τὸ
1258 4197 1289 4272 ἐξ
1310 4195 1439 4274 ούρανοῦ
1464 4222 1552 4260 κατα-

505 4289 614 4367 βάντα,
635 4292 683 4354 καὶ
703 4293 904 4372 σαρκωθέντα,
920 4296 969 4358 καὶ
989 4296 1269 4375 ἐνανθρωπήσαντα.
1292 4299 1340 4360 καὶ
1354 4302 1447 4361 ταῦτα
1461 4299 1554 4362 εἰπὸν

507 4390 731 4473 (Apollinaris)
755 4394 793 4458 ὡς
815 4394 1100 4472 προκατασκευάσας
1121 4397 1174 4459 τὸν
1194 4396 1347 4475 μέλλοντα
1368 4397 1554 4476 ῥηθήσεσθαι

506 4491 610 4570 λόγον,
626 4494 717 4559 ούτως
731 4495 900 4572 ἇπογυμνοῐ
911 4501 963 4557 τοῦ
979 4499 1052 4560 ἰδίου
1066 4498 1256 4576 βουλήματος
1273 4498 1327 4574 τὴν
1342 4497 1486 4571 διάνοιαν,
1504 4500 1552 4562 καὶ

506 4590 610 4669 φησὶν,
626 4593 718 4654 οἱονεὶ
732 4600 928 4670 προσοικειῶν
942 4603 1004 4663 τοῖς
1018 4598 1285 4679 ἀποδεδειγμένοις,
1301 4601 1393 4666 ούτως
1408 4602 1483 4663 κατὰ
1497 4601 1553 4678 τὴν
