3700 5667
507 650 572 720 194
852 649 1207 715 ANNOTATIONES

550 815 710 880 P.118.1.
728 818 780 882 26.
797 813 856 893 Ite,
871 825 900 880 et
915 817 1025 901 docem
1045 816 1163 882 Omnes
1183 825 1300 901 praeter
1315 817 1480 882 Baluzium
1498 819 1556 884 ba-

505 917 594 990 bent,
607 920 653 982 Ite
667 938 745 1003 crya,
755 926 783 981 et
797 917 905 993 mete,
916 918 966 981 cui
979 924 1117 1002 quatuor
1127 918 1189 981 mei
1205 919 1327 983 codices
1342 921 1555 994 consentiunt,

506 1020 780 1105 Augustinusque.
825 1017 871 1083 Et
893 1020 986 1105 vulgo
1008 1021 1053 1085 sic
1074 1022 1189 1106 legitur
1211 1021 1244 1084 in
1265 1023 1354 1085 Novo
1381 1024 1462 1086 Tea.
1480 1045 1556 1086 nam

506 1123 619 1188 addita
637 1130 687 1186 cst
708 1121 866 1207 particula
883 1123 937 1185 οὖν
951 1122 983 1185 in
998 1123 1231 1207 exemplaribus
1247 1123 1367 1187 Graecis
1384 1123 1554 1208 impressis,

505 1224 717 1288 renitentibus
731 1230 839 1288 tamen
855 1223 998 1308 plurimis
1016 1223 1178 1288 codicibus
1197 1224 1427 1308 manuscriptis.
1474 1225 1555 1289 Mox

506 1327 634 1391 veroin
657 1325 821 1410 suffragiis
840 1348 871 1388 x.
894 1333 928 1390 et
946 1348 1035 1388 xxrx.
1055 1333 1088 1389 et
1104 1349 1205 1389 xxxv.
1229 1326 1283 1389 ubi
1304 1325 1438 1390 affertur
1458 1325 1554 1402 locus,

506 1448 575 1514 erqo
596 1429 688 1492 abest
700 1454 710 1506 3
737 1427 820 1491 siout
840 1429 929 1512 apud
951 1428 1127 1492 Auctorem
1149 1430 1199 1492 De
1221 1428 1408 1513 Rsbcpticrn.
1431 1451 1461 1513 p.
1480 1429 1555 1513 338.

509 1531 567 1616 Op.
583 1531 741 1616 Cypriani
756 1530 804 1593 ed.
821 1530 924 1594 Oxon.

551 1632 632 1697 Ibid.
645 1632 731 1717 l.31.
746 1631 897 1696 infatuati
912 1638 946 1694 st
958 1631 1108 1694 contrarii
1124 1632 1201 1695 lacti
1216 1630 1297 1716 sint]
1314 1629 1512 1696 Particulam
1526 1639 1555 1694 et

506 1755 547 1798 ex
568 1735 675 1799 codice
697 1756 779 1812 meo,
795 1734 847 1820 qui
870 1733 945 1798 olim
968 1732 1006 1797 c‘l.
1024 1732 1225 1797 Mearmanni
1244 1733 1315 1810 luit,
1331 1733 1442 1817 adjeci.
1474 1733 1554 1796 For·

507 1838 663 1919 tassefiut
676 1858 748 1900 cum
754 1837 812 1918 fiet
826 1835 945 1900 mutari
960 1835 1065 1898 debet.

550 1936 633 2001 Ibid.
647 1937 667 2002 l.
678 1957 732 2022 32.
747 1938 864 2000 Domus
878 1937 1099 2000 contrariorum
1111 1935 1185 2021 heis
1194 1935 1298 2001 debent
1308 1936 1554 2023 emendaturum]

505 2040 625 2104 LXX.
651 2039 782 2116 hubent,
814 2041 903 2103 οἰκίαι
928 2040 1109 2120 παρανόμων
1134 2040 1335 2120 ὀφειλήσουσι
1361 2041 1553 2120 καθαρισμόν.

506 2139 647 2204 Hebraea
662 2147 733 2204 toto
754 2140 835 2204 coelo
852 2139 1001 2204 videntur
1018 2140 1148 2214 distare,
1171 2157 1259 2203 mus
1280 2135 1336 2219 etv
1354 2137 1464 2204 mern
1487 2139 1555 2203 Nec

505 2245 597 2310 facile
626 2251 676 2309 est
705 2245 888 2329 conjectura
915 2244 1041 2328 assequi
1073 2245 1148 2328 quid
1177 2265 1244 2328 prae
1272 2243 1371 2307 oculis
1400 2244 1555 2308 baberent

507 2344 612 2409 Graeci
638 2344 842 2428 interpretes,
866 2344 926 2408 nisi
953 2344 1037 2408 forte
1059 2366 1117 2428 per
1142 2365 1283 2408 errorem
1308 2343 1453 2429 legerant
1476 2345 1555 2430 >buu

507 2467 595 2518 neu
611 2449 646 2532 pb
668 2446 852 2511 habitacula
871 2446 1020 2510 derisoris
1042 2446 1074 2508 in
1092 2446 1297 2531 piamentum.
1322 2446 1454 2511 Faunus.
1491 2450 1554 2512 De·

507 2553 574 2618 dent
587 2573 645 2637 pro
660 2548 742 2614 debet
761 2571 801 2613 ex
819 2549 1045 2613 vetustioribus
1062 2548 1253 2613 editionibus
1272 2549 1407 2636 reposui,
1423 2572 1555 2615 consen-

506 2654 661 2720 tientibus
675 2652 793 2716 nostris
810 2650 941 2715 MSStis
956 2658 990 2714 et
1004 2651 1198 2736 Augustino.

553 2757 591 2820 P.
614 2776 684 2838 119.
707 2755 729 2819 l.
747 2774 774 2817 1.
801 2753 904 2838 primo
931 2753 1075 2840 purgari]
1103 2753 1258 2838 Anglicus
1283 2753 1330 2817 ait
1354 2754 1555 2839 interpres—

508 2866 601 2943 “per
619 2856 853 2942 poenitentiam,
869 2877 940 2938 quae
960 2855 1085 2939 agenda
1103 2863 1152 2919 est
1173 2863 1250 2919 ante
1268 2855 1491 2919 admissionem
1512 2856 1554 2919 ad

509 2960 706 3026 “ecclesiam
732 2979 790 3042 per
818 2956 1044 3041 baptismum.”
1083 2955 1146 3020 Sed
1173 2957 1307 3022 forsitan
1333 2957 1555 3042 intelligendus

507 3069 558 3128 est
579 3061 781 3135 exorcismus,
805 3058 859 3142 qui
881 3058 914 3120 in
938 3058 1102 3142 Suffragiis
1124 3081 1190 3122 vnr.
1211 3067 1245 3123 et
1265 3083 1353 3123 xxxr.
1374 3067 1408 3123 et
1429 3080 1553 3123 xxxvn.

507 3163 688 3229 hominibus
702 3162 860 3226 conversis
874 3161 1088 3224 commendari
1103 3169 1137 3225 et
1151 3161 1272 3246 injungi
1288 3162 1421 3226 videtur.
1452 3163 1555 3225 Porro

508 3265 542 3330 in
567 3286 697 3342 canone,
725 3263 778 3348 qui
804 3262 898 3348 vulgo
926 3262 1019 3327 audit
1046 3262 1179 3327 Concidit
1206 3263 1398 3326 OEeumem'ci
1422 3261 1555 3326 Ssmsdi

508 3363 674 3448 septimus,
694 3384 763 3426 mos
785 3359 984 3425 exorcizandi
1007 3366 1075 3424 tam
1096 3360 1166 3423 illos
1188 3361 1363 3436 haereticos,
1386 3361 1495 3446 quiin
1516 3383 1555 3424 eo

509 3464 725 3541 nominantur,
741 3484 836 3549 quam
856 3462 1012 3539 ethnicos,
1031 3469 1108 3526 ante
1129 3462 1333 3546 baptismum,
1349 3462 1496 3526 firmatur
1516 3483 1555 3526 ac

510 3566 681 3630 stabilitur.

556 3667 640 3730 lbid.
655 3666 675 3730 l.
689 3685 722 3751 5.
743 3667 882 3750 itemque
904 3666 947 3729 ad
964 3666 1176 3751 Stephanum]
1204 3667 1259 3730 lta
1279 3665 1431 3751 scriptum
1451 3676 1501 3730 est
1522 3666 1555 3728 in

509 3767 712 3841 editionibus,
727 3775 760 3831 et
774 3768 807 3830 in
822 3768 967 3831 omnibus
981 3768 1047 3830 lere
1062 3768 1151 3831 libris
1166 3770 1334 3832 veteribus.
1366 3768 1444 3848 Quae
1458 3769 1555 3832 verba

509 3871 626 3933 desunt
640 3868 673 3930 in
690 3868 841 3942 Fuxensi,
857 3875 945 3932 recte
959 3876 1068 3932 autem
1083 3870 1201 3934 omissa
1220 3871 1253 3933 in
1269 3872 1323 3934 illo
1337 3872 1433 3935 fuisse
1453 3878 1486 3935 et
1501 3872 1555 3935 de-

509 3970 567 4035 leri
589 3970 704 4034 debere
726 3969 799 4033 hinc
821 3969 981 4055 colligitur
1002 3973 1087 4054 quod
1109 3983 1232 4036 certum
1254 3974 1297 4037 sit
1319 3974 1436 4037 nullam
1458 3982 1556 4038 antea

508 4072 690 4138 litterarum
705 4070 853 4156 Cypriani
873 4073 915 4135 ad
939 4071 1136 4158 Stephanum
1156 4075 1349 4140 mentionem
1364 4076 1432 4140 fieri
1447 4076 1480 4139 in
1495 4077 1555 4140 hac

509 4176 640 4261 synodo,
664 4174 711 4237 uti
737 4180 823 4237 recte
849 4174 1029 4239 observavit
1054 4184 1183 4240 sanetus
1206 4177 1417 4262 Augustinus,
1441 4179 1494 4242 lib.
1514 4179 1554 4241 vi.

509 4279 550 4341 de
565 4277 731 4361 Baptismo
750 4282 863 4339 contra
883 4276 1083 4354 Donatistae,
1098 4300 1168 4363 cap.
1188 4297 1236 4362 15.
1253 4279 1307 4342 ubi
1327 4280 1424 4343 etiam
1444 4281 1555 4345 scribit

510 4402 544 4444 sc
569 4379 736 4464 epistolam
760 4378 846 4441 illam
872 4378 1022 4463 Cypriani
1048 4381 1090 4443 od
1116 4380 1315 4465 Stephanum
1341 4404 1404 4445 non
1430 4383 1554 4446 vidisse.

511 4482 628 4545 Verum
643 4481 676 4544 id
695 4481 812 4566 prebat
826 4478 913 4544 istud
933 4481 1188 4546 additamentum
1207 4505 1276 4547 esse
1292 4492 1393 4548 vetus.
1416 4485 1488 4546 Vid.
1504 4506 1554 4547 su·

509 4604 580 4668 pra,
595 4604 625 4665 p.
639 4600 714 4666 502.
737 4581 906 4647 Bnnozms.
954 4581 1004 4646 lbi
1026 4582 1174 4648 Baluzius
1192 4584 1333 4670 loquitur
1350 4587 1390 4650 de
1409 4585 1555 4669 epistola,
