3700 5667
801 681 833 744 S.
856 679 1124 745 CORNELIUS.
1441 684 1485 746 25

433 852 695 931 ἀποθανεῖσθαι
713 851 803 931 ὅσον
826 852 911 932 οὐδέ
923 887 982 932 πω
1009 852 1244 956 νομιζόμενος,
1262 855 1301 932 ἐν
1323 855 1414 958 αὐτῇ
1438 859 1483 957 τῇ

431 983 580 1091 κλίνῃῇ
608 987 730 1085 ἔκειτο,
748 989 948 1091 περιχυθεὶς
972 987 1115 1080 ἔλαβεν·
1146 987 1244 1088 εἴγε
1266 985 1337 1090 χρὴ
1365 987 1484 1087 λε’γειν

429 1120 494 1200 τὸν
522 1130 683 1202 τοιοῦτον
711 1123 905 1229 εἰληφέναι.
944 1124 986 1202 οὗ
1017 1121 1089 1221 μὴν
1121 1121 1201 1202 οὐδὲ
1237 1129 1310 1200 τῶν
1345 1128 1484 1201 λοιπῶν

430 1255 543 1358 ἔτυχε,
569 1255 755 1361 διαφυγὼν
782 1253 848 1355 τὴν
874 1255 996 1353 νόσον,
1020 1253 1071 1335 ὧν
1098 1257 1168 1361 χρὴ
1195 1255 1483 1355 μεταλαμβάνειν

403 1388 524 1476 sicani
551 1388 615 1470 τόν
641 1396 704 1490 τῆς
732 1393 925 1489 ἐκκλησίας
954 1392 1097 1471 κανόνα·
1132 1401 1196 1471 τοῦ
1223 1425 1263 1470 τε
1291 1397 1480 1497 σφραγισ-

429 1529 537 1623 θῆναι
555 1524 624 1604 ι’ντδ
642 1534 706 1604 τοῦ
729 1525 939 1607 ἐπισκόπου.
970 1525 1097 1606 τούτου
1122 1526 1160 1606 δὲ
1183 1525 1234 1626 μὴ
1258 1527 1387 1630 τυχὼν,
1404 1533 1482 1610 πῶς

427 1655 477 1737 ἂν
493 1666 559 1737 τοῦ
576 1660 680 1760 ἁγίου
697 1659 898 1758 πνεύματος
915 1661 1038 1764 ἔτυχες

475 1791 536 1855 Καὶ
549 1790 643 1855 πόλιν
655 1795 731 1872 μετὰ
745 1793 866 1876 βραχέα
880 1795 986 1876 φησίν.

486 1903 524 1982 ε’.
544 1903 593 1981 Ὁ
610 1902 670 1983 διὰ
687 1905 823 1983 δειλίαν
841 1908 898 1984 καὶ
922 1905 1120 2011 φιλοζωΐαν
1144 1908 1182 1983 ἐν
1206 1912 1258 2012 τῷ
1284 1910 1394 2010 καιρῷ
1418 1910 1482 2003 τῆς

385 2071 420 2110 ιο
429 2036 585 2142 διώξεως
601 2038 848 2141 πρεσβύτερον
864 2038 989 2119 ἑαυτὸν
1007 2037 1095 2119 εἶναι
1116 2038 1373 2141 ἀρνησάμενος.
1404 2038 1481 2144 ‹ifa-

426 2169 577 2270 οόμενος
594 2171 667 2274 γὰρ
684 2176 742 2251 καὶ
764 2171 1082 2274 παρακαλούμενος
1107 2170 1177 2253 ὑπὸ
1201 2179 1274 2251 τῶν
1298 2169 1480 2270 διακόνων,

427 2306 470 2385 ἵν’
490 2305 649 2411 ἐξελθὼν
665 2315 729 2386 τοῦ
748 2310 908 2388 οἰκίσκον
926 2311 964 2387 ἐν
983 2305 1012 2415 ᾧ
1030 2308 1214 2414 καθεῖρξεν
1232 2305 1367 2403 ἑαυτὸν,
1386 2316 1475 2408 βοη-

427 2439 528 2545 θήσῃ
545 2448 619 2523 τοῖς
637 2444 807 2548 ἀδελφοῖς
826 2442 898 2522 ὅσα
912 2443 1010 2541 θέμις
1029 2446 1086 2521 καὶ
1105 2443 1178 2522 ὅσα
1199 2442 1350 2522 δυνατόν
1367 2478 1480 2546 πρεσ-

428 2575 569 2681 βυτέρῳ
602 2575 863 2656 κινδυνεύουσιν
891 2579 1061 2683 ἀδελφοῖς
1092 2580 1149 2656 καὶ
1177 2580 1375 2679 ἐπικουρίας
1403 2584 1480 2657 δεο-

387 2740 418 2801 15
429 2708 547 2807 με’νοις
577 2715 732 2808 βοηθεῖν
770 2718 947 2789 τοσοῦτον
977 2711 1115 2814 ἀπέσχε
1146 2718 1210 2788 τοῦ
1239 2714 1481 2815 πειθαρχῆσαι

428 2851 683 2945 παρακαλοῦσι
713 2850 787 2926 τοῖς
820 2843 1004 2940 διακόνοις,
1042 2846 1091 2925 ὡς
1120 2845 1179 2922 καὶ
1216 2847 1481 2947 χαλεπαίνοντα

428 2980 569 3059 ἀπιέναι
591 2983 649 3059 καὶ
672 2979 985 3060 ἀπαλλάττεσθαι·
1018 2977 1069 3078 μὴ
1100 2978 1173 3080 γὰρ
1200 2978 1251 3057 ἔτι
1277 2978 1481 3074 βούλεσθαι

426 3112 673 3216 πρεσβύτερος
690 3110 777 3193 εἶναι
795 3113 878 3218 ἔφη·
907 3113 1028 3214 ἑτέρας
1046 3111 1119 3213 γὰρ
1142 3109 1229 3191 εἶναι
1253 3116 1479 3219 φιλοσοφίας

426 3246 595 3349 ἐραστής.

384 3605 419 3644 20
428 3581 548 3640 tinnum
563 3580 710 3659 κοπρίῃ
725 3581 748 3638 ni
760 3592 856 3639 tamen
871 3583 926 3640 hu.
977 3583 1063 3642 vendi
1089 3582 1250 3661 cupiditate
1279 3582 1478 3660 presbyterum

423 3659 588 3736 jusoemodi
600 3661 774 3739 baptismum
786 3663 925 3737 suscepin·
977 3684 1008 3722 se
1029 3684 1093 3722 ense
1115 3662 1242 3740 negavit.
1299 3662 1479 3721 Admonitus

426 3759 459 3799 ιε
480 3739 622 3798 dicendus
644 3751 698 3799 est.
747 3740 807 3799 Sed
832 3762 927 3818 neque
977 3743 1053 3801 enim
1070 3755 1100 3801 et
1119 3754 1238 3820 rogatus
1257 3764 1273 3800 a
1291 3741 1429 3809 diaconis,
1445 3755 1480 3801 ut

425 3831 581 3898 postquem
599 3819 739 3879 liberatus
758 3831 802 3879 est
817 3824 925 3889 morbo,
978 3843 1014 3881 ex
1029 3822 1164 3880 cubiculo
1177 3823 1207 3879 in
1222 3843 1281 3900 quo
1294 3824 1421 3900 seipsum
1433 3825 1478 3881 in·

425 3899 540 3976 reliqua
553 3900 682 3978 percepit
700 3921 764 3977 quae
775 3900 859 3976 juxta
880 3923 927 3960 ec.
978 3903 1103 3960 cluserat
1118 3923 1258 3979 egressus,
1272 3904 1411 3960 fratribus
1428 3923 1480 3960 nu·

381 3977 614 4066 25elesinsticnm
649 3980 777 4057 regulam
817 3982 927 4060 percipi
977 3983 1048 4039 xiiio
1070 3982 1268 4059 indigentibus
1286 3993 1476 4048 succurreret.

426 4058 553 4117 debent:
593 4080 687 4137 neque
719 4061 755 4118 ab
790 4063 926 4141 episcopo
977 4072 1092 4121 tuntum
1115 4062 1220 4127 abfuit,
1238 4074 1272 4120 ut
1294 4063 1479 4120 hortantibus

426 4140 613 4216 contignatus
636 4150 689 4198 est.
743 4141 808 4199 Hoc
828 4152 924 4199 autem
978 4142 1106 4200 diaconis
1120 4162 1227 4199 morem
1243 4151 1365 4218 gereret.
1395 4141 1476 4211 Quin

425 4219 575 4297 signaculo
585 4220 704 4277 minime
715 4233 927 4300 percept0,qu0
977 4223 1076 4301 potius
1090 4223 1132 4280 ira
1146 4232 1176 4279 et
1195 4221 1394 4299 indignatione
1412 4242 1478 4298 per.

424 4298 543 4357 tandem
568 4299 656 4357 modo
678 4299 822 4378 Spiritum
843 4321 924 4360 sanc-
977 4304 1063 4368 citus,
1073 4303 1145 4360 abiit
1155 4322 1189 4359 ac
1199 4300 1340 4359 discessit.
1373 4301 1478 4376 Neque

378 4390 488 4458 3otum
504 4380 603 4457 potuit
616 4380 768 4457 accipere?
977 4383 1054 4440 enim
1075 4383 1275 4460 presbyterum
1299 4400 1330 4437 se
1352 4381 1478 4457 amplius

459 4464 643 4537 Etaliquunto
654 4474 725 4536 poet.
976 4462 1051 4520 velie
1076 4481 1138 4519 ense
1158 4460 1318 4537 respondit,
1333 4458 1382 4516 sed
1405 4459 1475 4516 ulte·

463 4561 493 4619 5.
509 4543 570 4615 Qui
586 4542 806 4622 persecutionis,
819 4542 924 4618 inquit,
975 4542 1037 4600 rius
1058 4540 1247 4618 philosophie
1270 4537 1414 4598 desiderio
1432 4548 1476 4594 te·

420 4634 628 4703 temporeprae
642 4621 925 4682 metuacnimiavi.
975 4623 1048 4681 neri.

465 4750 532 4792 vol..
550 4751 596 4793 111.
944 4748 961 4786 Β
