3700 5667
684 665 870 728 CONCIL.
896 663 1145 728 CARTHAG.
1163 662 1244 727 VII.
1435 664 1497 726 125

446 832 600 917 estquod
623 831 752 915 quidam
770 832 871 896 nostri
893 831 1155 917 praevaricatores
1176 831 1319 895 veritatis
1341 829 1501 894 haercticis

446 942 662 1027 suffragantur
676 948 709 1005 et
731 941 912 1005 christianis
933 942 1154 1006 adversantur.
1200 943 1378 1027 Propterea
1393 941 1500 1005 decer·

448 1052 551 1115 nimus
567 1049 735 1115 haereticos
749 1050 960 1134 baptizandos
976 1072 1054 1114 esse.

492 1161 677 1224 XXXIX.
701 1159 826 1223 Sattius
851 1182 872 1223 a
899 1160 1051 1224 Sicilibba
1078 1160 1168 1224 dixit.
1216 1159 1251 1223 Si
1280 1159 1439 1224 haereticis
1468 1159 1501 1224 in

421 1270 608 1355 sbaptismo
634 1291 690 1332 suo
713 1277 846 1354 peccata
868 1270 1037 1347 donantur,
1062 1268 1130 1332 sine
1156 1290 1252 1332 causa
1274 1269 1314 1332 ad
1336 1269 1501 1333 ecclesiam

448 1381 588 1445 veniunt.
635 1379 720 1442 Nam
742 1380 861 1442 onmia
883 1379 935 1442 die
951 1378 1063 1462 judicii
1085 1387 1218 1463 peccata
1239 1377 1304 1442 siut
1326 1400 1397 1462 quae
1411 1378 1501 1462 puni·

448 1502 554 1567 untur,
579 1490 657 1554 nihil
683 1497 733 1553 est
758 1490 843 1574 quod
870 1490 983 1553 timere
1010 1491 1133 1575 possint
1155 1488 1296 1553 haerctici
1323 1490 1362 1553 ds
1379 1489 1501 1574 judicio

449 1601 576 1680 Christi,
593 1602 620 1664 si
634 1607 709 1665 sunt
723 1601 940 1665 remissionem
956 1609 1159 1686 pcccatorum
1174 1600 1346 1664 consecuti.

492 1712 567 1775 XL.
595 1711 712 1775 Victor
737 1732 758 1774 a
784 1711 852 1774 Gor
881 1710 973 1773 dixit.
1029 1710 1108 1775 (lum
1134 1719 1265 1795 peccata
1292 1732 1356 1773 non
1382 1709 1442 1773 nisi
1467 1710 1500 1773 in

404 1822 588 1887 ¹0eaclesiae
609 1822 771 1908 baptismo
792 1823 1009 1897 remittantur,
1027 1822 1080 1906 qui
1100 1822 1284 1886 haereticum
1299 1822 1341 1886 ad
1362 1843 1500 1884 commu·

448 1933 639 1998 nicationem
660 1933 727 1998 sine
747 1934 906 2018 baptismo
921 1934 1075 2011 admittit,
1092 1944 1262 2018 utrumque
1277 1944 1389 1996 contra
1404 1933 1501 1996 ratio-

448 2065 520 2107 nem
535 2043 622 2121 lacit,
638 2065 696 2107 nco
711 2043 878 2107 haercticos
894 2051 1023 2129 purgat,
1040 2053 1074 2108 et
1089 2043 1278 2108 christianos
1293 2043 1448 2128 inquinat.

492 2153 586 2218 XLI.
611 2152 760 2217 Aurelius
783 2155 825 2217 ab
849 2153 950 2217 Utica
969 2153 1060 2217 dixit.
1107 2154 1207 2219 r(lum
1229 2153 1317 2217 dicat
1337 2152 1502 2239 apostolus

449 2287 512 2328 non
538 2265 833 2329 communicandum
862 2265 1003 2350 pcccatis
1032 2265 1152 2344 alienis,
1182 2265 1258 2350 quid
1288 2263 1373 2328 aliud
1405 2285 1501 2348 quam

404 2375 590 2460 Ispeccatis
615 2373 725 2439 alienis
751 2376 963 2439 communicat
993 2375 1046 2459 qui
1078 2374 1236 2440 haersticis
1265 2375 1332 2439 sine
1361 2373 1501 2438 ecclcsiae

450 2486 610 2570 baptismo
633 2487 867 2551 communicat?
893 2486 940 2550 Et
965 2487 1037 2550 ideo
1059 2507 1172 2550 censeo
1199 2485 1407 2570 baptizandos
1432 2507 1502 2550 csso

450 2595 617 2660 haersticos
640 2603 677 2660 ut
699 2597 859 2682 accipiant
881 2597 1046 2660 remissam
1073 2604 1285 2681 peccatorum,
1310 2603 1344 2659 et
1369 2596 1414 2660 sic
1440 2596 1501 2660 illis

450 2705 709 2768 communicetur.

492 2813 605 2878 XLII.
627 2814 651 2877 J
653 2815 765 2878 ambus
780 2837 800 2878 a
814 2814 1058 2879 Germaniciana
1072 2813 1164 2879 dixit.
1203 2815 1263 2896 Qui
1280 2815 1500 2879 haereticorum

401 2949 440 2989 ro
449 2924 609 3008 baptisma
619 2924 770 3010 probant,
781 2933 926 2988 nostrum
939 2925 1142 3010 improbant;
1161 2932 1199 2989 ut
1213 2933 1308 2989 extra
1322 2924 1497 3003 eododem,

448 3056 513 3097 non
530 3035 633 3099 dicam
657 3036 748 3114 lotos,
764 3037 819 3100 sed
843 3036 1035 3113 sordidatos,
1051 3043 1167 3121 negent
1189 3037 1222 3099 in
1242 3036 1375 3101 ecclesia
1395 3036 1498 3122 bapti·

448 3143 512 3207 zari
528 3152 684 3230 oportere.

491 3254 630 3318 XLIII.
656 3256 817 3320 Lucienus
832 3280 853 3321 a
868 3257 1013 3321 Rucuma
1028 3257 1119 3321 dixit.
1165 3257 1324 3342 Scriptum
1341 3264 1409 3320 est:
1433 3258 1501 3320 Ἐἰ

446 3365 527 3427 cidit
541 3366 626 3428 Deus
640 3364 735 3429 lacem
749 3367 823 3450 qaia
839 3364 914 3429 dotto
930 3376 983 3442 est,
1004 3377 1032 3431 et
1046 3367 1153 3430 divisit
1172 3367 1249 3429 inter
1264 3365 1356 3429 lucem
1374 3375 1402 3428 ct
1421 3376 1498 3430 toas·

400 3502 437 3557 25
448 3472 526 3538 broc.
572 3474 607 3537 Si
622 3483 729 3559 potest
751 3475 812 3539 luci
834 3483 868 3539 et
888 3476 1029 3540 tenebris
1044 3475 1221 3552 convenire,
1237 3483 1344 3558 potest
1359 3474 1450 3538 nobis
1465 3484 1499 3539 et

446 3585 604 3649 haereticis
619 3585 739 3670 aliquid
754 3609 823 3651 esse
838 3609 1014 3651 commune.
1056 3587 1232 3672 Propterea
1246 3608 1359 3650 conseo
1374 3587 1499 3650 haercti-

447 3719 501 3761 cos
516 3697 724 3783 baptizandos
739 3720 815 3762 csse.

491 3808 621 3872 XLIV.
645 3807 835 3893 Pelagianos
850 3832 871 3873 a
886 3809 1086 3894 Luperciana
1105 3809 1197 3873 dixit.
1242 3809 1403 3894 Scriptum
1426 3815 1495 3874 est:

445 3918 528 3980 ‘Act
549 3918 629 3981 caim
652 3919 803 3982 Dominae
823 3921 908 3983 Deus
927 3930 978 3993 est,
1004 3930 1059 3984 act
1081 3920 1168 3984 Baat
1187 3923 1272 3985 Deus
1293 3930 1341 3984 est.
1389 3920 1442 3984 lta
1463 3928 1496 3984 ct

393 4047 538 4109 genum,
564 4035 622 4090 aut
648 4027 779 4092 ecclesia
804 4028 935 4093 ecclesia
961 4038 1022 4106 est,
1045 4041 1102 4094 aut
1127 4030 1257 4094 haeresis
1283 4030 1415 4095 ccclesia
1436 4039 1494 4095 est.

445 4135 549 4199 Porro
564 4136 590 4200 si
613 4137 743 4201 haeresis
758 4139 890 4202 ecclesia
911 4150 1049 4216 nonest,
1067 4141 1225 4224 quomodo
1241 4162 1309 4203 esse
1330 4140 1415 4223 apud
1432 4140 1496 4204 hae·

444 4244 562 4308 reticos
575 4246 736 4329 baptisma
750 4245 889 4310 ccclesiae
904 4250 1032 4331 potest?

490 4354 599 4417 XLV.
622 4355 725 4419 Jader
741 4379 761 4420 a
778 4356 892 4420 Midila
904 4357 995 4422 dlxit.
1029 4339 1152 4422 Scimus
1167 4382 1228 4422 non
1241 4380 1309 4423 esso
1325 4359 1384 4423 nisi
1399 4381 1495 4423 unum

443 4464 605 4548 baptisma
625 4464 656 4527 iu
677 4465 808 4530 ecclesia
828 4466 993 4531 catholica.
1041 4469 1085 4532 Et
1105 4469 1176 4532 ideo
1196 4491 1258 4532 non
1274 4470 1425 4533 debemus
1439 4470 1495 4533 ad-

523 4660 534 4691 r
547 4649 611 4698 Tim.
625 4667 648 4698 v.
663 4666 701 4699 cr.
867 4662 878 4690 Ι
891 4654 954 4701 Gon.
967 4652 983 4699 i.
995 4670 1018 4711 4.
1182 4655 1193 4690 t
1205 4666 1219 4712 3
1230 4652 1290 4714 ltcg.
1300 4652 1366 4700 xviii.
1381 4666 1420 4699 ai.
