3700 5667
552 683 602 745 m
627 683 858 746 eoscum
880 664 1133 746 ‘cananae
1303 682 1368 754 179

315 872 361 914 cos
378 849 495 913 recuset
514 848 549 911 ic
568 848 689 912 crebris
711 848 866 913 catholico.
915 850 1029 912 Canon
1042 858 1152 912 autem
1166 848 1365 912 Arelatensis

316 950 450 1014 Concilii
476 950 523 1014 ita
548 972 583 1015 se
608 950 727 1023 habet3
756 951 938 1014 Bocosiocos
963 961 1064 1013 octor
1088 971 1124 1012 cc
1146 950 1243 1013 eodem
1266 971 1367 1014 errore

315 1054 471 1125 venientes,
496 1073 567 1138 quos
591 1052 667 1115 sicco
690 1052 825 1114 Arianos
848 1049 1002 1136 baptizari
1024 1052 1059 1114 ic
1085 1052 1243 1116 Trinitate
1265 1052 1365 1116 maci·

308 1155 424 1237 festum
443 1161 494 1229 cet,
509 1153 583 1216 dam
600 1154 776 1238 internecti
789 1153 885 1235 fidem
906 1164 1038 1217 nostram
1059 1175 1095 1217 cc
1113 1163 1171 1217 toto
1190 1152 1277 1218 eorde
1297 1174 1364 1216 cors·

308 1257 388 1342 fessi
407 1257 542 1340 fuerint,
567 1278 740 1319 onrrsuxrs
766 1279 802 1318 nr
828 1278 936 1319 ussus
961 1278 1161 1320 rurosrrrour
1184 1257 1220 1320 ic
1245 1255 1367 1320 sobria

316 1360 415 1444 recipi
435 1361 553 1442 sufficit.
600 1359 695 1436 Hinc,
716 1360 748 1422 ni
771 1358 875 1436 fallor,
895 1367 1032 1436 constat,
1054 1359 1184 1444 perinde
1205 1368 1304 1444 atque
1326 1380 1367 1424 ex

319 1462 468 1547 Cypriani
497 1461 600 1525 verbis
629 1484 650 1525 a
675 1461 864 1526 Constantio
894 1483 991 1546 supra
1018 1461 1133 1536 allatis,
1160 1461 1214 1546 qui
1244 1461 1366 1525 interea

317 1586 469 1628 canonem
485 1564 568 1627 hunc
580 1564 813 1639 Arelatensem,
829 1584 994 1649 nusquam,
1010 1565 1095 1650 quod
1110 1564 1317 1640 meminerim,
1333 1563 1367 1627 in

317 1666 377 1731 hac
392 1688 489 1730 causa
502 1665 646 1742 adduxit,
660 1665 895 1750 intelligendam
912 1688 981 1729 esse
996 1666 1109 1740 verbis,
1126 1676 1248 1750 atroque
1261 1687 1365 1730 socro-

316 1779 421 1843 meato,
442 1791 505 1832 non
523 1790 640 1853 aquam
660 1767 810 1850 baptismi
831 1776 864 1831 et
885 1767 1024 1852 Spiritus
1044 1766 1154 1832 Sancti
1173 1767 1312 1852 gratiam
1332 1768 1365 1831 in

317 1893 356 1935 eo
377 1871 535 1944 collatam,
551 1893 654 1954 neque
671 1869 864 1954 baptismum
884 1891 1058 1953 manusque
1078 1869 1311 1953 impositionem
1331 1871 1366 1934 in

310 1974 533 2058 pertinatiam,
553 1973 654 2037 multo
673 1971 777 2034 minus
799 1971 993 2055 baptismum
1012 1978 1110 2053 atque
1130 1969 1365 2047 eucharistiam,

316 2077 372 2139 sed
387 2074 537 2158 baptismi
553 2081 586 2138 et
604 2072 853 2138 confirmationis
873 2073 1024 2157 baptismi
1046 2082 1255 2137 sacramenta.
1301 2074 1366 2137 Ne-

317 2198 379 2261 que
408 2176 503 2241 aliter
532 2184 743 2260 exponentem
772 2175 855 2238 bunc
882 2183 916 2238 et
944 2173 1123 2239 consimiles
1151 2174 1237 2238 locos
1266 2175 1364 2239 etiam

319 2277 491 2342 Maranum
510 2278 601 2341 video
620 2278 653 2340 in
667 2276 862 2361 Proefots‘ooo
879 2275 925 2339 od
942 2277 978 2340 S.
993 2277 1148 2359 Cypriaci
1165 2277 1224 2362 op.
1244 2300 1275 2362 p.
1293 2277 1364 2341 xvii.

318 2387 351 2444 et
367 2379 450 2443 xviii.
470 2380 530 2444 etsi
547 2379 739 2464 Cyprianum
760 2378 921 2442 existimet
943 2377 1004 2455 ille,
1020 2400 1083 2442 non
1104 2378 1272 2443 nescivisse
1293 2379 1366 2444 Sta·-

317 2479 468 2565 phanum‚
484 2488 517 2545 et
532 2480 586 2565 qui
603 2481 645 2543 ab
663 2479 716 2543 illo
735 2480 876 2555 stabant,
892 2480 932 2542 de
947 2498 1098 2544 manuum
1114 2479 1315 2564 impositione
1333 2481 1366 2544 in

317 2582 550 2666 poenitentiam,
579 2581 736 2646 haereticis
768 2582 896 2644 omnino
930 2582 1107 2646 necessaria
1140 2583 1181 2646 ad
1211 2582 1366 2667 Spiritum

319 2683 473 2749 Sanctum
494 2683 722 2768 accipiendum,
741 2684 862 2747 nonde
885 2693 1085 2749 sacramento
1107 2684 1367 2761 confirmationis,

318 2786 461 2861 locutos;
486 2786 571 2850 haud
592 2787 675 2850 enim
696 2809 882 2871 repugnare,
898 2795 935 2850 ut
951 2786 1130 2872 Cyprianus
1151 2809 1231 2852 ansa
1250 2788 1292 2851 ab
1311 2789 1367 2852 ad·

318 2889 464 2954 versariis
489 2897 622 2975 accepta
648 2898 883 2953 sacramentum
909 2889 1159 2953 confirmationis
1185 2890 1366 2954 iterandum

318 3015 386 3057 esse
415 3000 584 3071 statueret,
610 2992 751 3076 quamvis
780 2992 856 3055 illud
886 2992 928 3054 ab
959 2991 1071 3055 iisdem
1100 2991 1210 3056 iterari
1240 2992 1368 3058 minime

318 3095 544 3180 suspicaretur,
558 3097 613 3159 sed
635 3118 690 3160 eos
709 3095 805 3158 sciret
825 3116 938 3158 manus
958 3094 1193 3180 impositionem
1215 3096 1247 3158 in
1267 3096 1368 3180 poeni·

318 3198 453 3262 tentiam
475 3205 602 3262 tantum
625 3198 827 3273 intellexisse,
843 3218 940 3280 quam
963 3198 1005 3260 ad
1029 3196 1185 3280 Spiritum
1207 3199 1368 3262 conferen-

318 3301 394 3363 dum
418 3301 629 3364 necessariam
652 3300 845 3385 putaverint.
892 3298 1017 3361 Videsis
1042 3306 1150 3362 tamen
1175 3300 1260 3382 quod
1286 3300 1369 3366 infra

318 3402 359 3465 sd
375 3401 565 3487 Suffragium
581 3403 736 3467 Octavum
752 3399 882 3466 Ooncilii
900 3398 1033 3484 Septimi
1048 3421 1124 3463 mox
1138 3401 1272 3465 dicetur.
1303 3401 1368 3466 Sed

319 3504 455 3568 maxime
469 3504 585 3567 idcirco
599 3505 757 3567 monenda
772 3502 936 3586 superiora
951 3502 1039 3578 duxi,
1052 3503 1136 3585 quod
1152 3503 1191 3566 de
1207 3498 1367 3588 baptismo

319 3613 352 3670 et
375 3606 568 3671 eucharistia
588 3607 692 3670 locum
714 3606 818 3669 minus
840 3612 926 3668 recte
948 3604 1147 3689 exposuisset
1171 3605 1369 3669 Marshallus

319 3708 474 3792 Anglicus
498 3708 666 3792 interpres,
693 3708 904 3772 renitentibus
933 3705 1038 3770 verbis
1066 3706 1188 3790 apertis
1218 3706 1368 3794 Suffragii

319 3810 429 3887 Quinti
445 3810 584 3895 ejusdem
600 3810 742 3886 Consilii,
759 3817 797 3873 ut
811 3809 948 3873 ostendi.

363 3912 402 3976 P.
425 3933 495 3978 r-ra.
517 3913 538 3976 l.
557 3929 607 3997 25.
628 3911 765 3997 renotm]
787 3913 933 3992 Quatuor
955 3911 1079 3995 antiqui
1101 3911 1226 3976 codices
1246 3912 1369 3978 habent

317 4015 414 4080 &aaa
438 4025 538 4079 cotos
588 4016 666 4095 Quae
691 4015 786 4079 lectio
814 4036 877 4077 non
903 4014 1059 4099 displicet,
1087 4035 1159 4077 cum
1185 4036 1247 4077 vox
1272 4016 1370 4079 desae

318 4125 408 4181 extet
433 4117 466 4181 in
492 4117 597 4202 capite
621 4117 720 4182 tertio
749 4116 901 4201 evangelii
932 4116 1104 4180 secundum
1130 4114 1300 4188 Joannem,
1328 4137 1367 4178 ex

318 4241 381 4304 quo
396 4220 483 4282 locus
502 4219 563 4283 iste
578 4220 699 4304 petitus
718 4228 778 4283 est.
825 4218 888 4282 Sed
909 4227 988 4302 puto
1005 4216 1211 4302 Cyprianum‚
1228 4216 1283 4300 qui
1304 4217 1369 4281 alia

317 4322 461 4387 versione
481 4323 632 4387 utebatur
652 4344 747 4406 quam
762 4321 891 4405 vulgata
914 4327 1036 4394 nostra,
1052 4318 1214 4402 scripsisse
1233 4327 1367 4381 renatas.

317 4423 485 4488 anuzrus.
532 4426 666 4488 Habent
680 4434 769 4488 catus
788 4429 856 4486 tres
878 4422 988 4506 scripti
1011 4421 1043 4484 in
1062 4420 1108 4483 od.
1132 4420 1227 4483 Osca.
1250 4441 1368 4483 memo-

317 4526 391 4604 rati,
406 4548 542 4613 qnorum
564 4548 645 4590 unus
667 4535 716 4590 est
740 4526 824 4588 Nooi
844 4524 918 4588 Ooll.
935 4525 1039 4609 prior,
1054 4522 1105 4587 cui
1127 4522 1266 4587 addendi
1287 4523 1368 4587 alius

802 4651 822 4687 A
837 4648 857 4688 a
875 4645 892 4691 2
