3700 5667
572 1349 622 1442 S.
659 1347 1142 1447 VICTORlNUS.

749 1613 964 1660 -φ-

386 1810 423 1881 S.
444 1809 707 1898 murmurosus,
725 1809 802 1883 Lib.
820 1810 878 1883 De
903 1811 1000 1882 Viris
1017 1809 1228 1895 Illustribus,
1247 1835 1323 1905 csp.
1380 1873 1382 1877 .

723 1927 834 1998 lxxiv.
852 1951 887 2021 p.
904 1926 988 1999 163.

333 2083 702 2195 ‘Vscuosuuus
748 2124 1015 2198 petavionensis
1058 2126 1264 2220 Episcopus,
1309 2149 1380 2196 non

333 2272 433 2339 aequc
460 2248 588 2320 Latine
613 2259 654 2320 ut
677 2250 802 2321 Groece
828 2262 986 2323 noverat.
1040 2251 1147 2322 Unde
1173 2275 1279 2345 opem
1304 2250 1381 2343 ejus

333 2375 480 2467 grandia
502 2376 671 2458 sensibus,
689 2376 812 2447 viliora
835 2378 1000 2448 videntur
1025 2378 1282 2470 compositione
1306 2397 1382 2445 ves·

335 2493 489 2567 borumJ’
539 2498 633 2570 Sunt
655 2509 777 2571 nutem
799 2500 898 2571 haec:
925 2500 1182 2571 commentarii
1205 2501 1242 2569 in
1263 2498 1382 2570 Gene-

334 2621 410 2702 sim,
432 2620 468 2688 in
496 2619 673 2705 Exodum,
696 2623 732 2691 in
761 2622 975 2705 Leviticum,
998 2622 1036 2691 in
1063 2621 1216 2705 Essiam
1240 2619 1277 2690 in
1304 2618 1380 2690 He·

334 2743 480 2828 zechiei,
515 2746 578 2814 ‘in
612 2745 771 2827 Abacuc,
806 2747 843 2814 in
879 2745 1130 2828 Ecclesiasten‚
1161 2746 1198 2816 in
1234 2744 1382 2815 Cantica

334 2865 572 2950 Oanticorum,
608 2871 644 2938 in
680 2868 933 2962 Apocalypsim
968 2867 1129 2953 Josnnis,
1165 2863 1379 2940 “adversum

334 3014 456 3062 omnes
477 2991 634 3074 hereses,
652 3000 690 3062 ct
706 2993 822 3064 mults
840 2993 920 3065 slis.
964 2991 1024 3063 Ad
1042 3001 1244 3064 extremum
1265 3002 1382 3064 0mor-

333 3116 424 3204 tyrio
440 3126 628 3187 coronatus
645 3124 709 3185 est.

375 3341 387 3368 ¹
402 3331 589 3390 Victorinum
605 3334 692 3399 hunc,
707 3354 794 3409 quens
809 3334 839 3390 in
855 3332 1030 3392 Diocletiani
1046 3333 1247 3410 persecutione
1261 3332 1384 3389 subiisse

335 3435 503 3512 martyrium
518 3434 645 3493 truditur
658 3435 688 3493 in
703 3435 915 3514 Martyrologio
931 3434 1017 3492 Rom.
1032 3435 1061 3492 2.
1077 3434 1157 3495 Nor.
1176 3455 1235 3493 non
1253 3434 1381 3494 Pictavi·

334 3560 431 3599 ensem
452 3540 484 3597 in
501 3539 661 3617 Aquitanis
682 3540 817 3608 secundo,
836 3540 886 3600 sed
910 3540 1149 3600 Petusiouonsem
1171 3560 1223 3600 seu
1246 3541 1381 3600 Petsbio-

335 3664 452 3702 nensem
468 3644 498 3701 in
517 3644 666 3722 superiore
681 3645 834 3704 Pannonis
851 3644 944 3704 fuisse
961 3644 1141 3724 episcopum,
1156 3655 1245 3722 etque
1259 3645 1300 3702 its
1314 3663 1382 3703 con·

336 3759 446 3806 stanter
468 3748 526 3826 legi
549 3747 579 3806 in
601 3748 758 3807 (lodicibus
777 3747 871 3807 MSS.
891 3760 921 3807 et
942 3747 1030 3827 longe
1050 3749 1184 3828 plurimis
1205 3748 1383 3808 editionibus

337 3852 511 3930 Hieronymi
527 3863 591 3910 tum
605 3851 738 3911 hocloco
752 3863 814 3910 turn
835 3873 923 3932 suprs
937 3872 1001 3931 cop.
1020 3852 1066 3912 18.
1082 3864 1145 3912 tum
1164 3852 1300 3933 Epistola
1313 3872 1382 3912 con·

335 3967 381 4014 tra
395 3955 588 4033 Vigilantium
603 3967 634 4015 et
652 3955 728 4015 libro
746 3969 848 4016 contre
867 3955 1039 4015 Helvidium
1060 3968 1090 4016 et
1112 3957 1143 4014 in
1161 3956 1270 4016 Erech.
1286 3956 1381 4014 xxxvi.

336 4058 545 4116 demonstravit
556 4057 577 4116 J
578 4078 605 4116 0.
618 4059 769 4136 Lounojus
782 4060 813 4116 in
828 4058 906 4117 Diss.
918 4058 955 4117 de
969 4058 1132 4125 Victorino,
1144 4059 1235 4117 Paris.
1251 4058 1338 4116 1653.
1351 4058 1382 4116 8.

337 4163 523 4221 annscsus.
567 4163 651 4221 Mors
665 4163 812 4222 Victorini
826 4162 857 4220 in
872 4162 1070 4240 chronologis
1085 4161 1203 4239 quidem
1220 4161 1381 4220 Tillcmon·

336 4266 415 4324 tiens
433 4266 470 4325 sd
484 4287 530 4324 sn.
545 4266 654 4325 Christi
670 4266 742 4325 304.
760 4266 873 4343 signatu
891 4277 936 4324 est
945 4288 955 4335 ,·
976 4285 1036 4343 quo
1055 4277 1152 4323 temen
1174 4264 1384 4343 persecutionis

336 4390 412 4427 onno
426 4372 488 4449 ipss
502 4370 649 4435 occiderit,
664 4368 742 4428 houd
755 4369 848 4446 liquet
863 4388 900 4427 ex
916 4370 1006 4427 veteri
1022 4387 1177 4445 quoquam.
1192 4367 1271 4445 quod
1285 4368 1383 4435 scium,

336 4475 485 4553 scriptore.

375 4576 502 4655 bNeget
524 4577 568 4636 illi
593 4576 766 4636 eruditionis
794 4576 908 4635 leudem
935 4577 980 4635 bis
1009 4577 1103 4636 verbis
1129 4577 1329 4655 Hieronymus
1353 4574 1382 4631 in
