3700 5667
417 669 449 731 S.
467 668 704 732 GREGORII
729 669 937 735 NEOCAES.
952 672 1104 737 EPIST.
1120 672 1293 739 CANON.
1341 674 1406 742 268

473 833 490 861 ει
646 834 656 863 t
753 833 765 861 κ
914 835 924 862 ι
1101 843 1110 866 2
1230 838 1241 866 ι
1376 843 1386 874 ι

359 870 442 932 σαν,
461 870 555 916 ωστε
581 870 680 920 τινας
705 870 786 920 τους
813 840 1055 942 διαφογοντας
1074 848 1325 942 αιχμαλωτους
1342 850 1408 949 βιᾳ

359 969 528 1073 κατέχειν.
562 971 802 1050 ἀποστείλατε
829 970 928 1056 τινὰς
953 976 1001 1056 εἷς
1024 969 1091 1071 τὴν
1114 971 1246 1077 χώραν,
1270 972 1320 1074 μὴ
1348 979 1407 1056 καὶ

358 1105 513 1202 σκηπτοὶ
531 1103 697 1182 πέσωσιν
714 1106 771 1184 ἐπὶ
788 1102 871 1189 τοὺς
888 1103 935 1183 τὰ
953 1112 1098 1184 τοιαῦτα
1115 1104 1362 1208 πράσσοντας.

753 1353 936 1429 ΚΑΝΩΝ
967 1355 1011 1430 Ζ.
1197 1464 1200 1469 1

330 1543 346 1604 5
413 1507 509 1591 Τοὺς
525 1505 591 1604 μὲν
608 1508 671 1586 οὖν
688 1507 1016 1612 ἐγκαταλεχθέντας
1032 1515 1106 1592 τοῖς
1123 1515 1333 1613 βαρβαροΐς,
1348 1513 1406 1591 καὶ

357 1646 433 1737 μετ’
453 1641 569 1719 αὐτῶν
596 1642 634 1719 ἐν
661 1642 894 1747 αἰχμαλωσίᾳ
919 1640 1196 1742 ἐπιλαθομένους
1224 1642 1279 1723 ὅτι
1306 1642 1404 1744 ἦσαν

360 1776 529 1855 Ποντικοὶ
546 1777 606 1854 καὶ
620 1777 844 1877 Χριστιανοὶ,
858 1776 1197 1879 ἐκβαρβαρωθεῖσαν
1216 1776 1266 1868 δέ,
1281 1781 1328 1862 ὡς
1347 1781 1406 1858 καὶ

357 1909 518 2017 φονεύειν
549 1907 631 1993 τοὺς
662 1908 869 2017 ὁμοφύλους
899 1907 920 2010 ἢ
953 1908 1054 2018 ξύλῳ
1087 1908 1110 2011 ἢ
1141 1911 1289 2017 ἀγχόνῃ,
1319 1915 1407 1993 ὑπο-

357 2044 529 2124 δεικνύναι
543 2043 580 2124 δέ
596 2042 619 2144 ἢ
633 2040 736 2128 ὁδοὺς
753 2041 776 2144 ἢ
791 2045 901 2128 οἰκίας
919 2047 1094 2146 ἀγνοοῦσι
1107 2053 1181 2131 τοῖς
1194 2046 1404 2151 βαρβάροις,

313 2199 348 2237 ¹0
358 2180 415 2257 καὶ
433 2183 496 2277 τῆς
514 2175 721 2281 ἀκροάσεως
738 2177 903 2285 ἀπεῖρξαι
919 2182 983 2258 δεῖ·
1013 2180 1137 2284 με’χρις
1149 2178 1194 2260 ἃν
1207 2187 1307 2286 κοινῇ
1324 2185 1406 2286 περὶ

357 2314 474 2392 αὐτῶν
487 2347 522 2392 τι
541 2309 630 2418 δόξῃ
649 2317 871 2392 συνελθοῦσι
889 2319 963 2396 τοῖς
982 2314 1107 2415 ἁγίοις,
1121 2317 1180 2394 καὶ
1197 2312 1269 2418 πρὸ
1288 2317 1406 2396 αὐτῶν

357 2451 408 2554 τῷ
426 2448 517 2554 ἁγίιρ
536 2445 729 2546 Πνεύματι.

748 2699 931 2776 ΚΑΝΩΝ
961 2701 1011 2775 Η.

411 2853 506 2938 Τοὺς
529 2852 567 2936 δέ
590 2854 696 2939 οἴκοις
718 2857 922 2960 ἀλλοτρίοις
949 2860 1110 2937 ἐπελθεῖν
1136 2854 1403 2958 τολμήσαντας,

310 3020 344 3079 15
356 2987 416 3068 ἐὰν
433 2989 498 3088 μὲν
516 2989 816 3093 κατηγορηθέντες
836 2992 1053 3096 ἐλεγχθῶσι,
1071 2990 1160 3092 μηδὲ
1179 2995 1242 3090 τῆς
1267 2990 1401 3095 ἀκροά-

355 3158 448 3209 σεως
463 3127 631 3233 ἀξιῶσαι·
661 3122 723 3205 ἐὰν
737 3124 774 3205 δέ
788 3124 932 3210 ἑαυτοὺς
946 3127 1116 3234 ἐξείπωσι
1129 3130 1188 3206 καὶ
1201 3128 1401 3219 ἀποδῶσιν,

355 3263 393 3339 ἐν
410 3266 455 3366 τῇ
473 3267 545 3340 τῶν
564 3257 867 3383 ὑποστρεφόντων
885 3260 986 3368 τάξει
1004 3263 1227 3343 ι’πτοπιπτειν.

354 3506 427 3563 quon
445 3487 495 3562 qui
510 3487 686 3565 effugerunt,
701 3489 730 3547 vi
745 3489 853 3549 retine·
902 3487 1032 3547 barbaris
1053 3486 1228 3546 ostendunt:
1255 3486 1343 3546 etiem
1365 3488 1402 3549 nb

354 3576 415 3624 ant.
449 3567 565 3627 Mittite
582 3567 694 3646 aliquos
712 3570 742 3628 in
758 3570 852 3648 regio·
903 3568 1054 3627 auditione
1073 3587 1170 3626 arcere
1190 3576 1325 3647 oportet:
1348 3567 1401 3627 do·

307 3663 345 3701 20
355 3666 431 3712 nem,
447 3668 483 3706 ne
498 3647 546 3706 vel
561 3648 683 3707 fulmina
697 3650 728 3707 in
742 3670 792 3709 eon
805 3671 851 3709 on·
903 3669 966 3715 neo,
985 3647 1022 3707 de
1042 3647 1088 3714 iis.
1108 3648 1289 3726 congregotio
1310 3646 1401 3709 Seno·

354 3726 434 3794 dent,
448 3729 498 3804 qui
513 3728 574 3788 hoec
588 3739 689 3807 agunt.
902 3729 951 3795 tin,
966 3728 1077 3806 aliquid
1098 3727 1289 3787 eommuniter
1305 3728 1400 3788 vinnm

901 3809 1002 3876 fuerit.
1017 3820 1048 3868 et
1062 3819 1129 3868 ante
1143 3826 1202 3876 eoo,
1218 3819 1318 3868 saneto
1333 3808 1401 3887 Spi-

475 3872 628 3931 CANON
650 3873 725 3932 vn.
901 3889 982 3948 ritui,

395 3986 456 4045 Eos
474 3987 573 4064 itaque
591 3987 642 4064 qui
659 3987 736 4045 inter
749 3987 850 4047 borbe-
1017 3968 1169 4028 CANON
1190 3968 1283 4027 Vm·

353 4087 401 4125 ron
414 4067 574 4125 enumerati
590 4077 669 4135 sunt,
684 4076 714 4125 et
728 4087 794 4126 eum
809 4069 852 4127 eis
942 4067 1004 4126 Eos
1025 4077 1122 4125 eutem
1145 4066 1194 4143 qui
1216 4064 1325 4125 alienun
1347 4065 1400 4125 do-

305 4162 320 4200 2
325 4159 341 4219 5
353 4147 383 4205 in
394 4146 564 4224 captivitate
578 4148 755 4216 invaserunt,
767 4148 850 4206 obliti
900 4167 964 4206 mos
982 4146 1119 4205 invadere
1140 4145 1202 4204 euni
1219 4145 1351 4204 fuerint:
1374 4145 1398 4204 ni

353 4248 383 4286 ne
404 4246 466 4285 ense
489 4227 636 4296 Ponticos,
658 4239 689 4286 et
709 4227 849 4287 Christis·
900 4227 1026 4286 accusati
1047 4224 1164 4303 quidem
1187 4225 1312 4283 oonvieti
1333 4226 1398 4284 fue·

352 4327 423 4367 nos:
456 4307 567 4366 efferati
592 4317 700 4375 eutem,
725 4307 851 4367 borbori-
900 4307 970 4373 rint,
985 4326 1039 4366 nee
1059 4303 1208 4364 auditione
1226 4304 1329 4382 dignos
1349 4323 1400 4364 ex-

351 4407 409 4464 que
426 4386 542 4451 redditi,
558 4398 592 4446 ut
612 4399 642 4446 et
663 4407 712 4446 eos
733 4388 783 4466 qui
805 4388 850 4447 eui
900 4386 1030 4447 intimare
1046 4387 1213 4465 [oportet]=
1239 4384 1285 4443 ein
1299 4395 1398 4444 autem

351 4479 421 4526 nunt
435 4467 559 4545 generis,
569 4468 616 4527 vel
625 4467 715 4547 ligno,
725 4467 772 4526 vel
786 4469 848 4528 nuf-
900 4468 1011 4544 seipsos
1021 4466 1214 4532 enunciarint
1225 4474 1255 4524 et
1265 4464 1398 4525 reddide-

301 4559 343 4615 30
352 4547 497 4606 foootione
511 4546 705 4607 interficiant:
724 4547 785 4606 vias
798 4569 848 4607 au·
898 4548 979 4618 rint;
1001 4547 1032 4605 in
1046 4565 1145 4605 eorum
1160 4545 1211 4624 qni
1225 4555 1396 4605 convertun-

352 4639 414 4687 tem
444 4626 490 4686 vel
522 4626 622 4687 domos
655 4628 849 4688 nescientibus
899 4637 959 4693 tur,
973 4626 1104 4686 ordinem
1114 4625 1275 4686 nubsterni.
