3700 5667
496 692 559 754 182
843 688 1196 754 ANNOTATIONES

494 858 599 944 potius
630 856 734 934 luisse,
763 866 896 941 propter
925 856 1095 930 Novatum,
1126 865 1159 920 et
1191 854 1270 919 alias
1299 863 1375 919 tunc
1405 856 1541 922 haereses

494 960 611 1024 multas
634 968 827 1035 enascentes,
852 981 891 1022 ne
917 957 1083 1043 quisquam
1109 958 1151 1022 ab
1175 981 1222 1029 eo,
1246 959 1313 1022 sine
1337 959 1541 1022 damnatione

493 1061 610 1126 erroris
625 1060 684 1136 sui,
699 1061 901 1145 reciperetur.
927 1060 1095 1122 chsurrus
1109 1082 1129 1123 a
1146 1060 1235 1123 Fello
1250 1059 1375 1123 allatus.

538 1167 575 1228 P.
594 1183 655 1241 114
682 1164 703 1227 l.
720 1183 770 1229 21.
793 1163 878 1247 quod
901 1162 997 1226 semel
1019 1161 1213 1247 imbiberint]
1238 1162 1343 1246 Epist.
1366 1162 1407 1225 ad
1429 1160 1539 1241 Quint.

493 1265 605 1331 Debere
629 1286 871 1350 unumquemque,
897 1286 957 1327 aon
975 1285 1037 1348 pro
1063 1285 1094 1326 eo
1119 1263 1200 1348 qreod
1223 1264 1313 1326 semel
1334 1262 1492 1327 imbiberat
1514 1272 1541 1326 et

492 1367 617 1441 tenebat,
638 1367 836 1453 pertinaciter
857 1366 997 1451 caprea
1005 1391 1019 1443 ,·
1042 1366 1096 1429 sed
1115 1365 1240 1449 siquid
1258 1365 1363 1428 aulica
1384 1376 1411 1429 et
1431 1365 1540 1429 atilius

493 1469 635 1546 eetitemt,
651 1467 774 1532 libenter
788 1467 938 1552 amplecti.
962 1467 1131 1530 Rraxsrrus
1149 1488 1170 1529 a
1185 1466 1274 1529 Fello
1293 1466 1419 1530 allatus.
1457 1466 1541 1531 Tan-

493 1577 574 1655 guut
603 1571 671 1634 haec
700 1570 870 1634 contrariae
897 1569 1000 1654 partis
1028 1569 1220 1633 sententiam
1249 1569 1288 1632 de
1317 1569 1538 1633 haereticorum

491 1671 675 1756 ,baptism03
704 1672 848 1735 conteras
870 1678 903 1734 et
926 1670 981 1734 illa
1001 1691 1071 1753 quae
1091 1669 1124 1731 in
1146 1669 1228 1733 actis
1253 1670 1371 1753 Synodi
1395 1670 1539 1754 proxime

493 1774 654 1857 sequentis
673 1788 844 1859 ponuntur.
889 1773 1017 1858 Colligit
1036 1772 1164 1857 quidem
1183 1794 1224 1836 ex
1243 1772 1357 1849 verbis,
1373 1795 1443 1856 quae
1464 1794 1538 1835 mox

492 1875 665 1952 adduntur,
697 1875 855 1959 Anglicus
888 1875 1055 1958 interpres,
1089 1874 1248 1939 censuisse
1280 1896 1389 1937 omnes
1421 1880 1539 1957 praeter

493 1976 692 2062 Stephanum
708 1977 872 2062 episcopos
887 1975 1033 2040 fidelibus
1047 1976 1142 2040 licere
1156 1977 1196 2040 de
1214 1997 1249 2040 re
1267 1976 1321 2040 illa
1335 1985 1540 2042 controversa

491 2079 576 2144 inter
602 2101 636 2143 se
662 2079 935 2162 dissentireque
961 2079 1003 2142 ad
1028 2078 1226 2163 disciplinam
1249 2078 1350 2162 magis
1376 2101 1471 2163 quam
1496 2082 1539 2143 ad

491 2181 587 2245 fidem
602 2181 762 2266 pertinere
777 2181 947 2246 rideretur.
982 2181 1103 2245 Verum
1119 2182 1159 2245 de
1173 2180 1234 2244 illis
1250 2181 1340 2245 Afris
1358 2181 1426 2245 haec
1441 2183 1539 2266 scrip

492 2290 529 2348 ta
556 2283 697 2359 fuerunt,
719 2304 799 2366 quos
832 2282 976 2346 novimus
1006 2283 1046 2346 de
1071 2304 1105 2345 re
1134 2282 1229 2346 aliter
1255 2282 1414 2367 judicasse
1443 2306 1538 2368 quam

492 2384 684 2470 Cypriauum
701 2405 846 2467 suosque,
862 2383 895 2447 id
910 2385 996 2469 quod
1011 2384 1204 2471 cyprianum
1219 2393 1387 2450 monuerat
1402 2385 1539 2466 Quintus

492 2486 526 2550 in
543 2485 739 2548 Mauritania
759 2485 936 2570 episcopus,
953 2493 990 2550 ut
1005 2509 1044 2549 ex
1060 2487 1196 2570 epistola
1209 2487 1309 2572 ipsius
1324 2489 1475 2573 Cypriani
1495 2490 1538 2554 ad

492 2590 627 2653 eundem
641 2588 795 2669 Quintum
809 2595 947 2652 constat.

748 2895 922 2961 eonem.
941 2862 1175 2960 'exarnus
1200 2894 1280 2958 vu.

537 3098 573 3159 P.
596 3117 666 3182 115.
688 3096 707 3162 1.
727 3120 758 3177 4.
782 3097 1044 3184 Carthaginiense
1067 3100 1258 3183 Concilium]
1285 3100 1366 3164 Post
1387 3099 1476 3163 litem
1497 3101 1539 3162 de

491 3197 712 3264 haereticorum
732 3202 892 3286 baptismo
913 3202 968 3266 diu
988 3203 1186 3286 multumque
1205 3202 1371 3287 agitatam,
1388 3223 1450 3263 non
1467 3208 1537 3264 tan-

491 3310 560 3366 tum
576 3325 633 3387 per
647 3303 799 3387 epistolas
815 3326 886 3366 curn
901 3305 1057 3389 episcopis
1072 3305 1215 3381 seorsim,
1232 3306 1286 3368 sed
1302 3304 1400 3368 etiam
1415 3305 1448 3366 in
1463 3325 1536 3388 syn·

493 3404 564 3468 odis
590 3407 763 3469 eorundem
788 3406 972 3490 frequenter
994 3407 1216 3491 congregatis;
1249 3407 1318 3470 Cal.
1342 3406 1539 3491 Septembris

490 3508 532 3571 A.
550 3510 622 3591 256.
644 3508 827 3585 Concilium,
851 3510 877 3572 si
902 3510 987 3592 quod
1013 3508 1110 3586 aliud,
1134 3518 1210 3573 ante
1232 3509 1433 3574 Constantini
1459 3518 1537 3573 tem-

489 3632 579 3694 pora,
602 3610 887 3674 celebratissimum
913 3610 1045 3674 lxxxvii.
1076 3611 1294 3695 episcoporum
1319 3611 1438 3675 Africae
1463 3633 1556 3696 pr0-.

487 3710 610 3784 vinciae,
626 3709 783 3774 Numidiae
804 3720 837 3775 et
856 3712 1064 3777 Mauritania
1086 3715 1260 3797 cogendum
1277 3711 1467 3796 Carthagini
1485 3734 1537 3774 cu·

488 3812 572 3875 ravit
587 3812 772 3895 Cyprianus.
817 3815 896 3877 Cum
914 3837 990 3877 vero
1008 3817 1230 3880 controversiae
1251 3823 1371 3880 statum
1387 3815 1418 3877 in
1436 3814 1537 3879 literis

489 3915 510 3979 J
513 3915 640 3979 ubaiani
660 3916 702 3979 ad
722 3915 825 4000 ipsum
848 3916 985 3998 scriptis,
1007 3917 1137 4001 ejusque
1155 3919 1286 3981 invicem
1302 3939 1452 4002 responso
1466 3939 1537 4001 per·

488 4041 584 4103 quam
609 4027 757 4082 accurate
784 4018 918 4103 proponi
945 4027 1088 4084 censeret
1114 4021 1364 4085 consultissimus
1392 4019 1534 4091 Praesuh

488 4144 528 4186 ex
544 4122 655 4185 iisdem
673 4121 775 4206 primo
794 4121 826 4183 in
842 4120 911 4184 loco
929 4120 1031 4197 lectis,
1046 4124 1272 4187 tractationem
1292 4123 1474 4209 synodicam
1490 4122 1537 4185 in·

487 4222 663 4287 choaudam
678 4223 779 4287 duxit.
826 4224 989 4308 Epistolas
1012 4247 1085 4289 vero
1106 4226 1275 4310 praedictas
1292 4225 1349 4290 lite
1360 4225 1428 4309 jam
1449 4222 1537 4287 adul·

487 4333 532 4402 ta,
549 4333 582 4390 et
598 4326 761 4411 Stephano
775 4325 808 4389 in
823 4336 953 4408 apertas
968 4328 1147 4392 simultates
1162 4335 1320 4412 provecto,
1333 4327 1537 4391 transmissas

486 4427 602 4507 fuisse;
626 4451 665 4492 ex
686 4428 724 4492 iis
745 4450 815 4512 quae
836 4428 913 4491 inibi
934 4439 1150 4494 memorantur
1169 4429 1265 4494 rebus
1284 4430 1395 4514 gostis,
1410 4429 1536 4492 abunde

486 4537 622 4594 constat.
668 4530 941 4610 Quemadmodum
957 4554 1031 4595 vero
1053 4533 1207 4597 tractatui
1230 4533 1269 4595 de
1292 4532 1455 4596 Patientia
1476 4551 1532 4593 na·

486 4632 567 4695 tales
596 4631 709 4694 exinde
738 4653 811 4694 suos
840 4632 1080 4717 assignavimus,
1108 4634 1193 4717 quod
1219 4641 1295 4697 ante
1320 4634 1431 4698 literas
1456 4634 1536 4696 istas
