3700 5667
390 658 455 722 508
740 653 1093 717 ANNOTATIONES

438 826 475 889 Ρ.
498 828 571 909 496.
599 827 618 890 l.
644 845 692 909 29.
720 838 877 891 συστατικὸς
900 825 997 912 λόγος]
1028 822 1192 887 ll‘lusculus
1217 824 1322 895 vertit,
1350 824 1448 888 libet·

394 929 535 1015 areperti
556 928 738 1013 ooiJ'ro-npitnr
758 952 814 1014 qao
840 930 998 1014 Oriponom
1023 926 1249 991 conmendavit.
1297 926 1445 991 Christo-

390 1030 568 1113 phorsonus
589 1037 697 1092 autem
713 1030 762 1093 ita
778 1031 1020 1114 interpretatur,
1038 1028 1145 1091 Oratio
1163 1028 1304 1111 (imperii
1319 1028 1353 1089 in
1373 1028 1446 1090 ori-

389 1131 475 1215 ponis
501 1130 780 1194 commendationem
807 1132 986 1214 oonooripto.
1033 1129 1153 1191 Verum
1181 1130 1262 1191 hane
1289 1129 1445 1213 interpre

392 1232 548 1295 tationem
572 1232 708 1316 probare
732 1255 794 1296 non
819 1255 957 1318 possmm
983 1253 1085 1315 noque
1109 1230 1192 1293 enim
1217 1231 1321 1294 oratio
1345 1230 1400 1293 illa
1424 1254 1446 1293 a

394 1333 551 1415 Gregorio
576 1333 818 1417 Thaumaturgo
844 1333 964 1417 script-a
989 1344 1040 1396 est
1065 1333 1107 1395 ad
1135 1331 1444 1395 commendationem

393 1434 557 1518 Origonis;
583 1436 641 1499 sed·
653 1436 694 1497 ad
710 1436 850 1518 agendas
871 1434 994 1518 gratias
1016 1433 1215 1519 peremptori,
1232 1455 1303 1496 oum
1318 1455 1358 1496 ox
1374 1434 1444 1519 ejus

393 1537 501 1600 schola
530 1538 716 1601 diseederet.
748 1538 919 1600 σοοτατικοὶ
950 1536 1077 1620 quidem
1107 1536 1257 1599 dicuutur
1289 1535 1444 1619 Epistolae

392 1638 672 1702 commendaticiae.
719 1639 889 1703 Orationes
918 1648 1026 1701 autem
1057 1638 1229 1700 σοοτοτικοὶ
1259 1637 1352 1701 uullae
1383 1660 1442 1700 un-

392 1763 487 1825 quam
510 1741 648 1805 suerunt.
694 1742 799 1822 Quare
823 1762 887 1802 non
911 1739 1024 1803 dubito
1049 1738 1124 1823 quin
1149 1740 1341 1805 ουυτοκτικὸς
1367 1740 1444 1802 sori·

393 1844 530 1906 bendum
547 1843 598 1918 sit,
611 1842 685 1906 lieet
699 1842 898 1927 Niceplrorus
910 1842 1071 1927 vulgatam
1087 1840 1252 1904 lectionem
1265 1842 1442 1906 confirmet.

393 1948 455 2008 llst
479 1954 587 2009 autem
611 1944 801 2010 σουτοκτικὸς
823 1945 926 2025 λόγος,
950 1943 1054 2007 oratio
1077 1965 1140 2026 qua
1162 1942 1230 2005 vale
1254 1943 1381 2016 dieitur,
1406 1954 1441 2009 ut

393 2047 499 2110 mermi
516 2047 548 2109 in
566 2045 826 2110 annotationibus
842 2045 1041 2121 Eusebianis,
1058 2046 1115 2124 (ad
1139 2046 1201 2108 tu.
1219 2047 1372 2109 Constant.
1391 2049 1440 2109 M.

392 2149 445 2212 lib.
462 2150 502 2211 iii.
525 2171 593 2233 cap.
612 2153 675 2229 οι.)
699 2171 778 2232 quas
798 2149 960 2211 studiosus
979 2148 1079 2211 lector
1099 2147 1251 2211 consulet.
1277 2150 1440 2212 Vnunsrns.

393 2250 518 2336 Operis,
537 2252 621 2335 quod
642 2251 727 2334 typis
749 2272 833 2334 stepo
854 2272 1004 2313 excusum
1025 2258 1084 2322 ost,
1108 2250 1219 2313 titulus
1239 2250 1289 2313 hie
1309 2260 1370 2327 est,
1390 2258 1442 2314 τοῦ

393 2357 479 2434 ἁγίου
501 2355 663 2434 Γρηγορίου
685 2360 737 2416 τοῦ
761 2358 996 2433 Θαυμοτουργοΰ
1020 2355 1061 2417 εἷς
1078 2350 1240 2431 Ὠριγέυηυ
1262 2366 1441 2434 προσφωνο-

393 2458 470 2524 τικὸς
485 2460 533 2521 καὶ
550 2456 746 2537 πανηγυρικὸς
761 2458 864 2537 λόγος.

438 2560 475 2620 P.
500 2576 573 2639 497.
600 2558 620 2619 l.
647 2579 673 2619 ι.
700 2560 864 2642 Antipater
888 2556 1076 2641 Bootronois]
1106 2558 1202 2621 llune
1230 2559 1441 2642 Antipatrum

394 2659 598 2723 llostrensom
628 2667 703 2724 ante
733 2660 906 2724 Concilium
939 2660 1102 2724 Nieaeuum
1133 2659 1323 2736 Secundum,
1356 2663 1439 2744 quod

392 2763 451 2824 sub
467 2764 561 2825 tinem
577 2763 681 2827 saeculi
697 2762 800 2827 octavi
813 2764 957 2827 habitum
974 2772 1032 2838 est,
1043 2762 1157 2826 vixisse
1172 2770 1310 2835 constat,
1324 2764 1441 2848 quippe

393 2883 464 2923 eum
488 2863 520 2925 iu
543 2864 653 2926 eodem
676 2864 807 2926 coneilio
829 2864 1003 2928 adductum
1025 2864 1120 2927 luerit
1144 2887 1161 2925 a
1188 2864 1350 2948 Stephano
1369 2865 1440 2925 llo-

392 2963 494 3026 naeho
512 2966 594 3047 Opas
612 2965 741 3044 tinnio-m
758 2967 918 3049 Aoolqmtri
932 2976 1035 3027 contro
1052 2963 1227 3041 Eusebium,
1242 2965 1290 3028 oui
1313 2965 1439 3048 quidem

392 3064 448 3126 soli
473 3065 657 3128 attribuisse
678 3066 853 3151 Antipater
872 3067 999 3129 videtur
1019 3067 1198 3151 elpmbfia-oot
1216 3090 1276 3150 pro
1301 3068 1438 3151 Oripono.

392 3165 505 3229 Gavius
533 3166 743 3252 Antipatrum
768 3168 852 3231 eirea
878 3169 1017 3231 medium
1046 3170 1196 3232 saeoulum
1222 3169 1369 3251 quintum
1397 3170 1441 3231 ad

392 3290 510 3331 annum
543 3272 607 3347 460
636 3270 810 3333 collocavit.
872 3272 1025 3335 Oouleras
1058 3270 1174 3334 (ludim
1211 3272 1368 3333 C'omnnont.
1402 3271 1440 3333 do

393 3370 596 3455 Scriptoribas
610 3371 692 3435 It'ool.
709 3382 786 3436 tom.
799 3374 831 3435 ii.
848 3396 877 3457 p.
897 3393 966 3435 101.

437 3475 520 3537 lbid.
539 3474 559 3538 l.
581 3496 629 3552 14.
652 3487 698 3553 rip
719 3489 765 3538 τοῦ
786 3488 842 3538 οἱοῦ
863 3487 928 3556 πρὸς
949 3488 995 3540 τόν
1014 3488 1112 3554 euripo
1134 3478 1275 3560 ὑπόβασιν]
1300 3475 1379 3539 (ium
1400 3479 1440 3541 (le

393 3578 653 3641 subordinatione
669 3578 740 3641 Filii
757 3580 798 3642 ad
816 3578 946 3641 Patrem
963 3580 1111 3642 nonnulla
1127 3580 1259 3642 dixisset
1275 3579 1438 3662 Origenes,

393 3701 451 3762 pro
474 3703 512 3741 aa
535 3680 776 3760 ἀπολογούμενος
799 3680 957 3744 Eusebius
985 3682 1099 3745 similia
1121 3705 1160 3745 ux
1183 3682 1253 3744 ullis
1276 3681 1440 3766 scriptori-

393 3781 452 3843 bus
476 3781 572 3844 allata
591 3781 688 3863 juxta
710 3794 870 3865 posuerat.
917 3784 981 3846 Sed
1004 3784 1148 3846 similitor
1169 3806 1207 3846 ao
1230 3794 1339 3867 patres
1363 3794 1440 3847 ante

394 3882 518 3955 Arium,
537 3903 598 3943 nen
619 3890 745 3945 tautum
766 3885 818 3968 qui
840 3907 912 3949 rous
931 3886 992 3949 suit
1013 3887 1176 3971 Origenes,
1191 3887 1247 3948 sed
1268 3886 1366 3949 etiam
1386 3888 1440 3950 ‹le-

393 3984 533 4046 iensores
562 3984 640 4067 ejus,
665 3984 769 4049 minus
799 3998 948 4053 uoeurato
974 3990 1110 4052 fortasse
1136 3989 1176 4051 de
1201 3989 1260 4051 hoe
1287 3989 1440 4072 mysterio

392 4086 489 4149 loeuti
506 4086 633 4149 fuerant
641 4112 651 4163 ;
674 4102 710 4151 ut
724 4088 846 4153 interea
861 4091 913 4153 vix
928 4092 1100 4176 quidquam
1115 4092 1157 4155 ab
1172 4091 1231 4154 illis
1249 4092 1438 4175 proferetur,

393 4191 477 4273 qnod
508 4212 624 4275 magna
653 4192 792 4275 synodus
822 4192 953 4258 Niomna
979 4205 1133 4278 tanquam
1162 4195 1292 4277 impium
1318 4196 1440 4278 vitupe-

391 4299 491 4355 rasset
507 4318 516 4363 ;
541 4315 720 4377 quanquam
736 4296 929 4359 eontrarium
951 4297 1026 4380 quid
1043 4297 1145 4360 innuit
1161 4297 1347 4381 Antipater,
1363 4298 1439 4361 (lum

394 4397 434 4457 de
460 4396 671 4460 eondenmato
698 4397 823 4461 Ariane
849 4398 999 4482 dogmate
1022 4400 1064 4461 ab
1091 4399 1145 4461 illa
1171 4400 1291 4482 syuodo
1312 4400 1441 4464 videtur

393 4496 453 4565 hoe
469 4496 538 4559 loeo
552 4521 655 4581 agere.
702 4504 749 4563 At
767 4500 836 4565 vide
852 4524 923 4585 qum
942 4502 1037 4563 modo
1048 4502 1112 4564 dixi
1134 4526 1161 4585 p.
1179 4522 1253 4585 503.
1275 4501 1350 4566 item
1368 4524 1439 4587 qum

392 4598 481 4662 inira.
