3700 5667
596 663 644 727 IN
668 662 702 728 S.
719 662 935 729 CORNELII
960 665 1260 731 FRAGMENTA.
1404 666 1447 732 65

395 835 502 913 electi,
527 842 747 920 competentes
775 834 1051 918 nuneupabantur,
1076 841 1145 898 tum
1173 835 1308 919 primum
1326 835 1447 921 fideles,

397 958 471 1003 eum
492 936 588 1001 tincti
608 937 746 1012 fuerant,
765 935 940 1019 nuncupari
957 935 1113 999 solebant.
1158 935 1245 999 Hine
1264 936 1297 999 in
1317 938 1449 1000 coneilio

398 1037 601 1104 Eliberitnno
635 1037 866 1112 cacodemones,
896 1037 993 1101 immo
1021 1042 1056 1098 et
1088 1034 1289 1114 Ολτίιτίαιιιιι,
1313 1058 1335 1101 a
1352 1037 1449 1123 fidoli

399 1140 620 1225 distinguitur.
664 1139 704 1202 In
719 1161 758 1202 eo
772 1139 898 1224 quippe,
914 1145 953 1202 ut
966 1160 1007 1202 ex
1023 1137 1099 1201 Can.
1114 1154 1168 1222 45.
1184 1148 1218 1203 et
1232 1158 1286 1222 59.
1302 1146 1448 1223 apparet,

399 1263 474 1307 oum
493 1241 721 1306 catechumene
736 1240 827 1304 simul
848 1248 882 1304 et
902 1240 1004 1304 tincto
1026 1260 1190 1302 commune
1211 1248 1260 1304 est
1277 1239 1451 1304 Christiani

400 1362 540 1417 nomen;
562 1341 619 1405 sed
632 1339 805 1426 appellatio
809 1340 917 1423 fidelia
931 1341 989 1404 seli
1004 1340 1106 1403 tincto
1118 1343 1282 1426 competit.
1316 1342 1450 1427 Gyrillus

401 1465 479 1508 vero
499 1442 607 1506 Jeros.
628 1441 702 1506 lieet
723 1441 783 1507 hoo
791 1441 903 1529 fidelis
922 1463 1037 1505 nomen
1059 1442 1156 1506 etiam
1181 1443 1290 1507 electis
1316 1445 1450 1519 tribuat,

403 1544 481 1630 quia
499 1544 646 1609 videlieet
665 1545 698 1607 hi
714 1546 783 1628 jem
811 1544 961 1629 baptismi
989 1544 1159 1608 sollemniis
1182 1545 1301 1609 initiari
1325 1546 1451 1630 incipie-

402 1647 496 1723 bant,
516 1645 594 1710 illud
616 1653 725 1710 tamen
747 1646 868 1731 pariter
888 1669 909 1709 a
928 1647 1145 1710 catechumeni
1164 1648 1317 1711 vocabule
1340 1647 1450 1711 sedulo

402 1748 582 1834 distinguit·
629 1747 727 1812 Unde
747 1749 876 1813 Oeteeh.
895 1748 916 1812 i.
939 1770 970 1811 n.
981 1769 1011 1825 4.
1032 1749 1088 1824 ait,
1113 1751 1212 1812 Antea
1231 1749 1453 1813 mechanicum

402 1870 482 1924 aas,
493 1851 687 1937 euncfidelis
701 1849 857 1915 nowhere.-
881 1859 916 1914 et
927 1850 1058 1915 (letech.
1071 1872 1098 1913 v.
1115 1873 1145 1913 n.
1163 1871 1188 1913 1.
1207 1852 1359 1928 ρινατινανι
1373 1851 1453 1915 cetis

403 1951 583 2037 dipnitatcm
601 1955 736 2037 conserat
749 1953 910 2029 Dominus,
925 1951 965 2016 ot
986 1952 1094 2015 ordine
1115 1951 1389 2016 catechumenorum
1410 1954 1455 2017 ed

404 2054 540 2117 ordinem
552 2052 699 2140 fideliam
721 2075 771 2117 eon
789 2055 981 2137 tramserens.
1028 2054 1183 2135 Quocirca
1208 2075 1273 2116 non
1299 2056 1454 2138 probatur

404 2155 630 2240 interpretatio
646 2155 778 2231 Valesii,
793 2155 895 2219 locum
917 2155 1001 2218 hunc
1017 2155 1061 2219 sio
1079 2154 1193 2218 Latine
1212 2155 1386 2232 reddentis,
1401 2157 1452 2218 cui

404 2279 529 2322 murem
552 2267 641 2342 αίαιν
663 2257 788 2320 initium
809 2257 954 2321 credendi
970 2256 1107 2342 prebuit
1122 2259 1270 2333 Satanas,
1295 2258 1353 2321 nisi
1380 2265 1453 2343 pest

406 2359 537 2424 verbnm
551 2359 693 2424 medendi
714 2360 935 2436 subaudiatur,
952 2383 991 2423 ea
1005 2359 1068 2423 fide
1083 2381 1153 2443 quae
1174 2359 1357 2422 credentem
1379 2360 1454 2423 fide-

406 2460 469 2526 lem
483 2463 675 2527 denominet.
722 2463 873 2528 Forsitan
887 2464 971 2527 enim
987 2463 1185 2527 Novatienus
1200 2461 1353 2546 jamtum
1370 2462 1456 2525 inter

406 2561 663 2641 catechumenos,
675 2565 818 2649 adeoque
833 2586 896 2628 nen
908 2565 976 2629 sine
989 2564 1136 2629 credendi
1149 2564 1249 2636 initio,
1261 2563 1456 2627 constitutus

407 2671 487 2729 erat
546 2664 709 2730 Cornelius
737 2675 824 2731 certe
853 2667 950 2731 verbe
980 2673 1032 2730 τοῦ
1062 2672 1230 2740 πιστεῦσαι,
1261 2665 1455 2749 baptismum

409 2764 581 2832 intellexit:
620 2769 676 2833 sed
705 2775 756 2832 τοῦ
779 2775 983 2850 βαπτισθῆναι
1008 2768 1153 2833 consulto
1178 2768 1294 2831 vitasse
1320 2766 1455 2841 videtur,

409 2867 484 2952 quis
498 2868 697 2934 Novatienus
720 2892 777 2954 per
795 2874 963 2954 τερίχνσιν,
986 2872 1047 2935 hoo
1070 2886 1120 2934 est
1140 2892 1197 2955 per
1219 2869 1455 2953 adspersionem

409 2990 465 3033 ssu
486 2969 709 3054 perfusionem,
724 2970 874 3058 (utreque
896 2972 980 3035 enim
1001 2995 1061 3035 vox
1078 2971 1236 3057 Cypriane
1257 2971 1288 3033 in
1309 2969 1457 3054 Epistola

411 3072 510 3153 76.ad
520 3072 676 3158 Magnum
686 3094 860 3158 synonyma
869 3079 945 3156 eet,')
955 3074 1014 3137 hee
1024 3088 1255 3139 sacramentum
1265 3080 1457 3158 susceperat.

409 3173 580 3238 conum.
626 3174 824 3260 Nicephorus
845 3198 919 3239 vero
942 3177 1039 3240 verba
1061 3176 1108 3240 ita
1127 3177 1323 3257 ταραφράζει,
1347 3176 1401 3239 lib.
1417 3175 1457 3237 vi.

411 3296 478 3361 esp.
493 3295 526 3360 3.
542 3273 566 3362 ᾧ
581 3276 631 3340 καὶ
646 3276 679 3339 τὸ
695 3279 737 3342 εἰς
752 3277 885 3358 Χριστὸν
899 3284 1058 3341 πιστεῦσαι
1072 3280 1224 3359 πρόφασις
1239 3281 1255 3341 ὁ
1271 3282 1407 3343 Σατανᾶς
1420 3276 1457 3354 ἦν

411 3377 604 3456 &recendens
619 3376 705 3461 αὐτᾷ.
752 3376 861 3461 Atque
876 3378 992 3463 opponi
1009 3379 1134 3443 videtur
1148 3379 1217 3442 haee
1232 3400 1304 3441 sera
1319 3387 1352 3440 et
1367 3377 1457 3460 quasi

411 3485 523 3544 0⁰th
537 3477 617 3541 fides
631 3481 670 3564 τῷ
686 3479 718 3556 ἐξ
733 3479 826 3560 ἀρχῆς
841 3481 875 3542 ἐν
888 3504 924 3565 τῃ
940 3482 1084 3564 ἐκκλησία
1099 3477 1314 3558 ἀνεστράφθαι.

455 3578 493 3643 Ρ.
506 3598 558 3660 24.
573 3577 596 3642 l.
609 3598 658 3661 17.
680 3581 883 3658 βοηθαύμτνος
907 3581 966 3643 ὑπὸ
992 3588 1051 3644 τῶν
1072 3577 1269 3664 ε’τιορκιστῶν]
1296 3578 1357 3642 Ait
1378 3578 1458 3642 (lou-

411 3680 563 3756 stnntius,
590 3680 869 3765 Christephorsoni
906 3681 1171 3766 interpretatione
1204 3680 1344 3764 culpata,
1375 3680 1458 3764 quod

412 3779 479 3846 heo
503 3780 623 3845 Latine
643 3781 691 3845 ita
716 3781 917 3859 reddidisset,
942 3784 1003 3861 Qui
1023 3782 1144 3866 quidem
1170 3779 1223 3843 uti
1244 3783 1460 3845 concinorum

408 3883 568 3967 presidio,
595 3884 709 3968 spirite
731 3883 785 3947 tuo
809 3883 889 3947 neele
912 3894 981 3947 coest
1006 3882 1159 3958 liberatus,
1187 3892 1214 3945 et
1237 3893 1307 3966 post
1335 3885 1369 3946 ie
1399 3892 1459 3945 tem

411 4004 534 4065 prooem
561 3983 694 4048 mortem
727 3985 900 4049 incidisset:
935 3985 1005 4048 “Si
1037 3983 1237 4047 Novatinnue
1273 3991 1350 4046 ante
1378 3982 1462 4045 hune

413 4084 596 4148 “morbum
621 4107 643 4149 a
671 4085 785 4170 spiritu
810 4087 894 4151 malo
923 4087 1035 4150 suisset
1064 4085 1228 4159 liberatus,
1259 4105 1462 4167 nequaquam

415 4194 434 4222 “
448 4186 601 4250 dicendus
625 4195 711 4251 esset
735 4189 873 4252 Satanas
895 4189 923 4252 ei
944 4188 1095 4273 baptismi
1119 4186 1308 4269 suscipiendi
1332 4206 1463 4252 eaumm

414 4296 434 4326 ‘⁴
451 4287 654 4374 proebuisse.”
697 4288 768 4374 Ego
793 4312 918 4375 quoque
939 4291 1039 4374 magis
1061 4289 1210 4374 putarim,
1232 4308 1290 4349 nee
1315 4286 1462 4350 dissenti-

415 4398 489 4454 ente
513 4388 643 4455 Valesie
668 4389 762 4466 infra,
787 4391 968 4455 Novatieno
993 4391 1138 4453 morbum
1164 4409 1235 4451 cnm
1265 4388 1462 4451 daemenieca

415 4490 610 4575 peuessiene
633 4491 726 4554 simul
751 4491 899 4559 adfuisse,
925 4491 986 4553 etsi
1012 4491 1170 4553 diversum
1200 4466 1276 4571 q'uid
1305 4488 1463 4572 significet

416 4590 521 4655 Rufini
545 4612 673 4676 quoqne
695 4590 929 4675 interpretatio.
981 4593 1068 4653 Dum
1095 4611 1168 4652 vero
1189 4589 1396 4652 (loustantius
1425 4606 1465 4648 ex

459 4712 525 4754 ven.
542 4715 586 4754 sn.
937 4713 956 4751 n
