3700 5667
640 680 691 743 IN
717 678 950 742 CONCILIA
974 679 1222 742 CARTHAG.
1389 681 1454 748 197

406 851 429 883 “
443 850 530 907 reete
544 844 622 907 Mu.
638 853 735 907 aeota
747 845 899 907 Munulus
914 844 985 924 (sio)
998 866 1019 906 a
1030 844 1163 907 Girbe.”
1187 844 1242 908 Ita
1256 851 1290 907 ot
1304 843 1454 909 scribitur

405 947 437 1010 iu
452 947 551 1010 eedics
565 946 817 1010 Memnonaorw.
864 946 928 1010 Sed
943 947 1110 1009 Mensulas
1127 955 1261 1031 praestat
1275 939 1361 1010 Noai
1377 947 1453 1012 eoa.

405 1046 468 1111 eud.
490 1057 623 1131 uimque.
663 1047 814 1110 Monulus
836 1046 897 1110 cod.
920 1047 1000 1111 alter
1019 1067 1107 1111 maes.
1144 1047 1257 1111 Posuit
1282 1048 1455 1111 Moroellus

404 1146 438 1209 iu
458 1148 573 1230 Africa
594 1147 780 1224 othelium,
801 1147 860 1211 voi.
878 1148 898 1211 i.
916 1170 986 1233 pag.
1008 1167 1078 1229 171.
1112 1155 1132 1184 “
1148 1147 1322 1218 Momissus,
1346 1147 1398 1231 qui
1422 1155 1455 1212 et

406 1255 426 1284 “
439 1249 591 1312 Monoi-us
605 1255 638 1312 et
653 1249 857 1312 Muanelm.'’

450 1348 686 1430 P.119.1.20.
710 1350 914 1434 baptismatis
937 1349 1094 1433 trinitate]
1119 1348 1201 1429 Quia
1223 1348 1309 1412 trina
1330 1349 1455 1412 immer-

406 1448 494 1512 sione
519 1448 764 1533 expediebatur;
793 1450 919 1513 nomine
944 1449 1063 1521 Patris,
1090 1449 1163 1512 Filii
1188 1455 1221 1512 et
1248 1448 1282 1511 S.
1307 1448 1454 1532 Spiritus·

407 1550 539 1614 Tertull.
555 1551 594 1613 de
609 1551 735 1615 Corona
757 1551 815 1627 ait,
837 1553 896 1614 Ter
909 1553 1116 1635 mereitoumr.
1143 1549 1280 1613 Basilius
1295 1551 1335 1613 de
1351 1551 1405 1635 Sp.
1422 1550 1454 1614 S.

406 1674 433 1714 o.
451 1669 501 1732 27.
521 1660 614 1716 voest
633 1653 695 1733 τρὶς
714 1655 924 1732 βαπτίζεσθαι.
955 1653 1004 1716 De
1027 1653 1087 1716 hao
1107 1675 1141 1716 re
1163 1652 1330 1716 videantur
1348 1652 1454 1737 cyrill.

407 1753 565 1816 Hierosol.
585 1752 706 1817 Athen.
723 1753 873 1817 Ambros.
890 1761 924 1817 et
940 1753 1127 1837 Hieronym.
1143 1760 1177 1817 et
1195 1752 1249 1816 alii
1265 1775 1282 1816 e
1297 1753 1455 1816 veteribus

406 1855 534 1939 passim.
558 1854 692 1918 Faunus.

452 1957 534 2020 Ibid.
556 1957 577 2020 l.
594 1977 645 2039 25.
668 1979 742 2021 vere
763 1958 898 2042 renasci]
924 1958 1013 2022 Mala
1036 1979 1099 2019 nou
1122 1967 1171 2021 est
1193 1956 1286 2020 lectio
1308 1978 1455 2041 quorum-

407 2059 481 2122 dam
496 2065 638 2122 veterum
652 2059 805 2122 librorum
823 2060 854 2122 in
870 2059 985 2144 quibus
1004 2059 1158 2142 seriptum
1176 2067 1225 2123 est
1240 2059 1353 2130 venire,
1369 2059 1456 2121 nasei

406 2172 433 2225 et
452 2161 613 2246 baptizari.
659 2161 753 2225 Unus
777 2184 866 2225 meus
889 2163 1023 2226 multum
1047 2161 1214 2225 coufirmat
1241 2161 1323 2224 hano
1346 2161 1454 2224 lectio-

408 2286 499 2339 nem;
522 2264 620 2327 habet
635 2264 719 2327 enim
734 2265 836 2327 venire
856 2271 884 2326 et
900 2265 985 2327 nasei
1005 2273 1032 2327 et
1046 2263 1220 2348 baptizari:
1244 2285 1313 2326 eam
1330 2285 1455 2348 quoque

406 2365 593 2428 confirmare
613 2366 761 2429 videntur
781 2366 877 2429 verba
898 2366 998 2429 Cassii
1021 2389 1042 2430 a
1062 2366 1318 2441 Macomodibus‚
1332 2388 1363 2449 p.
1379 2384 1454 2450 332.

406 2487 473 2529 oum
494 2467 539 2529 ad
558 2467 709 2531 eeclesiam
730 2468 831 2531 venire
853 2468 1003 2552 reperiat.
1037 2467 1116 2530 Vide
1138 2489 1209 2550 quae
1232 2467 1318 2530 diota
1340 2479 1416 2530 sunt
1434 2488 1455 2531 a

407 2567 497 2631 nobis
511 2569 553 2632 ad
567 2569 734 2654 epistolam
750 2569 792 2632 ad
807 2570 985 2644 Donatum,
1001 2591 1031 2653 p.
1043 2588 1117 2653 373.
1141 2568 1312 2631 Baauzrns.
1343 2568 1455 2632 Habet

406 2668 494 2732 eadee
503 2691 585 2733 merra
599 2670 671 2733 olim
686 2669 956 2733 Meermaauioans
968 2670 1067 2732 venire
1082 2670 1167 2732 assei
1177 2691 1236 2753 pro
1247 2690 1314 2732 vere
1324 2670 1453 2742 renosci,

408 2769 493 2834 haud
518 2771 565 2834 ita
587 2771 678 2835 codor
700 2771 779 2834 alter
802 2792 882 2833 areos
903 2780 1001 2854 atque
1024 2770 1231 2856 Augustinus.
1277 2771 1341 2834 Sed
1363 2772 1455 2836 abest

408 2893 468 2935 vox
483 2894 551 2936 aere
565 2895 585 2935 a
600 2873 685 2935 Novi
702 2872 775 2936 Call.
792 2873 893 2937 codice
908 2883 1042 2958 atroque.

451 2973 533 3038 lbid.
563 2997 676 3038 oeuoer
709 2975 793 3059 quod
828 2975 1003 3058 habebant]
1038 2975 1169 3040 Confert
1198 2996 1269 3038 oum
1299 2976 1455 3060 Suffroqio

408 3075 512 3138 Priore
527 3076 682 3160 Anglious
704 3075 871 3160 interpres,
893 3076 947 3138 ubi
971 3075 1040 3138 haeo
1062 3084 1146 3153 suut,
1166 3086 1387 3140 sacromentum
1408 3079 1455 3141 ia-

405 3183 534 3259 terropat
548 3180 633 3259 cajus
646 3199 677 3241 os
692 3186 719 3240 et
732 3175 822 3240 verde
837 3199 944 3241 enarer
956 3177 1102 3240 mittunt.

450 3277 533 3340 Ibid.
552 3278 573 3340 l.
591 3282 642 3342 26.
667 3278 831 3363 offectura]
855 3281 950 3341 Hane
973 3278 1140 3341 lectionem
1163 3277 1266 3341 iuveni
1289 3277 1321 3339 in
1343 3279 1454 3341 eodem

407 3376 487 3442 libro
505 3401 575 3443 meo
589 3380 687 3443 veteri
709 3387 742 3443 et
763 3380 796 3442 in
815 3381 958 3464 pluribus
981 3379 1060 3453 aliis,
1077 3386 1146 3442 tum
1166 3378 1263 3441 etiam
1284 3379 1368 3462 apud
1385 3381 1455 3441 Au-

405 3479 579 3560 gustiuum,
594 3480 647 3543 lib.
665 3481 704 3543 vi.
720 3481 760 3543 de
781 3480 948 3564 Baptismo
969 3489 1081 3543 eontra
1101 3479 1298 3554 Donatistae,
1314 3500 1384 3562 cap.
1405 3496 1453 3559 17.

406 3578 514 3644 Codex
537 3581 759 3665 Seguierianus
782 3582 964 3665 etquidem
985 3581 1038 3644 alii
1060 3581 1233 3665 praeieruut
1247 3581 1454 3643 deaurationis

405 3679 488 3743 iram
504 3691 531 3744 et
545 3683 658 3746 erroris
675 3684 856 3763 (fissuram.
880 3683 1048 3745 Bauuzrus.
1087 3680 1176 3745 Editi
1199 3681 1389 3745 vetustiores
1409 3684 1454 3766 ⁰s·

396 3783 500 3865 seruo,
527 3785 718 3868 posteriores
746 3786 897 3865 affidare.
940 3784 1088 3848 Alteram
1115 3805 1189 3847 vero
1214 3782 1381 3846 leetiouem
1406 3785 1452 3868 ‹ff-

396 3885 532 3967 ficturo,
551 3886 619 3969 jam
642 3896 806 3970 receperat
830 3886 999 3959 Pamelius,
1023 3887 1213 3971 dixeratque
1235 3886 1404 3970 Rigaltius‚
1420 3887 1453 3949 iu

404 3985 512 4049 oodioe
529 3986 677 4050 Foxiensi
698 3988 759 4072 legi
779 3989 931 4068 russorum,
948 4010 1005 4073 pro
1027 4010 1065 4051 eo
1087 3990 1173 4072 quod
1195 3987 1302 4062 officit,
1318 3997 1352 4051 et
1370 3989 1453 4051 hano

405 4108 473 4150 esse
495 4089 690 4152 verissimam
716 4089 902 4159 lectionem
928 4096 1065 4173 praestat
1088 4090 1222 4153 eandem
1246 4089 1346 4151 codex
1370 4089 1451 4151 Novi

405 4188 482 4252 0011.
498 4190 591 4264 alter,
607 4190 663 4253 sed
678 4191 819 4271 effectura
836 4191 905 4253 eod.
922 4191 1020 4274 prior,
1037 4201 1070 4255 et
1086 4190 1190 4253 codex
1205 4199 1340 4270 uterque
1354 4211 1452 4254 meus.

408 4290 543 4355 Variaut
558 4291 642 4354 iuter
657 4314 690 4354 se
708 4292 883 4375 Augustini
899 4292 983 4354 libri.

450 4389 533 4452 Ibid.
557 4390 644 4453 1.28.
670 4413 690 4454 a
713 4392 842 4478 Cedias]
871 4392 994 4455 Urbem
1020 4393 1114 4455 istam
1138 4412 1202 4454 nou
1227 4391 1360 4453 eandem
1384 4412 1452 4453 esse

404 4498 501 4575 atque
525 4492 611 4555 illam
639 4493 770 4570 Quidioa
794 4516 848 4557 seu
875 4493 980 4572 Quida
1002 4493 1208 4578 appellatam,
1230 4492 1314 4575 quod
1338 4491 1452 4555 sentie-

404 4592 484 4656 bant
506 4593 633 4676 quidem
657 4594 765 4657 Folius
787 4603 821 4659 et
847 4595 1046 4669 Harduiuus‚
1070 4594 1211 4657 ostendit
1236 4592 1395 4677 Dupinius
1419 4592 1452 4654 iu

404 4694 607 4779 Geographia
622 4695 722 4759 Saura
737 4696 868 4772 Atriam,
883 4718 978 4780 quam
995 4697 1030 4759 S.
1049 4695 1159 4778 Optato
1173 4693 1321 4778 praefixit.
