3700 5667
797 711 829 776 S.
853 709 1120 777 CORNELIUS.
1437 709 1479 782 io

425 887 448 919 '“
466 880 544 955 Nos,
574 881 730 966 inquiunt,
762 881 941 945 Cornelium
970 882 1150 965 episcopum
1181 883 1387 946 sanctissimae
1414 883 1476 946 Ca-

428 1000 449 1028 “
464 993 590 1055 tholicae
613 992 751 1055 ecclesiae
770 992 907 1056 electam
930 992 1036 1055 aDeo
1058 991 1276 1076 omnipotente
1298 1001 1332 1056 et
1348 994 1476 1057 Christo

428 1100 604 1163 “Domino
628 1109 737 1164 nostro
763 1098 889 1162 scimus.
950 1100 1016 1163 Nos
1041 1122 1180 1163 errorem
1207 1109 1351 1165 nostmm
1378 1102 1475 1164 confi-

427 1218 450 1247 “
465 1218 581 1274 temer.
628 1207 842 1292 Imposturam
867 1210 950 1293 passi
969 1231 1091 1272 sumus.
1137 1210 1348 1274 circumventi
1370 1232 1477 1274 sumus

400 1341 417 1396 5
430 1331 450 1356 “
465 1320 606 1404 perfidiae
621 1321 814 1404 loquacitate
829 1320 982 1404 captiosa.
1021 1320 1104 1383 Nam
1120 1321 1179 1384 etsi
1192 1321 1377 1384 videbamur
1388 1320 1476 1404 quasi

430 1439 449 1466 ‘⁴
466 1431 626 1514 quandam
642 1432 955 1494 communicationem
972 1453 1043 1494 cum
1063 1431 1264 1495 schismatico
1280 1441 1312 1496 et
1328 1431 1477 1495 haeretico

430 1552 450 1576 ‘⁶
466 1541 593 1605 homine
612 1542 770 1615 habuisse,
786 1541 908 1606 sincera
928 1551 1036 1605 tamen
1058 1562 1146 1604 mens
1167 1549 1278 1604 nostra
1300 1563 1424 1626 semper
1445 1542 1477 1604 in

431 1659 451 1685 ‘⁴
466 1650 597 1715 ecclesia
611 1651 680 1715 suit.
726 1650 792 1716 Nec
813 1652 896 1715 enim
917 1651 1100 1736 ignoramus
1120 1672 1216 1715 unum
1231 1651 1337 1715 Deum
1357 1675 1426 1716 esse
1446 1661 1479 1716 et

431 1768 454 1797 “
470 1781 567 1822 unum
593 1760 758 1824 Christum
782 1783 850 1824 cese
873 1759 1056 1836 Dominum,
1081 1782 1174 1845 quem
1200 1761 1333 1824 confessi
1359 1783 1477 1836 sumus,

386 1877 452 1926 10“
467 1891 565 1932 unum
587 1870 742 1953 Spiritum
766 1870 928 1946 Sanctum,
945 1892 1042 1932 unum
1065 1870 1247 1954 episcopum
1269 1870 1301 1932 in
1324 1870 1481 1934 catholiea

432 1988 452 2016 “
470 1978 599 2043 ecclesia
615 2002 684 2043 esse
699 1981 843 2043 debere.”
887 1979 965 2060 Quis
986 1980 1049 2043 ista
1071 2001 1180 2044 eorum
1201 1979 1394 2066 professione
1416 2002 1479 2044 non

432 2101 622 2166 moveretur,
637 2097 674 2153 ut
689 2091 773 2172 quod
787 2089 874 2174 apud
889 2097 1084 2173 potestatem
1101 2088 1207 2153 saeculi
1221 2097 1314 2152 eraut
1333 2089 1479 2165 conteen,

432 2197 463 2261 in
478 2196 610 2261 ecelesia
621 2197 787 2261 constituti
799 2197 1063 2282 comprobarent!
1086 2197 1289 2281 Quapropter
1301 2194 1479 2261 Maximum

431 2309 651 2392 presbyterum
680 2308 783 2371 locum
811 2328 902 2371 suum
929 2328 1100 2392 agnoscere
1121 2307 1281 2390 jussimus.
1337 2307 1479 2372 Oaeteros

390 2437 422 2494 15
432 2440 503 2482 eum
518 2418 638 2502 ingenti
654 2417 760 2501 populi
776 2416 925 2501 suffmgio
939 2417 1122 2500 recepimus.
1168 2417 1285 2481 Omnia
1303 2425 1413 2482 autem
1430 2439 1480 2481 re·

431 2527 574 2591 misimus
593 2526 666 2590 Deo
687 2526 908 2612 omnipotenti,
929 2526 962 2589 in
984 2527 1073 2610 cujus
1095 2533 1256 2609 potestate
1277 2533 1354 2590 eunt
1373 2526 1479 2590 omnia

431 2644 603 2701 reservata.

476 2745 559 2807 Haec
584 2743 692 2829 igitur,
715 2745 816 2808 frater
840 2745 1013 2820 carissime,
1035 2744 1146 2807 eadem
1167 2744 1258 2818 hora,
1280 2743 1391 2806 eodem
1414 2764 1478 2805 mc

433 2861 542 2917 mento
571 2853 612 2916 ad
637 2861 682 2928 te,
704 2875 761 2936 per
789 2853 908 2937 scripta
936 2851 1177 2926 transmisimus,
1204 2859 1238 2915 et
1265 2848 1478 2935 Nicephorum

394 2981 424 3021 20
433 2963 616 3048 acolythum
629 2963 819 3026 descendere
837 2963 879 3025 ad
899 2961 1112 3046 navigandum
1132 2961 1345 3025 destinantem
1365 2961 1477 3024 advos

434 3074 544 3139 statim
566 3072 682 3149 dimisi,
697 3079 735 3135 nt
755 3071 841 3134 nulla
859 3071 1147 3156 procrastinatione
1166 3070 1279 3134 habita
1292 3070 1380 3134 velut
1399 3092 1479 3155 prae-

433 3205 506 3248 sens
523 3183 556 3245 in
575 3182 638 3245 isto
657 3181 740 3244 clero
760 3192 795 3244 et
815 3181 849 3242 iu
867 3179 931 3243 isto
952 3179 1059 3264 populi
1078 3187 1164 3243 eoetu
1179 3178 1250 3242 Deo
1267 3179 1479 3263 omnipotenti

433 3301 467 3357 et
481 3291 611 3357 Christo
625 3289 762 3354 Domino
777 3296 887 3352 nostro
901 3288 1024 3373 gratiae
1035 3310 1155 3373 ageres.
1192 3288 1356 3353 Credimus
1371 3295 1479 3351 autem

433 3401 509 3475 iore,
528 3398 700 3483 quinimmo
718 3419 776 3481 pro
796 3404 885 3460 certo
901 3397 971 3479 jam
990 3394 1187 3471 confidimus,
1202 3404 1335 3459 caeteros
1355 3417 1479 3478 quoque

393 3507 485 3591 ²5qui
502 3507 534 3569 in
550 3506 732 3569 hocerrore
748 3513 823 3567 sunt
843 3503 1009 3567 constituti
1030 3503 1063 3565 in
1084 3503 1248 3566 eeclesiam
1270 3502 1355 3566 brevi
1376 3525 1479 3566 rever·

433 3638 534 3691 arros,
551 3636 622 3678 cum
645 3620 793 3677 auctores
814 3634 888 3675 suos
910 3611 1048 3675 viderint
1069 3611 1233 3674 nobiscum
1254 3633 1358 3696 agera
1408 3614 1479 3677 Has

433 3726 558 3789 litteras
584 3731 663 3808 puto
689 3729 722 3786 te
748 3722 873 3796 debere,
903 3720 1004 3785 frater
1029 3720 1200 3795 carissime,
1222 3730 1256 3785 et
1280 3722 1323 3785 ad
1348 3728 1482 3785 eaeteras

432 3834 581 3899 eoelesim
597 3831 736 3909 mittere,
751 3837 788 3895 ut
802 3851 912 3894 omues
926 3828 1029 3892 sciant
1044 3828 1236 3893 schismatici
1250 3828 1345 3913 hujus
1364 3835 1398 3893 et
1418 3828 1481 3891 hae-

431 3944 523 4008 retici
538 3942 648 4006 dolum
668 3950 701 4003 et
722 3938 1015 4023 praevaricationem
1034 3938 1075 4000 de
1095 3938 1146 4001 die
1166 3938 1198 4000 in
1219 3938 1304 4001 diem
1325 3937 1480 4001 evacuari.

385 4078 423 4134 30
432 4053 520 4117 Bene
534 4051 616 4124 vale,
631 4049 733 4112 frater
746 4047 915 4111 carissime.
963 4053 1057 4112 Extat
1076 4054 1136 4110 hoec
1152 4054 1296 4131 Epistola,
1312 4055 1361 4110 ubi
1383 4073 1479 4129 supra,

429 4185 493 4244 pag.
511 4166 561 4221 60.
576 4179 701 4218 numero
716 4167 815 4215 notate
831 4174 918 4215 ωτι.
935 4157 964 4213 in
980 4157 1055 4214 Falli
1068 4168 1166 4215 eutem
1181 4157 1252 4215 edit.
1269 4174 1360 4214 χιιι.
