3700 5667
487 672 530 732 88
823 670 1201 733 ANNOTA'l'IONES

486 858 620 920 magnus
651 834 818 918 Dionysius
849 834 945 897 Alex.
976 837 1157 900 ostenditur
1180 838 1358 920 fragmento
1380 837 1532 921 epistolae,

486 960 582 1023 quam
604 936 729 1020 scripsit
749 937 790 1000 ad
810 937 1026 1021 cognominem
1043 938 1222 1002 Romanum
1241 939 1434 1024 episcopum,
1449 940 1534 1023 apud

486 1039 603 1102 Euseb.
621 1038 674 1101 lib.
691 1037 740 1099 vii.
757 1059 825 1121 cap.
840 1038 869 1100 8.
893 1043 1087 1122 Νοουατιανῷ
1107 1041 1236 1118 μὲνγὰρ
1252 1041 1382 1120 εὐλόγως
1402 1042 1534 1122 ἀπεχθα-

485 1142 607 1219 νόμεθα,
624 1137 726 1222 inquit
750 1137 811 1214 ille,
827 1139 1005 1220 διακόψαντι
1028 1139 1080 1216 τὴν
1104 1141 1275 1219 ἐκκλησίαν,
1298 1141 1349 1202 καί
1371 1166 1453 1205 τινας
1476 1147 1534 1203 τῶν

485 1243 626 1320 ἀδελφῶν
641 1243 683 1305 εἰς
703 1240 846 1318 ἀσεβείας
866 1241 913 1302 καὶ
934 1243 1133 1319 βλασφημίας
1149 1243 1319 1316 ἑλκύσαντι,
1336 1243 1465 1322 καὶπερὶ
1482 1248 1534 1305 τοῦ

486 1349 568 1407 Θεοῦ
588 1341 783 1405 διδασκαλίαν
803 1341 1006 1418 ἀνοσιωτάτην
1022 1342 1299 1420 ἕπεισκυκλήσαντι·
1324 1343 1441 1405 καὶτὸν
1462 1369 1534 1424 χρη·

485 1446 629 1507 στότατον
653 1445 761 1522 Κύριον
781 1443 862 1520 ἡμῶν
883 1440 1002 1520 Ἰησοῦν
1029 1444 1160 1523 Χριστὸν
1184 1445 1222 1508 ὡς
1245 1446 1358 1522 ἀνηλεῆ
1382 1452 1532 1523 συκοφαν-

484 1552 593 1609 τοῦντι.
640 1545 694 1607 Ita
710 1565 834 1627 quoque
849 1542 1006 1607 allocutus
1026 1554 1073 1606 est
1096 1543 1198 1627 ipsum
1214 1545 1427 1608 Novatianum
1447 1545 1531 1607 idem

484 1647 532 1710 vir
553 1656 692 1721 sanctus,
717 1647 877 1709 Διονύσιος
900 1648 1044 1727 Νοονατῷ
1071 1646 1261 1730 (Νανατιανῲ
1282 1645 1377 1708 aliter
1400 1646 1528 1729 legitur)

483 1753 523 1834 τῷ
538 1750 661 1830 ἀδελφῷ
676 1746 802 1826 χαίρειν.
849 1748 885 1807 El
904 1745 984 1807 ἄκων
1003 1747 1041 1811 ὡς
1063 1746 1122 1824 φὴς
1142 1745 1244 1826 ἤχθης,
1265 1747 1369 1823 δείξεις
1389 1748 1443 1809 ἐὰν
1461 1749 1533 1809 ἀνα-

483 1849 622 1935 χωρήσῃς
639 1848 723 1910 ἑκών·
757 1847 817 1908 ἔδει
837 1847 894 1925 μὲν
916 1849 974 1926 γὰρ
997 1846 1044 1909 καὶ
1066 1850 1126 1908 πᾶν
1141 1848 1240 1908 ὁτιοῦν
1261 1851 1376 1922 παθεῖν,
1392 1848 1465 1925 ὑπὲρ
1480 1854 1532 1909 τοῦ

482 1951 523 2030 μὴ
543 1950 684 2031 διακόψαι
703 1948 757 2024 τὴν
772 1948 934 2024 ἐκκλησίαν
949 1951 1000 2007 τοῦ
1016 1948 1201 2009 Θεοῦ.-καὶ
1216 1952 1269 2010 νῦν
1284 1950 1315 2009 δὲ
1332 1949 1359 2010 εί
1380 1948 1531 2028 πείσαιοῆ

482 2051 606 2130 βιάσαιο
631 2050 699 2114 τοὺς
722 2049 872 2128 ἀδελφοὺς
895 2050 936 2113 είς
956 2049 1098 2126 ὁμόνοιαν
1120 2049 1232 2125 ἐλθεῖν,
1251 2049 1352 2126 μεῖζον
1373 2049 1458 2111 ἔσται
1482 2075 1531 2113 σοι

483 2158 535 2215 τοῦ
562 2151 739 2231 σφάλματος
769 2149 803 2210 τὸ
828 2149 1009 2228 κατόρθωμα.
1042 2145 1158 2209 Eusob.
1183 2148 1224 2210 vi.
1240 2166 1293 2232 45.
1340 2148 1442 2211 lmmo
1456 2173 1531 2213 vero

476 2254 627 2338 plurimis
647 2251 768 2335 scriptis
792 2249 1005 2312 Novatianum
1026 2272 1046 2311 α
1067 2249 1216 2332 Dionysio
1240 2249 1403 2312 convictum
1419 2253 1529 2334 fuisse,

482 2354 515 2417 id
530 2375 612 2416 nnnc
628 2352 776 2415 discimus
791 2373 830 2413 ex
845 2350 994 2414 Armenio
1010 2350 1153 2414 chronici
1165 2349 1334 2413 Eusebium·
1346 2353 1530 2436 Interpreta-

483 2454 571 2530 ίιόιιν,
586 2476 617 2538 p.
634 2473 704 2536 299.
728 2452 805 2516 edit.
823 2451 961 2513 Auclrer.
1007 2451 1057 2515 De
1080 2451 1260 2515 Novatiuno
1281 2461 1389 2516 autem
1411 2455 1529 2517 (lorne-

482 2556 558 2619 lium
580 2555 769 2620 criminante
783 2552 975 2617 Pearsonius
990 2552 1022 2614 in
1038 2574 1132 2635 opere
1153 2574 1250 2635 supra
1272 2564 1530 2631 commemorato,

484 2657 574 2739 §.vii
599 2658 667 2721 hoec
691 2655 820 2727 scribit;
856 2653 1022 2717 “Interim
1047 2653 1245 2716 Novatianus
1269 2662 1381 2719 eontra
1403 2657 1529 2720 ordina·

484 2767 505 2798 ‘⁴
521 2759 640 2824 tionem
655 2757 791 2822 Cornelii
806 2763 917 2840 aperte
932 2755 1118 2840 disputavit,
1134 2777 1267 2840 eamque
1282 2765 1319 2820 ut
1333 2757 1530 2842 illegitimam

482 2868 504 2899 “
521 2860 645 2944 publice
659 2857 804 2923 traduxit
821 2867 854 2921 et
874 2858 1030 2939 abrogare
1044 2865 1177 2919 conatus
1192 2866 1251 2921 est.
1296 2859 1388 2938 Quod
1403 2868 1440 2922 ut
1457 2882 1528 2944 per·

481 2969 502 2999 “
518 2962 638 3038 liceret,
658 2961 760 3024 multa
781 2959 928 3024 Cornelio
954 2958 1014 3042 ipsi
1039 2958 1176 3021 nefanda
1201 2959 1327 3044 objecit,
1353 2961 1531 3045 librumque

482 3071 502 3099 “
517 3062 770 3126 acerbationibus
785 3059 961 3123 criminosis
982 3060 1108 3143 plenum
1123 3060 1292 3144 evulgavit,
1308 3062 1465 3146 praecipue
1485 3064 1530 3126 illi

481 3164 646 3226 “minime
670 3185 691 3226 a
711 3162 858 3245 quopiam
881 3162 1176 3224 communicandum
1198 3184 1266 3225 esse
1290 3164 1417 3239 docens,
1443 3165 1528 3247 quod

482 3272 501 3301 ‘⁴
517 3286 589 3328 cum
603 3263 700 3348 lapsis
714 3261 965 3326 communionem
978 3261 1143 3326 haberet.''
1173 3262 1330 3348 Suscepto
1345 3271 1395 3327 est
1410 3273 1527 3341 autem,

481 3375 518 3430 ut
532 3367 636 3430 obiter
650 3365 682 3428 id
694 3386 850 3441 moneam,
863 3362 1001 3427 Cornelii
1013 3364 1153 3428 defensio
1164 3372 1278 3428 eontra
1292 3364 1528 3429 criminationes

481 3470 629 3535 Gotfredi
651 3466 786 3532 Arnaldi
809 3466 842 3529 iu
862 3466 1007 3528 Historia
1023 3467 1269 3529 Nocoticnormn
1287 3487 1308 3528 a
1331 3465 1368 3528 el.
1385 3466 1528 3530 Mentzio

481 3569 513 3633 in
529 3572 653 3655 Disput.
672 3568 787 3652 Lipsiae
802 3567 889 3630 edita
904 3589 954 3630 an.
975 3570 1066 3649 1718.

523 3673 559 3735 P.
579 3692 628 3753 29.
644 3670 706 3751 l.7.
729 3671 855 3732 litteras
880 3691 960 3752 quas
981 3670 1173 3756 attulerant]
1203 3669 1232 3732 A
1251 3668 1431 3733 Fortunato
1453 3670 1527 3733 mis·

479 3794 542 3846 sas,
566 3772 619 3856 qui
642 3793 662 3834 a
686 3770 895 3832 schismaticis
916 3770 1068 3854 Cypriani
1086 3771 1155 3834 loco
1178 3771 1343 3856 episcopus
1358 3770 1527 3856 Carthagi·

479 3872 595 3934 niensis
610 3871 803 3934 constitutus
818 3872 931 3935 fuerat.
977 3872 1128 3936 Ceterum
1143 3871 1289 3933 Buluzius
1308 3871 1440 3934 editioni
1461 3894 1526 3935 suae

480 3973 646 4056 Cypriani,
661 3993 732 4055 pag.
753 3973 822 4052 167.
838 3971 935 4035 aliam
949 3975 1110 4058 quandam
1127 3972 1259 4036 Cornelii
1273 3973 1317 4035 od
1332 3974 1526 4056 Cypriacam

477 4073 632 4158 epistolam
654 4095 810 4136 unacum
833 4073 950 4137 duobus
975 4075 1169 4159 Cypriae-ieie
1189 4073 1329 4156 adjecit;
1365 4073 1412 4137 ait
1440 4097 1526 4150 vero,

478 4177 560 4240 nolle
582 4199 615 4240 se
633 4183 787 4260 praestare
807 4175 865 4237 has
880 4181 947 4238 tres
961 4176 1112 4259 epistolas
1131 4175 1284 4260 genuinas
1301 4196 1380 4252 esse,
1395 4184 1526 4258 putasse

478 4285 584 4340 autem
607 4278 722 4341 debere
745 4298 778 4339 se
800 4275 870 4338 illus
891 4277 995 4352 edere,
1011 4278 1085 4362 quia
1106 4278 1285 4340 referantur
1308 4277 1342 4339 in
1365 4278 1525 4340 codicibus

478 4378 667 4461 quibusdum
696 4377 854 4441 veteribus
884 4376 916 4440 S.
934 4378 1092 4463 Cypriani.
1144 4378 1291 4461 Epistola
1319 4387 1427 4441 autem
1454 4402 1524 4462 qnae

478 4478 626 4542 Cornelio
651 4479 815 4563 supposita
844 4485 903 4555 est,
934 4501 1078 4543 sermone
1106 4481 1159 4542 vix
1190 4479 1305 4543 Latino
1331 4480 1524 4565 Cyprianum

477 4579 604 4663 sugillat
625 4589 756 4666 propter
770 4581 962 4645 sententiam
978 4580 1100 4665 ejusde
1115 4579 1336 4644 hereticorum
1353 4580 1523 4664 baptismo.
