3700 5667
610 2019 771 2115 ANN
787 2018 1250 2115 OTATIONES

699 2258 764 2339 IN
797 2258 1168 2340 AMBROSIUM.

859 2498 1043 2531 -0--

448 2658 486 2720 P.
502 2675 533 2741 5.
549 2655 569 2719 Ι.
589 2677 636 2721 10.
656 2656 869 2743 ἡπροσευχή.]
900 2657 954 2719 Ad
976 2656 1177 2739 quaestiones,
1193 2677 1271 2741 quas
1292 2654 1456 2721 solvendus

404 2760 594 2824 Ambrosius
609 2759 657 2824 vir
676 2760 816 2844 optimus
835 2760 875 2822 de
895 2757 1088 2843 precationis
1108 2757 1282 2823 inutilitate
1304 2778 1455 2843 proposu-

402 2868 484 2939 erat,
506 2863 678 2946 respondet
699 2861 861 2947 sapienter
882 2860 1120 2945 prudenterque
1142 2860 1295 2945 Origenes
1318 2860 1351 2923 in
1375 2859 1455 2924 libro

401 2963 506 3028 adhue
529 2963 700 3048 superstite
724 2964 775 3027 Do
800 2962 968 3033 Orationm
1004 2963 1090 3045 quod
1114 2960 1241 3046 quidem
1264 2983 1343 3046 opus
1368 2961 1455 3025 misit

401 3062 474 3127 huie
490 3066 667 3145 ἓργοδιῶκτῃ
687 3085 744 3127 suo
765 3072 798 3129 et
814 3063 973 3139 Tatium»,
988 3062 1254 3126 modestissimam
1276 3060 1454 3148 (κοσμιωτά-

280 3194 295 3239 3-
400 3169 469 3250 την)
483 3186 577 3251 quem
593 3172 686 3229 voest
700 3172 798 3250 atquo
812 3163 1019 3229 fortissimam
1036 3163 1194 3227 feminam.

440 3268 479 3329 P.
496 3270 527 3332 6.
541 3267 562 3330 l.
578 3288 607 3348 4.
623 3274 806 3344 Ambrosius,
836 3294 895 3351 quo
922 3268 1051 3355 chenus]
1084 3267 1164 3330 Haeo
1195 3264 1383 3350 Hieronymi
1414 3267 1454 3329 de

399 3368 546 3455 Origenis
567 3370 794 3455 Ambrosiique
820 3372 985 3454 φιλοπονίᾳ
1010 3369 1160 3455 repetivit
1183 3368 1317 3432 Rufinus
1342 3367 1397 3433 lib.
1420 3367 1452 3430 ii.

398 3471 547 3536 Iuoootio.
563 3472 597 3536 in
612 3472 740 3536 Hieron.
755 3496 786 3558 p.
802 3491 877 3556 425.
895 3472 1029 3557 Opewm
1044 3472 1077 3537 S.
1089 3471 1218 3535 Hieron.
1234 3471 1283 3535 od.
1297 3469 1451 3535 Mortinn.

397 3572 452 3635 ubi
478 3572 555 3637 eidos
576 3596 634 3658 pro
656 3573 762 3651 citum,
783 3574 809 3637 si
835 3574 919 3638 tenti
945 3582 995 3638 est
1021 3574 1053 3637 id
1080 3573 1207 3649 referre,
1228 3571 1366 3657 positum
1392 3578 1450 3635 est.

397 3674 501 3737 Porro
523 3682 614 3739 extet
636 3675 793 3759 partionis
818 3675 960 3761 epistolae
983 3674 1131 3762 Origonis
1156 3675 1198 3737 ed
1225 3673 1357 3738 eandem
1383 3692 1450 3736 rem

396 3774 558 3858 pertinens
579 3776 664 3860 apud
690 3774 821 3840 Suidam
843 3778 875 3840 in
895 3800 971 3842 vooe
989 3779 1140 3863 Ordymnos,
1155 3784 1252 3861 atque
1272 3775 1450 3839 cedrenum

395 3875 479 3940 Hie.
498 3879 656 3963 Compmd.
672 3902 703 3963 p.
723 3897 761 3962 25
763 3899 795 3963 3.
812 3881 861 3944 ed.
874 3880 977 3946 Paris.
993 3902 1089 3965 quam
1104 3901 1180 3943 mox
1195 3877 1394 3961 subjungam.

439 3978 522 4044 Ibid.
538 3981 560 4046 l.
577 4002 606 4065 9.
628 4000 657 4047 et
672 3982 818 4066 noctibus]
846 3982 957 4046 Habet
978 3983 1026 4046 vel
1043 4006 1101 4067 pro
1116 3992 1143 4046 et
1158 3980 1253 4045 editio
1277 3978 1447 4053 Mortinn.;

394 4085 480 4171 qnod
495 4084 521 4148 si
535 4084 736 4169 preoferntur,
751 4085 869 4149 valebit
883 4085 932 4150 ool
945 4085 1051 4150 otiam.

438 4185 818 4273 Ibid.l.10.lectionem.]
843 4188 943 4271 Apud
967 4187 1098 4251 Suidom
1121 4195 1154 4251 et
1174 4186 1352 4251 cedrenum
1374 4189 1447 4268 post

392 4289 461 4353 haeo
483 4289 590 4366 verba,
610 4296 753 4355 τοσοῦτον
775 4295 832 4372 γὰρ
856 4290 947 4368 ζῆλον
971 4294 1012 4356 εἰς
1034 4291 1087 4369 τὴν
1112 4288 1254 4371 ἐξήγησιν
1277 4293 1336 4351 τῶν
1359 4288 1446 4350 θείων

392 4392 505 4474 λογίων
520 4394 536 4455 ὁ
550 4391 732 4473 Ἀμβρόσιος
749 4395 929 4471 ἐπεδείξατο,
947 4394 1025 4456 ὥστε
1040 4394 1093 4471 τὴν
1108 4391 1228 4468 πολλὴν
1246 4390 1335 4453 αὐτοῦ
1355 4413 1445 4451 σπου-

392 4494 446 4573 δὴν
459 4493 617 4576 Ὠριγίνης
639 4501 793 4577 μαρτυρῶν
812 4494 922 4576 γράφει
945 4498 1017 4575 πρός
1039 4521 1106 4558 τινα
1127 4494 1236 4575 λέγων,
1253 4492 1445 4578 (sequuntur

391 4598 538 4684 Origonis
568 4596 700 4683 pulohrs
723 4598 791 4663 haeo
816 4598 1042 4663 admonitionis
1067 4597 1198 4683 pleno3)
1231 4593 1270 4659 ‘0
1295 4594 1370 4675 ἱερὸς
1397 4592 1443 4655 καὶ
