3700 5667
399 667 464 732 110
700 664 949 742 RELIQUIAE
976 667 1154 732 SACRAE.

395 833 482 918 apud
511 831 678 895 haereticos
706 837 826 906 eutem,
855 829 909 893 ubi
943 829 1074 894 ecclesia
1097 852 1161 894 nou
1188 831 1242 907 sit,
1269 853 1332 895 non
1357 854 1451 917 posse

396 950 529 1028 peccata
552 941 681 1006 dimitti.
736 941 854 1026 Itaque
883 941 937 1025 qui
967 941 1135 1005 haereticos
1165 941 1328 1026 baptizare
1357 965 1450 1027 posse

397 1059 555 1129 asserunt,
579 1059 637 1118 aut
658 1051 944 1137 interrogationem
964 1058 1101 1127 mutent,
1119 1058 1178 1115 aut
1192 1052 1352 1117 vindicent
1367 1054 1448 1118 veri·

398 1171 512 1238 tatem,
536 1163 596 1227 nisi
620 1164 647 1227 si
676 1162 722 1227 eis
751 1171 785 1227 et
814 1161 977 1226 ecclesiam
1002 1162 1150 1226 tribuunt
1181 1184 1261 1246 quos
1289 1163 1450 1248 baptisma

397 1273 517 1338 habere
542 1273 749 1337 contendunt.
803 1271 892 1357 Ungi
918 1294 1041 1357 quoque
1067 1293 1195 1337 necesse
1221 1281 1271 1337 est
1296 1295 1369 1338 eum
1395 1274 1474 1359 quis

396 1383 579 1468 baptizatus
598 1383 653 1459 sit,
669 1389 706 1446 ut
720 1391 852 1467 accepto
872 1383 1055 1458 chrismate,
1072 1382 1104 1446 id
1127 1391 1187 1461 est,
1203 1385 1364 1462 unctione,
1380 1407 1449 1449 esse

398 1498 514 1555 unctus
529 1491 591 1555 Dei
605 1499 639 1555 et
658 1490 777 1555 habere
794 1491 827 1555 in
841 1514 875 1555 se
895 1492 1035 1576 gratiam
1051 1492 1169 1557 Ohristi
1189 1494 1300 1578 possit.
1346 1495 1449 1558 Porro

399 1609 509 1666 autem
533 1600 736 1674 eucharistia,
755 1607 789 1665 et
809 1602 892 1665 unde
919 1601 1076 1686 baptizati
1101 1610 1265 1689 unguntur
1289 1604 1392 1667 oleum
1415 1605 1449 1668 in

397 1713 494 1777 altari
522 1711 748 1775 sanctificatur.
808 1711 1015 1776 Sanctificate
1037 1720 1144 1776 autem
1167 1735 1231 1778 non
1254 1715 1362 1800 potuit
1387 1715 1448 1780 olei

396 1830 577 1917 creaturam
593 1822 646 1906 qui
666 1844 723 1886 uec
738 1822 841 1886 altare
859 1822 972 1886 habuit
986 1845 1044 1886 uec
1060 1824 1233 1888 ecclesiam.
1279 1824 1376 1890 Unde
1390 1848 1447 1891 nee
1461 1839 1495 1878 ¹0

396 1933 505 1998 unctio
526 1932 677 2017 spiritalia
697 1933 782 2016 apud
807 1931 974 1996 haereticos
997 1940 1104 2016 potest
1126 1955 1204 2011 csse,
1225 1937 1353 2020 quando
1374 1959 1447 2001 con·

396 2051 462 2108 stet
490 2043 593 2107 oleum
622 2041 815 2106 sanctificari
844 2050 878 2107 et
907 2042 1134 2106 eucharistiam
1163 2043 1232 2108 fieri
1260 2047 1347 2130 apud
1377 2047 1447 2110 illos

395 2152 524 2216 omnino
550 2174 613 2216 non
638 2173 741 2236 posse.
786 2151 874 2216 Scire
899 2160 1008 2216 cutem
1031 2161 1065 2216 et
1091 2153 1270 2218 meminisse
1296 2156 1448 2220 debemus

395 2265 550 2350 seriptum
577 2286 665 2327 esse:
702 2261 827 2327 loacas
845 2265 1012 2347 peccatoris
1033 2286 1092 2327 nen
1113 2275 1208 2349 sapas
1228 2277 1320 2351 caput
1340 2289 1446 2332 mcum.

396 2375 482 2459 quod
497 2385 573 2437 ante
592 2373 624 2435 in
641 2371 777 2435 Psalmis
799 2372 991 2457 praemonuit
1005 2371 1142 2457 Spiritus
1164 2386 1304 2453 sanctus,
1320 2397 1360 2439 ne
1376 2377 1493 2460 quis15

396 2485 580 2550 exorbitans
604 2492 637 2547 et
656 2505 676 2547 a
696 2483 747 2547 via
770 2483 915 2547 veritatis
937 2506 1087 2547 exerrans
1112 2486 1198 2569 apud
1222 2485 1389 2550 haereticos
1412 2494 1446 2552 et

396 2596 515 2663 Christi
529 2595 728 2659 adversarios
742 2602 925 2681 ungeretur.
971 2594 1034 2658 Sed
1049 2604 1083 2659 et
1097 2617 1156 2680 pro
1171 2596 1334 2680 baptizato
1349 2619 1445 2681 quam

395 2729 521 2792 precem
536 2707 638 2770 facere
657 2713 765 2792 potest
784 2705 933 2768 sacerdos
953 2705 1125 2790 sacrilegus
1145 2713 1179 2770 et
1199 2714 1357 2789 pecorum,
1373 2730 1444 2772 oum

394 2818 549 2904 scriptum
572 2818 634 2881 sit:
657 2818 776 2880 ¹¹²Dcus
790 2824 977 2900 peccatorem
998 2836 1057 2878 nco
1076 2815 1187 2889 audin
1211 2817 1264 2880 sed
1275 2818 1329 2902 qui
1343 2819 1446 2881 Deum

395 2929 530 3004 coluerit,
551 2938 578 2993 et
598 2928 779 2992 seduntatem
800 2927 862 3009 eius
875 2929 999 3010 fecerit,
1021 2926 1108 2990 mum
1130 2926 1245 2991 ondit?
1290 2928 1368 3009 Quis
1389 2942 1493 2993 au-20

395 3045 461 3102 tem
476 3044 584 3123 potest
599 3038 676 3100 dare
688 3036 773 3120 quod
788 3037 856 3121 ipse
870 3057 934 3099 non
950 3036 1077 3112 habeat,
1090 3044 1147 3099 aut
1163 3039 1321 3122 quomodo
1336 3046 1445 3123 potest

395 3149 552 3235 spiritalia
572 3170 668 3233 agere
687 3147 741 3233 qui
765 3147 831 3231 ipse
854 3146 997 3211 amiserit
1020 3147 1168 3231 spiritum
1188 3152 1355 3213 sanctum?
1398 3149 1444 3213 Et

394 3260 512 3324 idcirco
538 3258 748 3344 baptizandus
772 3265 822 3322 est
847 3271 880 3321 et
906 3257 1104 3320 innovandus
1130 3256 1183 3340 qui
1208 3259 1249 3322 ad
1279 3259 1443 3323 ecclesiam

394 3372 483 3437 rudis
497 3372 596 3448 venit,
609 3378 647 3435 ut
668 3369 755 3434 intus
777 3376 983 3455 personatos
1005 3368 1230 3447 sanctificetur,
1247 3370 1324 3454 quia
1345 3371 1443 3456 scrip·

393 3492 463 3549 tum
490 3495 556 3548 est:
594 3497 609 3528 ¹¹
620 3482 727 3546 Sancti
755 3490 848 3558 estote,
877 3480 953 3565 quic
981 3490 1010 3545 et
1038 3502 1089 3565 eqo
1116 3491 1237 3546 sanam
1264 3504 1340 3556 sum,
1367 3483 1488 3550 dicim

393 3595 562 3657 Dominus:
590 3600 627 3656 ut
642 3591 695 3675 qui
717 3591 751 3654 in
772 3612 912 3654 errorem
934 3591 1084 3655 seductus
1106 3599 1155 3654 est
1177 3598 1211 3655 et
1230 3591 1307 3656 foris
1323 3592 1444 3657 tinctus

393 3703 427 3767 in
440 3703 600 3788 baptismo
615 3723 690 3766 vero
705 3708 738 3764 et
754 3701 967 3765 ecclesiastico
982 3702 1081 3766 etism
1095 3701 1155 3766 hoe
1170 3701 1274 3787 ipsum
1288 3703 1442 3786 deponat,

395 3815 480 3899 quod
501 3813 596 3876 homo
616 3813 658 3875 ad
674 3812 778 3875 Deum
793 3813 932 3889 veniens,
953 3814 1029 3877 dum
1048 3814 1248 3878 sacerdotem
1268 3815 1394 3898 quaerit,
1409 3814 1442 3878 in

393 3923 581 4007 sacrilegum
601 3921 711 3985 fraude
731 3921 848 3985 erroris
868 3921 1012 3987 incurrit.
1057 3923 1216 3988 Oaeterum
1235 3925 1372 4008 probare
1392 3933 1442 3989 est

392 4032 615 4098 haereticorum
630 4038 663 4095 et
678 4031 952 4095 schismaticorum
974 4034 1143 4119 baptisma,
1160 4035 1339 4099 consentire
1359 4036 1392 4098 in
1409 4036 1441 4100 id
1450 4044 1488 4100 30

393 4145 478 4230 quod
493 4141 537 4206 illi
558 4140 798 4225 baptizaverint.
844 4140 959 4224 Neque
974 4142 1057 4205 enim
1080 4151 1187 4228 potest
1209 4165 1284 4228 pars
1298 4144 1361 4209 illio
1375 4146 1441 4210 ina·

391 4256 441 4319 nis
455 4277 524 4319 esse
539 4261 572 4318 ct
592 4275 667 4338 pars
687 4252 866 4337 praevelere.
913 4253 947 4316 Si
969 4253 1133 4338 baptizare
1155 4256 1269 4341 potuit,
1286 4257 1393 4341 potuit
1407 4266 1440 4321 et

391 4365 538 4451 spiritum
555 4371 700 4428 sanetum
719 4363 805 4426 dare.
851 4363 885 4426 si
903 4371 1012 4428 autem
1031 4365 1177 4450 spiritum
1196 4374 1342 4431 sanctum
1362 4367 1439 4431 dare

456 4602 463 4641 l
478 4600 540 4649 Psal.
552 4599 599 4647 cxl.
611 4599 635 4647 6.
718 4612 739 4640 m
752 4601 826 4649 Joan.
838 4601 871 4649 ix.
885 4617 923 4663 3¹·
1017 4614 1030 4642 ¹¹
1045 4603 1125 4650 Levit.
1138 4604 1187 4650 xix.
1201 4616 1223 4650 2.
1235 4614 1266 4652 et
1279 4621 1319 4651 xx.
1335 4605 1373 4652 26.
