3700 5667
486 682 551 742 254
728 681 759 743 S.
777 680 1056 744 GREGOllIUS
1083 683 1289 744 NEOCAES.

485 852 539 908 hus
555 851 678 909 Hasreus
693 851 806 908 Ductor
823 851 990 909 Bremensis
1005 851 1156 929 Gymnasii
1173 851 1416 928 preclarissimus,
1432 854 1481 929 qui
1498 853 1534 910 de

484 956 627 1033 Gregorio
645 969 744 1014 nostro
761 957 904 1015 videndus
926 968 970 1014 est
989 957 1084 1034 capite
1100 978 1126 1012 v.
1146 968 1233 1033 atque
1253 957 1394 1035 imprimis
1409 959 1447 1014 ix.
1473 958 1531 1015 Fi.

483 1079 620 1118 anterus.

524 1165 536 1201 b
551 1166 698 1224 Eusebius
716 1165 755 1223 vi.
775 1168 825 1224 30.
845 1165 890 1224 οὓς
906 1168 975 1238 ἀμφὶ
994 1169 1026 1221 τὰ
1039 1166 1173 1236 Ἐλλήνων
1193 1171 1233 1222 καὶ
1249 1167 1379 1236 Ῥωμαίων
1395 1168 1532 1238 μαθήματα

480 1274 569 1329 δεινῶς
582 1274 755 1342 ἐπτοημένους
769 1272 935 1345 φιλοσοφίας
948 1275 1035 1330 αὐτοῖς
1049 1275 1129 1329 ἐνθεὶς
1144 1277 1236 1346 ἔρωτα,
1246 1276 1291 1341 τῆς
1304 1275 1431 1345 προτέρας
1445 1296 1528 1328 σπου-

480 1379 525 1447 δῆς
538 1380 585 1447 τὴν
599 1380 669 1433 θείαν
682 1379 795 1448 ἄσκησιν
807 1380 1079 1450 ἀντικαταλλάξασθαι
1092 1380 1288 1450 προύτρίψατο.
1313 1377 1501 1436 FABthIUs.

521 1490 532 1516 ⁰
547 1486 629 1539 Πέντε
643 1486 672 1540 δὲ
686 1483 757 1543 ὅλοις
770 1488 857 1540 ἔτεσιν
870 1486 940 1560 αὐτῷ
954 1488 1149 1558 συγγενόμενοι.
1169 1482 1209 1541 id.
1253 1483 1334 1540 Huic
1349 1483 1464 1540 videtur
1478 1484 1529 1541 ad-

480 1588 587 1646 versari
602 1587 680 1664 quod
695 1588 855 1666 Gregorius
870 1589 899 1644 in
916 1587 1120 1646 Eucharistico
1134 1587 1169 1645 ad
1186 1588 1343 1664 Origenem
1359 1589 1456 1645 statim
1473 1591 1527 1646 sub

478 1692 594 1751 initium
620 1694 775 1773 profitetur
796 1695 832 1752 ab
855 1704 958 1751 octavo
978 1694 1037 1769 jam
1062 1712 1138 1750 anno
1161 1691 1305 1749 neminem
1330 1713 1360 1751 se
1383 1692 1526 1751 dicentem

478 1798 665 1865 auscultasse‚
688 1799 742 1857 nisi
764 1819 850 1876 quern
872 1799 1018 1857 celebrare
1039 1797 1201 1876 ingreditur
1223 1798 1390 1875 Origenem.
1412 1798 1528 1855 Famu-

478 1923 558 1963 crue.
612 1905 703 1963 Initio
729 1904 923 1964 Eucharistiae
951 1904 987 1962 ad
1013 1906 1170 1982 Origenem
1197 1905 1259 1981 ipse
1284 1903 1320 1961 de
1348 1925 1378 1961 se
1403 1914 1527 1962 testatur

478 2011 638 2089 Gregorius
655 2010 715 2087 jam
742 2012 778 2069 ab
802 2021 905 2068 octavo
929 2030 1015 2076 anno,
1038 2009 1145 2067 nedum
1169 2010 1283 2086 quinto,
1307 2009 1451 2067 neminem
1474 2030 1525 2066 au-

477 2114 573 2181 diisse,
596 2115 651 2173 nisi
671 2114 854 2173 admirandos
876 2113 942 2172 illos
964 2115 1042 2172 viros
1067 2115 1128 2172 veri
1153 2115 1318 2193 philosophi
1342 2134 1375 2171 ac
1397 2114 1527 2178 asseclas,

476 2219 690 2299 condiscipulos
704 2240 809 2299 nempe
824 2241 892 2279 suos
907 2221 1044 2297 Origeuis
1057 2219 1216 2277 auditores.
1247 2217 1290 2276 At
1305 2239 1363 2275 non
1378 2218 1445 2276 ideo
1459 2219 1521 2275 haec

478 2325 662 2404 Hieronymi,
678 2325 740 2384 sive
760 2325 881 2384 Eusebii
902 2325 1071 2383 testimonio
1092 2324 1236 2383 adversari
1260 2336 1355 2402 putes,
1369 2345 1427 2381 non
1446 2325 1523 2382 enim

475 2452 528 2511 per
545 2432 731 2490 octoennium
754 2453 804 2492 eos
825 2431 971 2490 audivisse
989 2431 1129 2490 continuo
1147 2430 1247 2497 tradit,
1262 2431 1313 2488 sed
1332 2443 1523 2507 preterquam

482 2536 557 2604 illos,
568 2557 627 2594 non
642 2537 731 2595 alium
745 2557 930 2615 quemquam.
954 2530 1172 2596 Vahannsrus.

514 2639 734 2700 dMarcisnaeus
748 2642 855 2716 (editor
871 2642 1094 2714 Benedictinus)
1110 2663 1146 2701 ex
1162 2642 1246 2700 codd.
1265 2641 1437 2719 quibusdam
1457 2641 1520 2699 edi.

474 2745 518 2804 dit
532 2746 572 2803 ad
582 2754 704 2824 patrm,
716 2746 880 2825 suspicatus
892 2765 987 2803 veram
1003 2746 1169 2813 lectionem,
1181 2767 1267 2823 quam
1283 2746 1433 2804 Martinus
1449 2747 1521 2824 Lip.

473 2851 534 2909 sius
549 2851 637 2908 etiam
655 2862 685 2909 et
700 2851 828 2910 Gravius
841 2873 878 2911 ex
893 2852 986 2911 Suida
1001 2864 1164 2910 revocatam
1181 2853 1315 2930 probavit
1332 2853 1372 2909 od
1383 2852 1520 2930 patriam.

474 2955 551 3013 Sane
571 2967 683 3033 patrem
700 2955 760 3032 jam
780 2956 893 3015 decimo
913 2969 1018 3033 quarto
1039 2958 1134 3015 atatis
1154 2958 1289 3015 amiserat
1309 2958 1468 3034 Gregorius
1488 2970 1521 3014 ut

471 3061 535 3140 ipse
555 3072 681 3120 testatur
701 3062 731 3119 in
751 3062 956 3122 Eucharistico
977 3063 1014 3122 ad
1035 3064 1192 3142 Origenem
1214 3083 1243 3141 p.
1260 3063 1309 3121 83.
1332 3062 1519 3120 anrucrus.

471 3165 586 3226 Similia
609 3168 723 3227 notavit
748 3167 920 3228 Vallarsius.
972 3169 1106 3228 Fratrem
1132 3170 1266 3247 Gregorii
1293 3168 1518 3227 Athenodorum

470 3270 578 3331 ibidem
599 3285 699 3352 postea
715 3273 746 3331 in
762 3273 859 3332 Ponto
878 3275 1044 3353 episcopum
1060 3274 1169 3333 factum
1184 3294 1246 3332 esse
1265 3295 1301 3332 ex
1319 3274 1447 3331 Eusebio
1460 3271 1480 3330 l.
1493 3294 1517 3330 c.

470 3379 561 3437 refert
575 3379 734 3440 Fabricius.

510 3486 595 3544 eHic
617 3486 808 3565 panegyricus
829 3487 905 3546 circs
923 3487 962 3545 A.
984 3487 1053 3544 239.
1076 3487 1214 3544 Cesareae
1237 3485 1398 3544 Palaestinae
1420 3484 1517 3542 dictus

468 3592 563 3651 adhuc
578 3602 683 3658 exstet,
693 3592 743 3668 qui
755 3592 832 3650 circa
845 3591 922 3650 idem
935 3592 997 3650 fere
1010 3604 1127 3669 tempus
1142 3591 1243 3648 Graece
1258 3601 1288 3647 et
1299 3589 1406 3646 Latine
1420 3589 1517 3647 editus

468 3697 632 3774 Moguntiae
649 3696 779 3752 16014.
795 3715 860 3752 cum
882 3695 1013 3753 versione
1032 3695 1095 3752 Jac.
1112 3694 1260 3752 Sirmondi
1276 3695 1353 3752 inter
1370 3693 1426 3750 elia
1441 3695 1515 3752 Gre-

466 3800 540 3880 gorii
560 3800 667 3877 scripta
685 3799 764 3859 edita
779 3820 796 3856 a
816 3799 969 3857 Gerhardo
984 3800 1090 3858 Vossio
1105 3799 1269 3876 Tungrensi
1284 3823 1291 3855 ι
1315 3799 1357 3856 Et
1372 3799 1516 3876 Auguste

467 3903 589 3963 Vindel.
605 3924 670 3962 cum
686 3905 817 3962 versione
832 3904 920 3962 Laur.
934 3904 1138 3962 Rhodomanni
1153 3915 1183 3962 et
1199 3905 1238 3963 Is.
1250 3905 1413 3963 Casauboni
1429 3916 1517 3982 atque

467 4012 587 4071 editoris
612 4010 731 4069 Davidis
752 4010 912 4070 Hoeschelii
935 4011 1013 4069 notis
1034 4010 1070 4069 ad
1092 4008 1197 4069 calcem
1220 4011 1359 4069 librorum
1380 4011 1516 4089 Origenis

466 4129 567 4178 contra
580 4117 707 4183 Celsum,
727 4116 812 4175 1605.
828 4115 858 4174 4.
881 4115 1070 4175 Franrcrus
1114 4117 1153 4175 Et
1167 4117 1321 4195 separatim
1338 4115 1515 4193 Stutgardiae

469 4219 556 4290 1799.
574 4220 669 4278 l2mo.
686 4223 774 4299 opert
788 4220 819 4278 J.
835 4220 872 4277 A.
889 4219 1032 4298 Bengelii.

506 4326 605 4386 ‘Haec
630 4347 747 4404 quoque
770 4326 958 4404 Paraphrasis
983 4326 1168 4385 Ecclesiastae
1193 4337 1309 4385 aetatem
1335 4326 1416 4391 tulit,
1436 4325 1513 4383 edita

464 4443 526 4491 tum
541 4431 609 4490 alibi
628 4431 734 4510 sepius
747 4442 811 4488 tum
831 4429 861 4486 in
878 4429 998 4488 meliore
1012 4450 1133 4507 operum
1149 4430 1283 4509 Gregorii
1299 4430 1326 4487 Τ
1327 4430 1511 4506 haumaturgi

463 4537 591 4597 editione
613 4536 847 4603 Graeco-Latina,
869 4556 934 4612 quae
958 4536 1108 4595 Frontone
1129 4540 1237 4596 Ducaeo
1261 4548 1382 4596 curante
1403 4534 1513 4614 prodiit

464 4642 556 4701 Paris.
581 4642 668 4700 1621.
690 4641 740 4701 fol.
788 4641 928 4700 Meminit
952 4642 1040 4718 hujus
1065 4642 1287 4720 Metaphraseos
1311 4641 1512 4718 Hieronymus
