3700 5667
533 660 584 723 IN
608 660 838 724 CONCILIA
863 663 1112 726 CARTHAG.
1284 663 1347 726 135

300 826 335 891 in
355 826 487 892 eeclesia
510 829 667 893 catholiea
687 837 762 894 tune
784 831 937 894 fratribus
955 831 1158 916 pnesuerunt,
1175 838 1212 896 ut
1232 831 1298 916 ipse
1313 841 1348 897 et

301 930 429 1016 eollegae
449 931 567 994 seirent
589 932 703 1016 quibus
724 933 871 1010 seribere,
889 942 923 996 et
943 933 1051 997 literas
1069 941 1180 998 mutuo
1200 934 1348 1018 aquibus

301 1054 356 1095 eos
377 1033 519 1118 aeoipere
542 1042 713 1118 oporteret.
758 1035 915 1099 Pnsnson.
939 1036 971 1098 in
993 1036 1110 1100 Anaul.
1135 1037 1282 1120 Cypriae.
1305 1037 1348 1102 ad

301 1157 354 1199 an.
372 1153 445 1219 252.
462 1143 537 1200 sect.
554 1137 604 1200 vii.

347 1237 384 1300 Ρ.
398 1257 448 1321 93.
465 1237 486 1299 l.
505 1258 555 1323 23.
578 1246 710 1323 agerent
726 1239 779 1302 diu
795 1239 1016 1323 poenitentiam
1029 1240 1167 1325 plenam]
1184 1240 1255 1304 Non
1270 1241 1348 1305 reei-

301 1336 409 1421 piendi
423 1347 499 1403 ante
512 1349 637 1425 tempus
652 1342 735 1425 quod
748 1342 1013 1425 praesoribebatur
1028 1342 1200 1426 expletum,
1214 1343 1274 1405 nisi
1288 1345 1348 1408 sub

303 1439 368 1503 ictu
384 1443 504 1506 mortis.
536 1443 588 1506 Sia
602 1442 723 1506 Fames
734 1445 882 1529 quidem;
900 1443 1055 1528 Anglieus
1066 1465 1140 1507 vero
1152 1443 1185 1507 S.
1195 1446 1348 1529 Cypriani

302 1541 471 1628 interpres,
482 1545 520 1608 ol.
534 1546 740 1622 Marshallus‚
752 1548 791 1610 de
802 1545 941 1610 transitu
956 1568 1013 1630 per
1027 1568 1136 1610 omnes
1150 1547 1347 1632 poenitentiae

303 1644 459 1709 stationes
475 1649 683 1732 poeniteatiam
697 1650 823 1733 plenam
842 1648 983 1732 exponit.
1029 1649 1092 1712 Sed
1113 1648 1243 1712 dubium
1258 1649 1346 1714 vide·

303 1751 369 1822 tur,
383 1769 425 1810 an
439 1749 510 1812 istae
525 1750 679 1814 stationes
694 1759 770 1815 tune
781 1751 933 1834 temporis
948 1751 1064 1834 ubique
1079 1751 1112 1814 in
1126 1751 1257 1815 ecelesia
1268 1752 1348 1817 bene

304 1855 389 1912 notae
410 1872 448 1913 ae
468 1851 628 1916 distinotae
645 1852 773 1917 luerint.
820 1855 921 1916 Porro
938 1853 1012 1936 quid
1031 1852 1073 1917 sit
1088 1852 1247 1937 Cypriane
1265 1853 1348 1918 aliis·

304 1972 365 2034 que
379 1953 562 2017 auctoribus
572 1954 666 2038 plena
675 1955 858 2040 penitentia
873 1956 1040 2040 disputans
1060 1954 1282 2039 Albaspinaeus
1297 1957 1349 2020 De

313 2053 378 2118 Va.
402 2056 514 2119 Eoclaee.
538 2055 674 2133 nititur,
696 2057 749 2122 lib.
766 2058 796 2121 ii.
816 2081 843 2122 o.
859 2077 912 2142 30.
936 2079 976 2121 ex
997 2057 1057 2121 hoo
1079 2057 1148 2141 ipso
1170 2056 1239 2120 loeo
1260 2066 1348 2123 reete

304 2154 440 2220 sortasse
460 2157 587 2243 colligit,
610 2182 672 2223 non
692 2182 763 2224 eam
784 2183 863 2236 esse,
880 2182 949 2243 qnae
972 2167 1115 2245 tempore
1134 2159 1276 2236 delinito,
1291 2161 1348 2224 sed

305 2280 375 2342 quae
395 2259 529 2338 indieiis,
549 2263 580 2326 id
601 2271 661 2341 est,
676 2263 832 2348 lacrymis,
848 2263 987 2340 fletibus,
997 2262 1136 2349 jejuniis,
1151 2263 1247 2327 animi
1262 2264 1349 2328 dolo-

304 2382 371 2424 rem
385 2364 568 2447 patefaoiat.
614 2366 658 2430 Et
678 2366 711 2428 in
733 2366 835 2451 Epist.
853 2370 903 2440 28,
919 2365 961 2430 al.
977 2386 1032 2450 33,
1047 2365 1239 2451 cyprianum
1258 2368 1348 2432 video

303 2460 350 2524 ita
366 2463 567 2541 seribentem,
583 2477 616 2529 ot
635 2489 706 2531 nera
723 2468 902 2552 peonitentia
921 2478 948 2530 et
964 2468 1077 2551 partita
1091 2477 1119 2530 et
1133 2467 1240 2531 dolore
1255 2467 1348 2551 pleno

303 2565 469 2628 Dorainam
483 2566 686 2652 deprecentur.
732 2568 870 2652 Aliquod
887 2576 994 2631 temon
1012 2577 1138 2650 tempus
1152 2567 1347 2652 poenitentiae

304 2666 378 2730 olim
392 2669 584 2752 praelinitum
599 2671 703 2747 luisse,
720 2671 816 2734 verba
835 2670 989 2756 epistolae,
1005 2692 1099 2753 quam
1117 2669 1260 2754 proxime
1274 2676 1348 2753 post

304 2770 410 2848 attuli,
442 2771 522 2835 satis
555 2775 745 2845 ostenduam
763 2811 806 2821 -
820 2783 854 2836 ut
881 2783 952 2836 ante
976 2772 1146 2856 leyilimum
1174 2782 1201 2834 ot
1222 2771 1349 2855 phuam

304 2882 418 2959 ternpus
438 2876 760 2960 satisfactionis-pon
785 2877 814 2938 ei
835 2875 1046 2939 concederetur.
1070 2897 1101 2959 p.
1124 2875 1175 2958 98.
1222 2873 1286 2937 Sed
1308 2875 1348 2937 de

304 2973 367 3037 alia
396 2997 431 3038 re
463 2977 601 3059 quadam
630 2978 715 3041 haud
745 2977 866 3062 pariter
898 2976 1147 3040 consentientem
1174 2997 1225 3039 me
1250 2975 1348 3040 habet

305 3080 418 3144 doetus
440 3079 491 3144 ille
512 3082 745 3166 Albaspinaeus.
791 3080 914 3145 Statuit
934 3079 1018 3143 enirn
1039 3079 1093 3143 lib.
1113 3078 1144 3142 ii.
1163 3101 1232 3162 eap.
1254 3097 1297 3140 12.
1313 3087 1348 3143 et

305 3181 391 3257 alibi,
406 3182 626 3266 poenitentiam
649 3185 745 3248 istam
761 3184 803 3246 ad
825 3182 898 3247 vitae
918 3181 1016 3246 etiam
1031 3182 1152 3245 exitum
1167 3182 1261 3244 luisse
1276 3203 1347 3265 pro-

305 3284 446 3361 ductam,
464 3295 498 3350 et
523 3309 586 3350 non
612 3287 672 3350 nisi
694 3287 762 3372 ipso
784 3287 896 3349 mortis
919 3286 1072 3349 obeundae
1094 3297 1235 3367 ternpore
1258 3284 1349 3347 abso-

306 3387 390 3451 lutee
412 3388 508 3452 luisse
526 3389 642 3473 lapsos,
662 3410 734 3453 eum
757 3397 832 3453 ante
850 3387 1002 3472 Cypriani
1022 3395 1119 3470 atque
1137 3385 1273 3450 Cornelii
1295 3385 1349 3448 de-

306 3504 427 3554 cretum
457 3490 489 3553 in
518 3498 706 3576 perpetuum
743 3489 1076 3554 excommunicationis
1112 3487 1232 3551 vinculo
1268 3487 1349 3573 lapsi

307 3593 469 3656 eonstrieti
484 3593 636 3668 fuissent3
659 3593 705 3657 ita
727 3602 825 3657 utne
847 3593 916 3676 ipsa
935 3591 1060 3675 quidem
1083 3590 1116 3653 in
1130 3600 1233 3653 morte
1255 3613 1349 3675 expe·

306 3692 460 3769 direntur,
484 3701 541 3758 aut
563 3695 761 3759 absolutione
783 3695 973 3757 fruerentur.
1023 3694 1069 3755 At
1094 3713 1177 3767 vero,
1202 3713 1244 3754 an
1268 3693 1350 3757 adeo

307 3815 414 3858 severa
433 3794 530 3860 luerit
546 3804 623 3860 ante
640 3797 728 3860 istaee
751 3804 896 3881 tempera
915 3796 1068 3859 universae
1088 3795 1226 3859 eeolesiae
1242 3796 1350 3879 praxis

308 3917 360 3959 seu
382 3897 586 3973 consuetudo,
607 3898 759 3981 quidquid
782 3899 891 3961 durius
911 3897 1052 3960 nonnulli
1074 3904 1143 3961 tum
1165 3896 1348 3970 statuerint,

308 3999 420 4062 merito
435 4000 580 4074 dubites;
605 4023 707 4085 neque
729 3999 949 4084 poenitentiam
971 3999 1131 4083 lapsorum
1150 4000 1192 4062 ad
1207 3999 1282 4062 vitae
1297 4020 1350 4061 ex-

307 4104 443 4162 tremum
461 4123 560 4185 usque
581 4102 665 4165 diem
685 4102 783 4166 etiam
805 4124 825 4164 a
849 4101 1009 4185 Cypriane
1031 4100 1126 4164 fuisse
1148 4101 1348 4183 productam,

308 4211 494 4285 argumenta
509 4203 705 4286 Albaspinaei
728 4204 768 4267 ad
787 4204 985 4287 probandum
1001 4203 1125 4276 valent;
1147 4209 1259 4266 eontra
1276 4223 1350 4265 vero

308 4303 338 4366 id
354 4305 431 4368 satis
451 4304 607 4369 oonlutari
629 4305 688 4368 hae
709 4307 779 4389 ipsa
799 4305 944 4388 epistola,
959 4312 1056 4387 atque
1073 4304 1226 4388 praeelara
1241 4303 1351 4368 illaad

310 4404 538 4482 Antonianum,
562 4406 695 4469 videtur.
741 4406 849 4472 Etiam
868 4405 1124 4490 gravissimorum
1147 4410 1351 4488 peceatorum

310 4528 377 4571 reos
391 4507 511 4572 absolvi
529 4507 672 4592 potuisse
687 4531 726 4572 ex
742 4509 876 4592 epistola
897 4508 966 4591 ejus
985 4529 1067 4569 nx11.
1082 4507 1124 4570 ad
1140 4506 1351 4591 Pomponium

311 4621 445 4688 eonstat,
478 4611 533 4674 ubi
566 4611 635 4674 haec
665 4620 762 4674 sunt:
795 4611 832 4674 Si
864 4611 901 4673 de
931 4610 972 4672 iia
1005 4608 1206 4693 (virginibus)
1243 4608 1351 4693 aliquo
