3700 5667
497 664 562 727 820
829 658 1208 723 ANNOTATIONES

496 842 524 898 et
544 833 599 917 qui
619 830 653 896 ob
665 831 745 915 fidei
766 830 952 894 Christum
972 829 1184 906 sinceritatem,
1205 830 1240 893 ier
1260 830 1323 913 ρἰιι
1344 830 1403 894 leci
1421 831 1552 896 xclceiu

489 933 673 1020 presbyterii
696 934 834 997 luerem
858 941 924 997 erar
950 941 1127 996 σοιιοοοιιτιιι.
1181 933 1248 996 Hic
1274 934 1372 1018 iyitur
1399 935 1551 999 adama

496 1037 630 1101 Paulum
652 1045 787 1121 mesple
809 1036 1020 1120 disputatione,
1045 1034 1258 1120 excipientibus
1281 1046 1388 1100 euuete
1413 1039 1550 1103 mturiis

496 1139 579 1224 (quus
604 1139 724 1224 quidem
749 1137 914 1222 disputatio
938 1137 1105 1200 etiomum
1131 1142 1241 1217 metat)
1266 1139 1391 1202 ecardus
1414 1139 1549 1204 Ιιοιοίιιὴ

494 1261 593 1304 secuse
599 1242 790 1326 fraudesque
804 1241 933 1324 detegere
947 1239 1025 1303 eolus
1038 1240 1171 1303 onmium
1182 1240 1288 1303 caluit
1301 1263 1392 1326 capp.
1405 1261 1547 1326 27—29.

495 1342 562 1407 Ubi
579 1342 727 1406 Valesius
746 1343 896 1406 advoces
915 1345 989 1404 κατὰ
1010 1343 1126 1421 καιροὺς
1143 1344 1291 1423 διαφόρως
1309 1365 1339 1427 p.
1357 1345 1431 1426 318.
1453 1345 1474 1407 l.
1494 1365 1545 1410 11.

494 1446 563 1510 haee
574 1444 753 1509 annotavit:
773 1453 795 1484 “
807 1444 960 1508 Libenter
971 1445 1140 1507 scriberem
1153 1447 1226 1508 κατὰ
1239 1445 1355 1525 καιροὺς
1366 1448 1552 1527 διαφόρους.

495 1556 516 1587 “
531 1546 707 1630 cujusmodi
724 1569 862 1610 errorem
877 1568 975 1631 supra
990 1547 1173 1610 notavimus.
1220 1546 1332 1610 Plures
1354 1557 1440 1611 certe
1463 1548 1547 1633 Syn-

493 1649 583 1714 “odi
605 1650 756 1713 adversus
776 1648 910 1711 Paulum
932 1648 1173 1712 samosatenum
1196 1648 1327 1712 diversis
1345 1650 1547 1733 temporibus

490 1760 515 1790 ’“
531 1759 731 1837 congregatae
764 1757 850 1827 sunt,
881 1757 918 1814 ut
951 1750 1106 1814 Eusebius
1140 1750 1335 1835 Rufinusque
1368 1759 1543 1819 testantur.

494 1855 624 1936 “Quod
648 1861 756 1917 autem
783 1852 927 1936 sequitur
950 1854 998 1916 καὶ
1019 1853 1173 1930 πολλάκις,
1196 1852 1230 1916 id
1251 1853 1380 1917 minime
1403 1855 1545 1920 otiosum

496 1969 516 1991 “
532 1964 582 2021 est
601 1979 638 2020 ac
657 1955 858 2040 superfluum.
904 1954 988 2018 Nam
1007 1961 1041 2018 et
1062 1955 1168 2039 plures
1189 1956 1322 2019 diversis
1344 1958 1545 2041 temporibus

494 2067 516 2097 “
531 2059 676 2142 Synodos
699 2065 827 2121 coactas
852 2055 949 2119 fuisse
974 2056 1021 2120 ait
1045 2055 1213 2133 Eusebius,
1236 2065 1270 2122 et
1293 2059 1325 2120 in
1350 2080 1545 2143 unaquaque

495 2168 517 2200 ‘⁸
533 2160 661 2244 Synodo
690 2159 796 2243 plures
824 2157 920 2221 fuisse
950 2157 1104 2221 sessiones
1133 2159 1198 2222 sivo
1226 2158 1401 2223 actiones.''
1456 2160 1545 2226 Haeo

495 2263 647 2326 Valesius.
688 2261 819 2324 Annum
832 2260 928 2323 fuisse
943 2259 1063 2325 Christi
1081 2264 1154 2340 269,
1169 2262 1202 2323 in
1218 2283 1280 2344 quo
1296 2261 1414 2346 incepit
1428 2262 1543 2328 haberi

494 2373 655 2449 postrema
682 2363 751 2426 herc
781 2363 919 2446 synodus
952 2362 1131 2425 consulibus
1161 2362 1293 2426 Olaudio
1323 2371 1356 2427 et
1385 2364 1543 2442 Paterno,

494 2467 661 2531 ostendere
683 2465 750 2529 vult
773 2464 860 2527 Sam.
882 2463 1061 2548 Basnagius
1082 2463 1116 2526 in
1136 2465 1399 2528 PolitiecEeeles.
1421 2467 1541 2531 Aerual.

493 2570 535 2633 ad
559 2569 643 2632 hunc
668 2590 720 2631 an.
743 2573 766 2647 §.
785 2567 825 2630 iv.
871 2566 990 2650 Pogius
1016 2587 1140 2650 quoque
1166 2567 1198 2628 in
1225 2567 1342 2630 Critiee
1365 2568 1541 2633 Histoire·

498 2671 636 2736 Obruerat.
652 2671 696 2734 ad
708 2668 842 2732 Berouii
856 2668 999 2731 Auuelee.
1015 2669 1056 2730 ad
1072 2668 1205 2731 eundem
1223 2689 1342 2731 annum
1357 2669 1417 2732 hoc
1431 2670 1543 2754 posuit

414 2801 416 2805 ·
493 2772 668 2836 concilium.
715 2769 798 2833 Cum
821 2791 895 2833 vero
918 2768 1115 2854 computatio
1141 2791 1296 2831 annorum
1322 2769 1542 2836 Romanorum

493 2871 689 2958 pontificum,
709 2892 804 2954 quam
828 2870 877 2933 bis
898 2870 1095 2955 temporibus
1117 2871 1258 2935 instituit
1279 2870 1347 2955 ipse
1370 2871 1541 2948 Eusebius,

493 2973 687 3059 displicuerit
710 2971 892 3049 pearsonio,
913 2972 964 3034 hio
986 2972 1034 3035 vir
1055 2973 1286 3037 eruditissimus
1308 2996 1392 3037 anno
1415 2975 1540 3039 Christi

495 3079 567 3161 265.
589 3074 638 3138 vel
661 3076 734 3139 266.
752 3074 845 3136 Pauli
869 3074 1165 3138 condemnationem
1190 3074 1345 3139 collocem
1371 3076 1539 3140 maluerat.

494 3178 568 3242 Vid.
596 3178 655 3263 Op.
678 3177 746 3261 ejus
768 3176 871 3241 Posti.
887 3177 970 3240 Dias.
996 3197 1021 3238 ι.
1042 3198 1090 3240 ιο.
1109 3194 1137 3259 7.
1161 3200 1192 3261 p.
1212 3181 1282 3242 106.
1324 3178 1387 3242 Sed
1409 3179 1540 3263 plurimi

491 3289 599 3347 tamon
614 3280 785 3366 scriptores
800 3279 828 3343 ei
844 3280 884 3343 de
899 3279 959 3342 hac
974 3300 1008 3342 re
1024 3300 1087 3342 non
1102 3281 1314 3346 consentiunt.

535 3385 573 3448 P.
585 3383 656 3467 289.
668 3382 687 3446 l.
698 3403 730 3461 4.
741 3380 946 3463 Ἀντίγροφον
956 3379 1138 3459 Ἐπιστολῆς
1152 3382 1220 3466 διο]
1233 3385 1316 3447 Haec
1326 3381 1454 3446 nomina
1464 3405 1540 3447 oum

490 3486 561 3552 aliis
579 3508 731 3571 agnosces
752 3485 918 3569 Synodioae
939 3483 1082 3567 epistolae
1097 3483 1238 3567 praefixa,
1253 3486 1338 3569 apud
1362 3484 1539 3548 Eusebium

489 3589 544 3652 lib.
556 3588 605 3652 vii.
622 3588 706 3651 Hiat.
720 3608 790 3670 cap.
803 3606 856 3670 30.
887 3585 1066 3669 Epist-olam
1080 3595 1198 3658 autem,
1211 3608 1282 3671 quae
1299 3609 1382 3650 nunc
1397 3586 1539 3662 sistitur,

490 3698 524 3755 st
544 3690 632 3771 cujus
651 3690 786 3751 fortasse
805 3687 998 3751 mentionem
1018 3687 1067 3750 hir
1087 3688 1190 3751 verbis
1214 3690 1289 3752 iecit
1305 3689 1536 3763 Theodoretus,

489 3797 606 3872 πρῶτον
637 3792 693 3867 μὲν
726 3789 948 3869 ἐπειράσθησαν
978 3792 1131 3869 ἰατρεῦσαι
1163 3789 1317 3871 γράμμασι
1347 3791 1402 3868 τὴν
1430 3793 1536 3864 νόσον,

490 3893 604 3956 Hoeret.
628 3888 707 3953 Feb.
733 3907 760 3951 2.
787 3890 815 3953 8.
841 3889 982 3951 nonnulli
1008 3898 1081 3976 post
1106 3891 1279 3954 Baronium
1308 3893 1350 3956 ad
1379 3892 1538 3975 synodum

489 3994 626 4080 priorem
648 3992 799 4056 adversus
822 3990 958 4054 Paulum
983 3991 1250 4070 samosatensem,
1273 4016 1343 4078 quae
1369 3993 1454 4057 circa
1478 4014 1536 4056 an·

489 4117 564 4160 num
578 4094 690 4159 habita
704 4101 754 4158 est
767 4097 839 4172 264,
854 4093 1084 4171 attribuerunt,
1098 4095 1151 4158 alii
1167 4118 1238 4159 cum
1255 4095 1381 4159 Valesio
1395 4096 1437 4158 ad
1452 4095 1538 4159 hanc

488 4198 696 4285 posteriorem
709 4197 743 4260 in
758 4218 821 4281 qua
836 4196 1000 4280 depositus
1014 4196 1133 4260 Paulus
1150 4197 1220 4272 fuit,
1237 4219 1308 4261 eam
1323 4197 1534 4273 vindicarunt,

487 4324 528 4366 ex
542 4301 638 4365 titulo
658 4298 786 4384 quidem
803 4298 946 4383 epistolae
964 4307 1187 4382 argumentum
1206 4300 1367 4363 ducentes.
1413 4298 1536 4362 Basna·

486 4404 556 4489 gius
578 4424 651 4466 vcro
673 4403 706 4465 in
728 4399 899 4466 Auuclibus
919 4402 962 4463 ad
983 4423 1035 4465 an.
1053 4404 1125 4481 264.
1140 4406 1179 4482 ξς.
1196 4405 1224 4463 6.
1242 4410 1276 4464 et
1291 4420 1321 4481 7.
1340 4422 1397 4463 nec
1420 4400 1537 4483 prioris

486 4527 588 4589 neque
613 4503 796 4588 posterioris
820 4503 931 4586 synodi
954 4504 1055 4567 totius
1080 4503 1277 4580 auctoritati,
1299 4504 1354 4567 sed
1378 4502 1537 4587 episcopis

486 4610 655 4681 duntaxat,
685 4624 817 4690 quorum
852 4605 1090 4690 praemittuntur
1119 4605 1257 4678 nomina,
1288 4604 1536 4669 adscribendam
