3700 5667
477 660 542 719 444
752 655 999 733 nnnrcuun
1027 655 1203 717 sucum.

478 830 601 907 quetur.
647 821 804 905 Suggeret
823 841 881 905 pro
903 843 995 904 posse
1017 829 1050 885 ct
1069 820 1154 884 omni
1173 840 1244 883 eum
1262 816 1419 881 modestia
1437 816 1537 880 Prin-

478 933 553 1017 cipi,
574 940 610 995 ut
632 954 687 995 eos
706 933 802 1016 legat,
822 931 870 994 vel
889 930 950 1015 legi
973 931 1084 995 audiat
1107 931 1215 1005 libros,
1237 928 1291 1013 qui
1313 936 1347 991 et
1369 926 1473 991 statui
1498 936 1537 989 et

478 1039 591 1103 honori
614 1038 696 1102 illius
717 1061 755 1103 uc
777 1038 910 1102 utilitati
932 1041 1034 1125 magis
1056 1061 1152 1124 qnam
1175 1036 1396 1103 tantummodo
1420 1035 1535 1119 volup-

478 1150 539 1213 tuti
555 1149 763 1221 conveniant;
789 1158 900 1212 noscat
921 1148 990 1232 ipse
1008 1150 1095 1233 prius
1115 1149 1234 1233 optimc
1248 1148 1326 1221 illos,
1343 1146 1459 1229 saepius
1474 1145 1535 1207 dc-

479 1258 552 1321 inde
567 1279 674 1321 coram
690 1257 838 1341 Principe
852 1256 971 1334 laudet,
988 1280 1026 1322 ac
1045 1280 1153 1321 eorum
1169 1257 1222 1341 qui
1237 1255 1418 1340 approbunt
1436 1252 1563 1319 testi-5

479 1369 619 1431 munium
642 1376 675 1431 et
697 1369 906 1432 auctoritates
928 1367 1092 1433 commode
1114 1368 1261 1452 explicet,
1279 1388 1318 1429 ne
1340 1387 1398 1429 suo
1421 1365 1532 1428 sensui

479 1485 607 1541 tuntum
621 1477 768 1541 videatur
782 1479 885 1543 inniti.

524 1584 622 1648 VIII.
647 1585 707 1665 Qui
723 1608 797 1650 vcro
819 1608 933 1671 corpus
954 1587 1111 1671 Principis
1134 1607 1244 1649 curare
1265 1585 1394 1658 hubent,
1408 1584 1475 1647 sint
1496 1585 1532 1645 in

480 1694 626 1757 omnibus
651 1716 746 1777 quum
773 1696 1011 1779 promptissimi,
1036 1695 1127 1758 lrilnri
1155 1715 1287 1778 semper,
1313 1702 1350 1757 ut
1376 1692 1531 1767 diximus,

479 1803 578 1879 vultu,
603 1803 697 1867 faceti
721 1824 958 1886 nonnunquam,
983 1803 1038 1866 sed
1065 1824 1188 1866 summa
1213 1824 1338 1886 semper
1362 1824 1433 1864 cum
1460 1822 1532 1864 mo-
1550 1830 1586 1868 4ο

481 1912 584 1976 destia
595 1936 604 1986 ;
626 1933 722 1995 quam
740 1911 772 1974 iu
788 1912 876 1975 vobis
898 1913 1044 1976 omnibus
1064 1936 1130 1998 proe
1153 1914 1266 1977 ceteris
1287 1912 1381 1975 rebus
1403 1910 1531 1985 laudet,

480 2022 627 2108 illamque
656 2045 696 2086 cx
725 2024 795 2107 ipsu
820 2022 971 2107 religiono
1000 2022 1121 2087 Christi
1151 2023 1314 2108 provenire
1343 2030 1531 2105 cognoseat.

481 2131 558 2196 Sitis
579 2141 612 2195 et
627 2153 682 2195 vos
701 2153 810 2195 omnes
830 2132 927 2195 ctiam
947 2154 1079 2217 corpore
1097 2140 1131 2197 44
1151 2131 1342 2196 indumentis
1362 2129 1471 2193 mundi
1493 2140 1533 2194 et

479 2239 583 2317 nitidi,
598 2240 685 2303 nullu
706 2246 813 2303 tamen
835 2239 1055 2324 superfluitate
1077 2250 1134 2303 aut
1156 2240 1357 2305 affectatione
1379 2239 1532 2315 notandi,

480 2371 520 2414 ne
535 2349 720 2413 Christiane
739 2349 895 2413 modestia
915 2351 1113 2433 deturpetur.
1158 2349 1272 2412 Omnia
1290 2348 1354 2411 suis
1373 2348 1529 2431 tempori·
1547 2376 1583 2433 15

479 2458 540 2523 bus
558 2458 623 2522 sint
640 2464 767 2543 paratu,
783 2468 816 2522 ct
835 2481 892 2522 suo
912 2460 1022 2523 ordine
1043 2480 1138 2543 quam
1156 2459 1274 2543 optimc
1295 2458 1428 2541 digestu.
1475 2457 1532 2521 Sit

480 2568 559 2630 ordo
573 2567 657 2631 inter
670 2589 726 2632 vos
739 2578 773 2631 ct
788 2567 963 2653 diligentia,
978 2590 1017 2632 nc
1031 2569 1172 2633 confusio
1187 2569 1219 2631 in
1234 2588 1329 2652 opere
1344 2573 1402 2630 aut
1416 2587 1529 2630 rernm

479 2675 608 2741 amissio
621 2675 728 2759 aliquo
743 2684 838 2759 pacto
853 2677 1027 2760 proveniat.
1072 2676 1294 2760 Dispcnuntur
1309 2682 1530 2759 cruenterque

480 2791 660 2868 opportuna
673 2784 744 2847 locu
758 2806 817 2866 pro
832 2792 928 2869 captu
943 2795 976 2849 et
991 2786 1147 2870 dignitate
1161 2785 1311 2849 locorum.

525 2892 597 2956 Sint
616 2893 744 2977 insuper
765 2902 799 2957 et
821 2895 902 2956 servi
923 2895 1018 2958 vestri
1038 2895 1261 2971 honestissimi,
1277 2895 1341 2958 sint
1356 2893 1528 2979 compositi
1543 2922 1582 2959 20

479 3007 514 3064 et
533 3000 678 3072 modesti,
695 3010 728 3064 et
749 3002 838 3064 vobis
859 3024 955 3085 quam
978 3004 1276 3079 convenientissimi,
1292 3027 1371 3089 quos
1393 3005 1426 3067 in
1450 3026 1530 3067 vera

480 3108 627 3171 doctrina
647 3108 731 3171 omni
746 3130 818 3172 eum
837 3111 995 3193 patientia
1016 3120 1049 3175 ct
1064 3112 1222 3177 charitate
1237 3113 1354 3176 Christi
1377 3112 1529 3176 instruite

479 3224 513 3281 et
528 3216 661 3291 docete;
683 3218 768 3300 quod
790 3219 816 3280 si
838 3219 1063 3284 instructiones
1081 3229 1203 3285 vestros
1222 3221 1383 3306 negligant
1399 3226 1431 3282 et
1452 3240 1528 3302 par-

479 3326 661 3413 vipendant,
690 3348 711 3390 a
740 3328 829 3391 vobis
858 3329 997 3414 abjicite,
1024 3352 1064 3393 ue
1093 3331 1217 3393 illomm
1247 3330 1388 3414 nequitia
1416 3329 1527 3412 aliquo

480 3444 575 3523 pacto
594 3437 626 3499 in
641 3459 696 3500 vos
713 3439 880 3502 redundet.
925 3439 1008 3502 Num
1031 3439 1211 3503 diffamatos
1233 3440 1376 3502 dominos
1398 3460 1437 3501 cx
1460 3460 1557 3501 ser-2
1562 3461 1579 3518 5

479 3568 590 3610 vorum
605 3546 804 3625 malignitate
818 3549 1006 3631 quandoque
1021 3549 1155 3613 vidimus
1169 3556 1202 3613 44
1217 3570 1301 3633 saepe
1316 3548 1502 3612 audivimus.

521 3655 555 3719 Si
580 3656 622 3718 ad
641 3657 823 3736 Augustum
842 3658 1012 3721 accesserit
1032 3658 1196 3741 Princeps,
1210 3657 1258 3721 vel
1276 3659 1346 3741 ipsa
1366 3659 1407 3721 ud
1424 3657 1525 3725 illum.

480 3762 550 3826 sitis
568 3776 645 3825 tunc
659 3783 714 3824 vos
733 3783 858 3846 quoque
878 3774 911 3828 et
931 3766 1030 3829 oeulis
1048 3773 1082 3829 44
1096 3774 1187 3851 gestu
1207 3774 1240 3829 et
1256 3767 1359 3830 verbis
1379 3766 1526 3829 omnibus

479 3892 576 3955 quum
601 3872 864 3956 compositissimi.
916 3874 1035 3940 Vident
1058 3875 1110 3938 illu
1133 3884 1269 3939 vestram
1296 3876 1524 3939 continentiam

479 3986 514 4045 44
527 3979 724 4043 modestiam.
770 3983 908 4047 Videant
931 3984 1012 4047 illius
1035 3971 1166 4047 comites
1189 3991 1223 4048 et
1245 3985 1457 4068 pedissequae3
1481 3986 1525 4047 vi·
1537 4013 1580 4069 30

479 4088 578 4151 deant
599 4095 633 4152 et
654 4090 861 4169 admirentur,
876 4102 975 4176 utque
998 4094 1071 4157 inde
1093 4093 1206 4158 Jcsum
1229 4094 1390 4158 Christum
1413 4095 1526 4156 Domi·
1604 4138 1607 4143 -

479 4217 555 4261 num
579 4210 723 4263 nostrum
745 4200 776 4263 in
799 4202 887 4265 vobis
910 4203 986 4286 ipsis
1010 4203 1199 4267 collaudent.
1244 4201 1404 4285 &chuclc
1426 4212 1525 4265 cntra

479 4326 602 4389 semper
627 4308 670 4371 sit
695 4330 790 4392 parca
817 4318 850 4373 ct
875 4312 1029 4387 modesta,
1054 4319 1151 4393 utque
1178 4310 1328 4394 religione
1352 4309 1436 4373 velut
1462 4311 1525 4373 sule

902 4576 917 4611 s
930 4564 1017 4612 rann
1030 4565 1061 4611 iv.
1075 4565 1097 4613 6.
