3700 5667
745 668 953 732 PIERIUS.
1307 668 1370 734 427

323 860 356 897 ac
383 841 481 899 Pierii.
513 842 699 899 Fnunrcrus.
744 840 817 898 Hoec
846 840 1028 920 Hieronymo
1057 840 1196 897 inusitate
1223 850 1268 896 est
1296 839 1371 896 ratio

323 944 447 1007 dicendi.
491 947 539 1004 Au
556 945 659 1004 melior
675 945 766 1015 fieret,
782 944 805 1003 si
826 945 1017 1004 excellentiam
1036 964 1090 1023 pro
1110 964 1179 1001 voce
1200 942 1370 1022 elegantiam

323 1051 575 1111 substitueretur?
620 1051 708 1110 Certe
733 1071 785 1129 pro
809 1053 944 1109 sermonis
967 1048 1121 1127 legendum
1144 1058 1188 1106 est
1212 1068 1370 1106 sermonum

325 1154 457 1229 quisunt
473 1155 563 1214 Pierii
579 1159 603 1210 ol
619 1155 707 1229 Λόγοι.

365 1255 503 1318 dEuseb.
517 1260 576 1315 ἀλλ’
594 1263 609 1314 ὁ
626 1262 673 1332 μὲν
686 1261 768 1332 ἄκρως
786 1260 907 1331 ἀπήμονι
924 1259 976 1336 βίῳ
994 1262 1035 1315 καὶ
1052 1261 1186 1330 μαθήμασι
1204 1257 1369 1330 φιλοσόφοις

323 1364 502 1435 διδοκίμοστο.
535 1363 722 1422 Fnusrcrusr.
777 1365 849 1422 Post
872 1363 1055 1442 paupertatis
1079 1361 1193 1419 addidit
1207 1359 1309 1439 fuisse
1332 1380 1368 1418 ex

323 1465 386 1523 cod.
401 1467 547 1525 Vaticano
566 1466 740 1534 Vullarsius,
761 1466 865 1526 omissa
888 1465 1033 1545 particula
1056 1487 1109 1546 que
1128 1476 1194 1544 post
1215 1465 1368 1524 scientissi-

323 1591 407 1637 mum,
423 1591 477 1649 ego
495 1582 592 1630 autem
613 1571 669 1630 tide
689 1572 775 1629 nixus
796 1570 904 1629 codicis
922 1591 1012 1649 penes
1032 1591 1077 1629 me
1093 1569 1177 1627 MSti
1198 1568 1369 1648 particulam

323 1684 349 1732 et
363 1687 430 1734 unte
444 1697 530 1736 voces
541 1687 605 1756 post
616 1682 839 1756 persecutionem
855 1677 959 1736 delevi.

365 1793 377 1823 θ
392 1782 588 1842 Deccnunlcm
603 1783 681 1842 illam
697 1806 714 1843 a
728 1784 914 1843 Diocletiano
929 1785 1085 1862 inceptam.

364 1885 494 1945 fScribit
514 1888 546 1947 S.
564 1889 762 1969 Hieronymus
779 1890 810 1947 iu
829 1890 948 1947 Praefat.
965 1894 1050 1947 Osce.
1081 1888 1175 1946 Pierii
1190 1888 1247 1966 legi
1261 1896 1370 1945 tracta·

324 2002 382 2050 tum
397 1992 599 2070 longissimum,
616 2014 694 2072 quern
710 1994 739 2052 in
754 1994 869 2052 exordio
883 1994 972 2072 liujus
985 1993 1129 2071 prophete
1144 1993 1191 2050 die
1205 1991 1370 2069 uigiliarum

326 2098 482 2157 Dominicoe
494 2099 639 2176 passionis
653 2100 836 2177 ecteruporali
849 2108 874 2157 et
889 2098 996 2157 diserto
1010 2119 1138 2156 sermone
1150 2095 1291 2175 prrfirdit.
1335 2096 1371 2152 ln

325 2205 422 2283 Epist.
445 2205 563 2263 Multa:
588 2216 690 2264 contra
707 2206 917 2283 vigilantium:
941 2215 966 2263 et
988 2206 1017 2263 in
1039 2204 1148 2282 uigiliis
1172 2203 1293 2260 Pascha
1314 2201 1373 2258 tale

325 2310 395 2387 quid
409 2310 485 2385 steri
509 2311 678 2389 plerumque
705 2312 890 2370 conuincitur.
947 2312 982 2368 ln
1006 2309 1116 2368 Matth.
1139 2327 1208 2365 xxv,
1239 2304 1372 2363 Traditio

325 2416 488 2474 Judoeorum
502 2423 553 2480 est,
571 2415 716 2473 Christum
731 2416 821 2473 medin
837 2424 916 2474 nocte
930 2424 1088 2479 uenturum,
1105 2412 1179 2470 unde
1193 2431 1258 2469 reor
1271 2418 1296 2466 ct
1311 2418 1371 2467 tra·

324 2519 455 2577 ditionem
479 2519 668 2597 Apostolicom
684 2521 887 2597 permansisse,
902 2529 933 2577 nt
953 2520 981 2576 in
1001 2518 1048 2575 die
1064 2517 1230 2595 uigiliarum
1251 2514 1372 2572 Pasclroe

325 2633 391 2681 onte
415 2624 504 2682 noctis
526 2625 674 2681 diuridinm
697 2626 817 2703 populos
839 2624 981 2683 dimittere
1006 2645 1060 2681 non
1083 2623 1167 2680 liceat
1191 2626 1372 2697 expectantes

325 2730 474 2786 aduentum
490 2726 608 2793 Christi,
624 2737 649 2786 ct
667 2736 818 2807 postquam
833 2728 906 2786 illud
920 2736 1030 2804 tempus
1044 2723 1203 2788 transierit.
1219 2722 1372 2781 securitate

321 2841 496 2911 presumpta
503 2833 616 2912 festum
630 2833 740 2890 cunctis
754 2832 904 2911 agentibus
918 2831 1002 2888 dion.
1043 2827 1212 2885 Adamantii
1229 2836 1326 2884 autem
1341 2836 1372 2882 et

327 2939 415 2996 Pierii
435 2937 609 3016 exemplaria
624 2938 718 3011 (Nor.
732 2939 831 3014 Test.)
844 2938 916 2995 citat
937 2934 1058 2992 Hieron.
1075 2931 1105 2988 in
1125 2930 1234 2988 Matth.
1249 2950 1275 2988 c.
1289 2929 1370 2989 xxiv.

326 3043 367 3101 H.
384 3044 541 3101 Gnsvrus
583 3042 650 3099 Jam
672 3041 723 3099 diu
744 3053 841 3098 cirtem
861 3048 906 3097 est
926 3058 992 3095 cum
1013 3047 1043 3094 et
1065 3037 1120 3093 istu
1139 3035 1169 3092 in
1191 3035 1319 3092 Hoscsm
1341 3045 1371 3093 et

324 3161 434 3205 eucterae
449 3147 663 3205 lucubrationes
679 3146 768 3204 Pierii
783 3164 884 3202 omues
901 3141 1123 3200 interciderunt.
1147 3140 1335 3198 Funurcrus.
