3700 5667
393 686 459 747 440
690 680 938 759 RELIQUIAE
965 679 1140 743 SACRAE.

395 853 449 938 qui
470 874 528 936 pro
548 852 651 917 salute
670 859 783 916 nostra
799 850 883 915 cruci
901 850 1015 915 affixus
1030 849 1103 926 luit,
1117 870 1176 912 nos
1195 847 1300 912 salvos
1318 847 1401 912 fecit
1419 847 1455 911 in

316 956 319 961 ’
393 961 642 1045 redemptionem
668 961 906 1045 sempitomcm,
929 980 1000 1043 qum
1023 958 1163 1021 maxima
1187 956 1454 1021 Christianorum

393 1078 443 1135 est
458 1070 650 1155 expectatio.

437 1178 509 1242 Non
530 1199 615 1263 ergo,
630 1177 674 1243 mi
694 1177 842 1255 Lucisne,
858 1186 892 1243 te
907 1178 1025 1263 jactari
1041 1180 1110 1263 (for.
1122 1181 1268 1263 jactitare)
1285 1184 1345 1241 aut
1366 1192 1452 1261 puto

393 1296 450 1352 out
465 1289 547 1365 volo,
562 1286 646 1373 quod
669 1287 760 1352 multi
783 1310 822 1351 ex
843 1288 963 1373 palatio
986 1287 1143 1373 Principis
1162 1293 1271 1372 perte
1290 1286 1332 1350 ad
1354 1286 1478 1370 agni-5

394 1396 512 1460 tionem
527 1396 672 1460 veritatis
687 1404 910 1481 pervenerunt,
922 1397 978 1461 sed
993 1397 1095 1483 magis
1108 1397 1231 1483 gratias
1243 1398 1313 1460 Deo
1329 1404 1449 1460 nostro

394 1505 512 1570 referre
533 1507 636 1578 decet,
653 1506 706 1589 qui
727 1512 760 1570 te
780 1507 898 1570 bonum
918 1506 1164 1571 instrumentum
1183 1505 1216 1569 in
1236 1525 1303 1569 rem
1323 1504 1448 1569 bonam

394 1617 537 1694 confecit,
561 1625 656 1702 teque
678 1617 764 1701 apud
788 1616 967 1701 Principem
989 1616 1182 1695 sublimavit,
1204 1622 1241 1679 ut
1264 1613 1448 1678 Christiani

395 1726 529 1790 nominis
547 1726 677 1789 odorem
691 1725 724 1789 in
745 1746 834 1789 suam
847 1724 983 1809 gloriam
997 1732 1031 1789 et
1044 1724 1216 1789 multorum
1232 1722 1368 1788 salutem
1383 1723 1448 1786 dis·

393 1836 540 1900 funderes
563 1837 632 1920 (for.
655 1836 858 1915 diffunderet).
905 1834 989 1899 Nam
1015 1842 1135 1919 quanto
1160 1833 1261 1920 magis
1286 1831 1449 1918 Princeps
1464 1853 1497 1891 ιο

391 1947 461 2030 ipso
475 1946 615 2009 nondum
631 1944 820 2010 Christianae
839 1944 982 2029 religioni
1002 1943 1192 2029 adscriptus,
1208 1942 1284 2028 ipsis
1304 1941 1447 2007 Christi-

392 2054 463 2119 anis
488 2055 574 2119 velut
599 2054 793 2118 fidelioribus
820 2052 919 2118 vitam
944 2062 978 2119 et
1003 2075 1118 2138 corpus
1147 2074 1238 2116 suum
1264 2053 1448 2116 curandum

392 2164 546 2235 credidit;
571 2171 664 2229 tanto
685 2164 777 2228 decet
792 2186 848 2228 vos
870 2163 1069 2239 solicitiores,
1083 2184 1122 2227 ao
1143 2163 1177 2226 in
1198 2162 1281 2226 illius
1303 2163 1448 2228 salutem

393 2283 428 2338 ct
447 2294 555 2338 curam
576 2272 790 2357 diligentiores
810 2294 879 2336 esse
897 2279 931 2336 et
945 2272 1188 2356 prospectiores,
1203 2280 1239 2336 ut
1254 2294 1311 2356 per
1325 2273 1360 2335 id
1373 2273 1447 2358 plu-

394 2383 508 2445 rimum
531 2382 649 2448 Christi
676 2404 789 2446 nomen
816 2380 1022 2467 glorificetur,
1046 2391 1080 2446 et
1101 2382 1183 2446 illius
1204 2383 1283 2446 fides
1305 2406 1364 2467 per
1386 2406 1447 2449 vos
1461 2399 1493 2456 ¹5

394 2493 448 2577 qui
465 2493 643 2577 Principem
659 2493 781 2565 fovetis,
797 2493 938 2576 quotidie
957 2501 1131 2578 ungentum
1156 2515 1229 2556 narn
1249 2494 1324 2578 quia
1346 2500 1390 2579 (tv
1414 2497 1446 2581 ᾧ,

393 2611 424 2668 in
439 2630 474 2669 eo
488 2610 576 2687 quod,
589 2610 710 2689 vulgat.
730 2630 740 2667 1
759 2612 823 2669 Pet.
836 2612 877 2668 iii.
898 2609 958 2685 ια.)
975 2625 1032 2667 nos
1051 2603 1210 2667 maleficos
1228 2605 1301 2667 olim
1319 2617 1353 2669 et
1372 2629 1444 2671 om-

393 2713 486 2779 nibus
507 2713 636 2799 flagitiis
658 2714 793 2779 refertos
815 2714 955 2779 nonnulli
979 2715 1101 2799 priores
1123 2715 1286 2799 Principes
1309 2725 1445 2799 putave-

394 2832 481 2900 runt,
496 2825 551 2888 sed
567 2825 635 2909 jam
650 2825 792 2889 videntes
807 2831 914 2888 vestra
935 2826 1020 2889 bona
1038 2846 1137 2909 opera
1156 2846 1218 2889 non
1238 2826 1360 2910 possint
1381 2828 1445 2892 nisi

394 2932 498 3016 ipsum
513 2933 675 2998 Christum
689 2933 875 3018 glorificare.
1456 2966 1493 3003 20

439 3042 483 3107 ΙΙ.
511 3044 624 3129 ltaque
650 3067 773 3109 summa
797 3067 857 3129 ope
884 3043 972 3108 vobis
997 3044 1206 3110 adnitendum
1232 3053 1290 3120 est,
1318 3068 1359 3111 ne
1385 3070 1446 3113 vos

393 3153 512 3238 aliquid
541 3163 635 3240 turpe
663 3163 721 3220 out
746 3154 957 3232 inhonestum,
985 3177 1025 3220 ne
1050 3155 1241 3240 flagitiosum
1270 3156 1443 3231 nominem,

393 3264 551 3341 sentiatis,
565 3286 604 3329 ne
621 3264 742 3329 Christi
757 3286 871 3328 nomen
886 3286 944 3349 per
957 3287 1013 3328 vos
1027 3265 1113 3349 ipsos
1128 3266 1373 3351 blasphemetur.

438 3374 537 3437 Absit
560 3395 582 3438 a
607 3374 704 3447 robis,
732 3382 769 3439 ut
797 3375 921 3439 editum
946 3374 1039 3437 alicui
1067 3376 1109 3439 ad
1136 3376 1309 3462 principem
1334 3382 1444 3462 pretio

394 3484 557 3559 vendatis3
579 3496 617 3548 ut
631 3484 800 3549 inhonesta
817 3491 875 3549 aut
889 3484 1035 3568 precibus
1049 3493 1106 3550 aut
1122 3487 1226 3567 pretio
1241 3488 1314 3552 victi
1330 3489 1444 3574 aliquo
1458 3511 1472 3548 2
1477 3510 1492 3565 5

393 3600 489 3673 pacto
506 3592 647 3672 Principi
667 3594 852 3677 suggeratis.
898 3594 1010 3658 Omnis
1031 3595 1174 3658 avaritiae
1196 3598 1291 3659 ardor
1310 3617 1330 3660 a
1350 3599 1444 3663 vobis

393 3700 555 3776 abscedat,
576 3699 672 3782 bquoe
695 3701 908 3765 idololatriam
932 3703 1037 3786 potius
1059 3724 1154 3786 quarn
1174 3704 1293 3768 Christi
1315 3706 1443 3790 religio-

393 3829 465 3869 nem
493 3815 653 3891 opcratur.
707 3809 841 3873 Nullum
867 3819 960 3896 turpe
985 3812 1105 3876 lucrum
1134 3812 1324 3887 Christiano,
1352 3816 1443 3881 nulla

392 3915 561 4000 duplicitas
591 3919 757 3982 convenire
784 3930 899 4005 potest,
928 3922 980 4006 qui
1008 3922 1172 3986 Christum
1202 3923 1375 4009 simplicem
1405 3937 1442 3991 et

393 4028 513 4091 nudum
532 4027 743 4112 amplectitur.
791 4043 804 4074 ⁰
815 4030 909 4094 Nulla
930 4031 1113 4105 scurrilitas,
1133 4040 1190 4097 aut
1211 4034 1441 4118 turpiloquium
1454 4053 1493 4107 30

393 4136 477 4202 inter
492 4159 547 4201 vos
561 4138 727 4203 habeatur.
773 4139 889 4204 Omnia
909 4163 980 4205 cum
1001 4143 1166 4219 modestia,
1183 4145 1343 4219 comitate,
1360 4146 1440 4210 affic-

393 4248 518 4312 bilitatc
538 4260 569 4311 ct
585 4248 712 4333 justitia
732 4250 912 4335 exiguntur,
928 4260 963 4315 ut
984 4251 1015 4313 in
1034 4254 1179 4318 munibus
1201 4277 1313 4319 nomon
1329 4255 1390 4320 Dei
1406 4267 1441 4322 ct

392 4354 521 4419 Domini
536 4358 637 4421 nostri
653 4357 675 4419 J
678 4381 732 4422 esu
748 4359 866 4424 Christi
881 4359 1088 4444 glorificetur.‘

554 4612 666 4661 '’Colom.
682 4613 713 4662 iii.
727 4628 748 4675 5.
1089 4632 1101 4655 ι·
1116 4620 1200 4681 liphcs
1215 4637 1262 4677 ιη
