3700 5667
617 2039 668 2132 S.
721 2035 1208 2135 CORNELII

700 2272 818 2323 MEDIO
835 2272 981 2324 SAECULO
998 2272 1128 2321 TERTIO

650 2443 920 2511 EPISOOPI
959 2444 1186 2510 ROMANI

554 2652 815 2725 EPISTOLAE
839 2658 958 2739 QUAE
983 2655 1283 2729 SUPERSUNT.

785 2902 1054 2943 *-

576 3109 799 3175 EPISTOLA
823 3111 887 3175 AD
910 3112 942 3177 S.
967 3112 1249 3177 OYPRIANUM
1448 3144 1462 3205 5

675 3266 965 3307 cenunmmmrtsuu
981 3267 1155 3307 emsoowu.

394 3372 672 3488 Oouuuulus
689 3415 848 3501 cypriano
868 3415 961 3479 fraer
981 3415 1126 3480 sunem.
1172 3414 1220 3478 Ne
1241 3414 1316 3499 que
1337 3416 1442 3481 nunus

392 3526 435 3587 ed
459 3547 588 3608 poenem
616 3526 758 3591 futurem
787 3527 881 3610 hujus
906 3526 1052 3590 scelerati
1077 3524 1214 3589 hominis
1238 3523 1442 3609 (Novatieni)

392 3634 528 3707 deesset,
544 3641 725 3718 prostratus
744 3636 915 3699 virtutibus
930 3635 1003 3712 Dei,
1019 3657 1091 3699 eum
1116 3635 1279 3699 Maximus
1299 3642 1333 3698 et
1355 3635 1441 3699 Len·

392 3740 485 3825 ginus
499 3748 533 3804 et
549 3740 713 3805 Meeheeus
735 3741 808 3805 inde
827 3741 962 3806 fuissent
982 3742 1115 3826 expulsi,
1130 3742 1234 3805 denuo
1247 3742 1439 3815 resurrexim
1453 3761 1486 3799 ιο

393 3855 427 3911 et
449 3848 531 3913 sieut
556 3848 714 3934 prioribus
739 3849 856 3915 litteris
881 3851 952 3928 tibi,
967 3872 1047 3935 quas
1071 3872 1129 3935 per
1149 3850 1340 3935 Augendum
1367 3872 1441 3914 eon·

393 3957 544 4021 sessorem
565 3956 646 4033 misi,
662 3956 846 4043 siguifieevi,
868 3965 948 4042 puto
977 3958 1196 4022 Nicostratum
1221 3965 1255 4021 et
1278 3956 1441 4021 Neretum

393 4075 427 4131 et
441 4067 627 4132 Everietum
642 4074 675 4131 et
692 4068 834 4132 Primum
849 4074 883 4132 et
898 4067 1086 4150 Dionysium
1102 4067 1155 4130 illo
1164 4066 1234 4150 jem
1251 4065 1439 4150 pervenisse.

395 4174 582 4259 Invigiietur
606 4196 682 4259 ergo
707 4181 745 4238 ut
770 4173 916 4239 omnibus
945 4172 1139 4257 eoepiseopis
1167 4173 1294 4245 nostris,
1319 4179 1352 4235 et
1377 4172 1441 4237 ira·

393 4282 507 4358 tribus,
524 4282 710 4360 innoteseat,
727 4283 947 4348 Nicostratum
962 4282 1135 4347 multorum
1152 4282 1318 4345 eriminum
1337 4301 1438 4358 reum,
1454 4303 1486 4361 15

393 4398 427 4453 et
448 4409 513 4452 nou
535 4391 636 4454 solum
659 4398 803 4474 petronae
824 4410 890 4455 suae
914 4390 1043 4467 cernuli,
1059 4390 1148 4475 eujus
1169 4390 1310 4454 rationes
1331 4388 1441 4474 gessit,

393 4496 522 4561 fraudes
547 4504 581 4560 et
605 4496 735 4580 rupinus
756 4497 876 4576 iecisse,
892 4518 1001 4562 verum
1024 4497 1132 4574 etiem,
1153 4496 1238 4581 quod
1260 4503 1310 4560 est
1331 4496 1376 4560 illi
1398 4495 1440 4559 ed
