3700 5667
593 683 642 747 IN
665 684 698 747 S.
715 683 929 748 CORNELII
955 684 1252 749 FRAGMENTA.
1408 689 1450 750 48

395 857 449 918 οὖν
464 859 517 917 τοῦ
533 855 712 935 εὐαγγελίου
730 855 958 936 (NovotIanus)
977 856 1030 918 οὐκ
1044 856 1190 933 ἠπίστατο
1212 857 1265 919 ἕνα
1287 859 1451 921 ἐπίσκοπον

397 963 461 1022 δεῖν
483 957 561 1019 εἶναι
584 958 617 1019 ἐν
636 961 776 1035 rudoltus]
792 959 945 1040 ἐκκλησίᾳ,
971 954 1042 1042 ἐνῇ
1068 958 1120 1020 οὐκ
1146 958 1259 1038 ἠγνόει,
1287 963 1347 1024 πῶς
1372 959 1448 1038 γάρς

396 1058 621 1139 πρεσβυτέρους
636 1059 712 1121 εἶναι
726 1057 785 1136 μς’.
802 1061 954 1124 διακόνους
971 1061 1055 1131 ἑπτὰ,
1071 1058 1128 1122 &a
1146 1060 1175 1140 ξ.
1185 1079 1216 1142 3.

443 1163 482 1222 P.
497 1182 545 1244 19.
562 1159 581 1221 l.
594 1179 622 1222 u.
635 1160 770 1223 electum
782 1182 803 1222 a
814 1159 896 1242 Deo]
909 1160 940 1221 h.
951 1182 979 1222 e.
992 1159 1167 1244 inspirante
1179 1161 1249 1224 Deo
1261 1161 1451 1244 Christoque

398 1263 477 1346 ejus,
494 1270 528 1325 et
548 1262 591 1324 ad
612 1260 716 1346 legum
732 1261 909 1324 divinarum
930 1261 1162 1346 praescriptum.
1210 1263 1260 1327 ltu
1282 1263 1322 1326 de
1338 1262 1449 1347 Cypri·

399 1386 462 1427 auo
481 1386 540 1426 suo
554 1363 665 1427 scribit
681 1363 816 1427 Pontius
836 1363 988 1427 diaconus
1007 1364 1085 1449 ejus,
1093 1365 1214 1447 judicto
1229 1367 1293 1428 Dei
1312 1375 1340 1429 et
1352 1364 1452 1449 plebis

390 1468 505 1550 fauore
528 1466 572 1528 ad
595 1466 721 1547 officium
747 1465 909 1529 eamdatii
933 1475 961 1528 et
986 1467 1171 1550 episcopatus
1194 1468 1327 1553 pradum
1353 1468 1452 1531 addua

398 1569 572 1652 neophytus,
595 1578 631 1642 et,
657 1577 690 1630 ut
708 1566 889 1652 putabatur,
910 1566 1041 1630 υουυίἰυυ
1065 1568 1169 1632 ekatus
1191 1580 1241 1632 est.
1287 1569 1332 1632 Et
1358 1569 1454 1653 paulo

399 1678 492 1755 post:
525 1671 600 1734 Nou
616 1668 780 1754 preteribo
804 1671 896 1733 etiam
920 1670 1003 1733 illud
1025 1671 1179 1747 ecimium,
1203 1672 1453 1756 quemadmodum

399 1796 469 1837 cum
492 1774 525 1837 iu
546 1772 730 1835 dilectionem
748 1773 811 1856 ejus
826 1783 854 1836 et
874 1773 1011 1836 lusorem
1033 1783 1109 1837 totus
1125 1775 1259 1859 populu
1276 1775 1455 1859 admirante

401 1877 534 1940 Domino
545 1875 714 1959 prosiliret,
729 1875 884 1939 lumiliter
897 1876 950 1939 ille
968 1876 1093 1951 euasit,
1107 1876 1329 1960 antiquioribus
1343 1877 1455 1953 sedena

400 1989 429 2042 et
444 1978 604 2063 inidipsum
618 1999 646 2040 se
660 1977 745 2040 struo
761 1978 840 2041 lauti
854 1977 973 2041 laeuus
987 1977 1171 2053 suist-imaue,
1187 1988 1221 2040 ut
1235 1978 1345 2062 dianus
1358 1980 1456 2063 uuapu‘s

392 2084 493 2166 fieret.
509 2103 539 2165 p.
549 2100 580 2164 3.
596 2080 654 2142 Vit.
673 2079 834 2163 Cypriani,
879 2079 955 2163 Ipse
971 2102 1097 2164 quoque
1112 2080 1290 2164 Cyprianus
1304 2080 1337 2142 in
1353 2082 1454 2165 Epist

400 2203 455 2262 40.
471 2181 513 2244 al.
528 2202 580 2265 43.
604 2181 788 2245 electionem
811 2205 901 2245 suam
917 2191 1008 2246 vocat
1030 2184 1213 2267 suffiapiuuu
1228 2182 1329 2267 plebis
1349 2194 1377 2247 et
1392 2185 1455 2247 Dei

392 2284 561 2368 judicium.
607 2285 715 2369 Atque
741 2285 773 2347 in
789 2286 891 2369 Epist.
909 2288 962 2366 67,
977 2285 1025 2349 vel
1043 2287 1094 2361 68,
1117 2285 1171 2369 qui
1194 2286 1306 2348 modus
1329 2287 1456 2350 ordino-

400 2389 526 2452 tionum
541 2388 800 2451 celebrandarum
815 2389 857 2451 ab
869 2387 1000 2451 ecclesia
1016 2396 1065 2451 est
1081 2396 1238 2472 receptus,
1253 2387 1280 2451 is
1294 2390 1455 2453 υυουυώυνυ

400 2491 512 2554 diviua
526 2491 699 2575 mayisteria
714 2494 799 2574 (quae
815 2490 963 2553 nimirum
979 2490 1010 2552 iu
1022 2490 1135 2553 divinis
1148 2490 1314 2575 scripturis
1325 2494 1453 2569 extent)

400 2605 430 2658 et
452 2595 612 2658 masadam
636 2595 698 2658 Dei
723 2595 904 2658 uoluntatem
926 2615 985 2656 aaa
1007 2594 1168 2657 secuudum
1189 2594 1354 2657 humanam
1370 2617 1456 2680 prce-

400 2698 588 2775 sumtioueru,
612 2704 754 2761 statutus
776 2719 844 2759 esse
867 2694 1056 2759 ostenditur.
1107 2695 1236 2759 Etenim
1262 2697 1376 2761 relatio
1401 2696 1456 2759 illa

401 2800 444 2862 ad
472 2799 577 2862 Deum
603 2806 638 2863 et
660 2800 776 2864 iratres
801 2799 833 2860 in
860 2798 893 2862 S.
906 2797 1059 2861 Matthiae
1089 2797 1243 2862 electione
1272 2799 1357 2861 iuter
1386 2798 1455 2862 haeo

402 2903 561 2988 praecipuo
576 2901 713 2986 spectari
728 2902 862 2964 videtur.
881 2900 956 2963 Act.
971 2900 991 2963 i.
1013 2919 1059 2983 15.
1076 2919 1126 2964 οι.
1142 2923 1209 2984 seq.

448 3004 533 3067 lbid.
554 3003 574 3064 l.
586 3025 618 3082 4.
643 3005 860 3087 Imposturam
884 3002 970 3086 passi
997 3003 1120 3086 sumus]
1149 3001 1325 3065 Trebellius
1351 3001 1455 3065 Pollio

402 3107 435 3170 in
460 3106 625 3169 Gallieno:
661 3106 748 3169 Idam
771 3127 838 3167 curo
860 3105 987 3189 quidam
1008 3127 1140 3189 paramus
1162 3106 1274 3168 citrum
1290 3126 1352 3189 pro
1378 3105 1459 3168 ueris

402 3209 581 3273 uendidisset
595 3208 658 3289 ejus
675 3208 775 3283 uerri,
789 3218 877 3291 atqua
898 3207 966 3284 illa,
982 3230 1015 3270 ra
1029 3207 1168 3292 prodita,
1185 3208 1341 3271 oiudicari
1360 3207 1455 3282 uella,

401 3313 522 3396 turrim
546 3311 636 3396 quasi
659 3311 704 3374 ad
727 3311 837 3374 lauaem
854 3311 958 3394 jussit.
1014 3311 1136 3374 Deiude
1160 3334 1175 3375 e
1200 3333 1290 3374 cauea
1316 3332 1457 3395 ocpouem

402 3415 530 3477 emittit:
554 3411 793 3496 mirantibusque
814 3400 928 3475 caudis
950 3434 1014 3475 rem
1036 3413 1213 3488 ridiculam,
1223 3434 1283 3497 per
1305 3414 1456 3474 curiorum

403 3517 469 3580 dici
487 3516 604 3599 jussit:
638 3518 840 3600 Imposturam
857 3515 938 3598 fecit
960 3525 988 3578 et
1006 3537 1116 3600 passm
1139 3526 1190 3579 est.
1236 3514 1343 3577 AElius
1367 3515 1458 3577 Lum-

403 3617 526 3701 pridius
547 3617 649 3681 tradit
665 3616 857 3681 Vetranium
873 3616 1028 3679 Turinum
1048 3617 1265 3701 impostorem,
1283 3615 1336 3698 qui
1356 3615 1458 3679 multa

404 3717 543 3781 fallendo
565 3718 763 3802 promiserat,
788 3726 821 3781 et
843 3718 1006 3802 provenis
1029 3718 1190 3802 promissis
1213 3718 1356 3803 ingentia
1377 3739 1457 3802 prae-

404 3819 469 3882 mia
488 3831 686 3905 perceperat,
705 3820 884 3884 Alexandri
906 3820 1014 3884 Severi
1030 3821 1121 3905 jussu
1143 3829 1329 3884 accusatum
1351 3820 1460 3897 luisse,

368 3998 374 4015 ἱ
404 3930 438 3985 et
462 3923 651 3999 convictum,
669 3924 759 4007 jussu
781 3922 865 3985 illius
885 3923 1050 4005 alligatum
1076 3925 1118 3986 ad
1142 3923 1294 4008 stipitem,
1315 3931 1348 3986 et
1372 3923 1459 3986 fumo

404 4022 564 4107 apposito,
581 4046 674 4107 quem
696 4047 736 4088 ex
758 4025 884 4109 stipulis
906 4033 1004 4108 etque
1026 4025 1164 4089 humidis
1185 4026 1279 4110 lignis
1301 4025 1370 4087 fieri
1392 4025 1459 4108 jus·

404 4135 501 4202 serat,
519 4126 687 4203 necavisse,
703 4149 849 4210 praeoono
872 4127 1017 4191 dicente:
1045 4129 1142 4191 Fumo
1157 4129 1293 4211 partitur
1314 4127 1367 4211 qui
1390 4148 1458 4188 oen-

403 4227 488 4290 didit
502 4230 639 4310 sumum.
692 4228 735 4291 D.
765 4229 850 4292 Nero
880 4228 1066 4293 clementior
1094 4231 1155 4294 fuit
1181 4252 1257 4313 erga
1282 4228 1459 4292 Oaesellium

406 4330 552 4395 Bassum.
599 4331 682 4395 Vide
698 4332 846 4396 Tacitum
861 4332 915 4395 lib.
932 4332 993 4395 xvi.
1010 4332 1195 4396 AnnaIIum.
1219 4332 1387 4394 Butuzrus.

450 4434 533 4497 Ibid.
557 4433 578 4496 l.
597 4455 628 4517 9.
659 4434 846 4518 Dominum]
872 4435 1044 4497 Dominum
1067 4443 1213 4499 nostrum
1236 4433 1315 4496 Bod.
1333 4453 1360 4494 1.
1400 4432 1459 4494 En.

406 4535 514 4598 Oxou.

452 4639 532 4702 lbid.
549 4639 569 4701 l.
585 4661 635 4702 10.
653 4661 750 4702 unum
770 4631 951 4725 episcopum
971 4642 1003 4702 in
1024 4639 1182 4703 catholica
1202 4636 1348 4723 ecelesia]
1374 4635 1460 4697 Hinc

909 4761 962 4804 oc
