3700 5667
793 662 1118 729 secessurus.
1233 636 1238 644 ’
1440 668 1485 734 ιι

429 831 601 930 σώματος
629 838 687 912 καὶ
714 843 778 914 τοῦ
804 836 952 935 αἵματος
980 845 1043 916 τοῦ
1073 840 1207 941 Κυρίου
1235 838 1335 937 ἡμῶν
1358 840 1483 938 Ἰησοῦ

426 968 604 1067 Χριστοῦ,
634 967 816 1067 μηδέποτέ
841 1005 884 1069 με
917 979 1127 1051 καταλιπεῖν
1163 976 1222 1051 καὶ
1258 971 1478 1078 ἐπιστρέψαι

428 1099 520 1203 πρὸς
542 1102 755 1203 Κορνήλιον.
784 1107 841 1182 καὶ
861 1106 881 1183 ὁ
900 1105 1025 1189 ἅθλιος
1043 1105 1231 1208 ἅνθρωπος
1250 1107 1291 1185 οὐ
1308 1104 1484 1208 πρότερον

429 1232 582 1334 γεύεται,
602 1240 631 1315 εἱ
653 1235 703 1336 μὴ
722 1236 897 1340 πρότερον
919 1238 1017 1344 αὐτῷ
1036 1237 1290 1343 καταράσαιτο·
1322 1243 1381 1319 καὶ
1406 1242 1484 1319 ἀντὶ

403 1377 495 1456 ετοῦ
526 1375 635 1448 εἰπεῖν
662 1369 897 1470 λαμβάνοντα
924 1371 989 1451 τὸν
1014 1371 1124 1476 ἄρτον
1150 1376 1281 1454 ἐκεῖνον
1310 1373 1353 1453 τὸ
1377 1370 1483 1474 ἀμὴν,

430 1503 548 1583 οὐκέτι
566 1504 688 1611 ἀνῆξω
711 1505 801 1608 πρὸς
822 1507 1025 1610 Κορνήλιον
1044 1507 1153 1609 λέγει.

476 1640 537 1702 Καὶ
551 1638 614 1718 μεθ’
631 1641 718 1720 ἔτερα
731 1639 826 1704 πάλιν
840 1647 933 1705 ταῦτα
947 1644 1049 1723 φησίν.

488 1752 535 1852 η’.
551 1752 653 1855 Ἤδη
681 1753 720 1834 δὲ
746 1755 824 1834 ’ίσθι
851 1763 1104 1857 γεγυμνῶσθαι
1128 1761 1187 1836 καὶ
1215 1758 1345 1859 ἔρημον
1373 1790 1479 1858 γεγο-

432 1888 540 1965 νέναι·
571 1888 914 1985 καταλιμπανόντων
938 1886 1046 1968 αὐτὸν
1071 1891 1149 1968 καθ
1169 1889 1303 1990 ἡμέραν
1328 1887 1485 1983 ἑκάστην

388 2028 505 2101 ιοτῶν
523 2025 704 2126 ἀδελφῶν,
723 2025 781 2102 καὶ
800 2033 848 2108 εἰς
872 2022 939 2122 τὴν
962 2025 1159 2124 ἐκκλησίαν
1181 2020 1481 2124 ἐπανερχομένων.

432 2154 474 2235 ὃν
492 2158 552 2235 καὶ
570 2162 714 2257 Μωσῆς
733 2159 753 2235 ὁ
771 2154 941 2260 μακιίριος
958 2156 1104 2259 μάρτυς,
1123 2157 1143 2235 ὃ
1161 2157 1247 2259 παρ’
1267 2155 1350 2254 ἡμῖν
1374 2155 1482 2256 ε”ναγ-

430 2324 497 2393 χος
527 2286 777 2393 ι’μαρτυρήσας
811 2291 926 2390 καλήν
954 2327 1033 2372 τινα
1060 2295 1119 2370 καὶ
1147 2287 1360 2389 θαυμαστὴν
1386 2312 1480 2392 μαρ-

432 2425 571 2526 τυρίαν·
605 2424 655 2503 ἔτι
677 2423 727 2504 ὧν
745 2429 783 2504 έν
802 2425 941 2534 κόσμιρ,
961 2425 1112 2506 κατιδὼν
1130 2427 1238 2504 αὐτοῦ
1256 2422 1323 2524 τὴν
1341 2423 1481 2527 θρασύ·

431 2590 523 2656 τητα
556 2564 615 2636 καὶ
646 2556 712 2657 τὴν
748 2558 930 2657 ἀπόνοιαν,
960 2560 1196 2658 ἀκοινώνητον
1233 2559 1379 2656 ἐποίησε
1412 2555 1484 2636 σὺν

389 2736 421 2793 ¹5
431 2697 507 2775 τοῖς
523 2691 629 2769 πέντε
646 2693 903 2795 πρεσβυτέροις
920 2701 994 2777 τοῖς
1012 2693 1086 2792 ἅμα
1112 2694 1208 2799 αὐτῷ
1231 2693 1484 2796 ἀποσχίσασιν

431 2820 577 2906 ἑαυτοὺς
594 2831 656 2923 τῆς
674 2826 878 2923 ἐκκλησίας.

431 3175 484 3234 per
507 3173 613 3232 corpus
632 3164 662 3212 et
681 3153 849 3231 sanguinem
872 3152 934 3212 Do.
984 3154 1072 3213 sisse:
1101 3154 1241 3212 iratribus
1265 3154 1396 3230 quotidie
1416 3173 1484 3211 eum

432 3234 505 3291 mini
535 3235 626 3291 nostri
654 3234 727 3291 Jesu
755 3233 875 3299 Christi,
904 3246 934 3293 te
984 3233 1193 3299 deserentibus,
1219 3245 1249 3292 et
1273 3233 1309 3291 ad
1335 3233 1484 3292 ecclesiam

433 3333 583 3389 nunquam
598 3333 676 3371 meas
691 3324 787 3391 partes
802 3313 934 3372 desertu·
984 3313 1183 3372 redeuntibus.
1205 3312 1301 3383 Quem
1317 3315 1404 3371 etiam
1418 3314 1485 3370 Mo·

389 3414 509 3459 rorum.
531 3412 584 3450 nec
611 3393 648 3450 nd
675 3393 842 3451 Cornelium
871 3414 934 3453 esse
984 3414 1029 3451 ses
1042 3394 1225 3450 beatissimus
1235 3404 1355 3469 martyr,
1365 3393 1414 3469 qui
1430 3411 1486 3449 nu.

431 3473 606 3531 rediturum.
651 3473 698 3530 Ita
711 3472 861 3531 miserille
876 3493 932 3531 non
986 3493 1037 3550 per
1051 3472 1130 3550 apud
1144 3493 1197 3529 nos
1211 3473 1328 3548 egregio
1345 3485 1375 3528 et
1393 3471 1485 3528 admi·

432 3555 515 3632 prius
528 3563 647 3629 gustare.
657 3553 772 3621 sinitur,
782 3573 867 3629 quam
879 3554 934 3611 sibi
984 3552 1076 3609 raudo
1089 3553 1228 3630 martyrio
1240 3552 1411 3629 perfunctus
1422 3562 1466 3608 est
1476 3574 1485 3621 ς

432 3633 496 3712 ipse
511 3631 619 3689 mulum
634 3633 809 3708 imprecatus
824 3633 871 3689 sit.
892 3633 935 3690 Et
985 3630 1054 3688 dum
1077 3630 1171 3689 adbuc
1190 3632 1220 3688 in
1239 3632 1312 3689 vivis
1332 3642 1417 3695 esset.
1433 3650 1486 3688 eu-

433 3733 498 3772 cum
514 3731 617 3786 panem
633 3710 715 3768 illum
730 3712 872 3789 accipiens
889 3712 934 3769 di.
985 3710 1096 3768 daciam
1125 3712 1189 3787 ejus
1212 3732 1244 3769 ac
1267 3713 1394 3768 furorem
1420 3731 1486 3789 per.

389 3820 421 3882 ²⁵
433 3813 498 3852 cere
513 3792 662 3850 debuisset
674 3791 780 3857 Amen,
793 3791 856 3866 ejus
871 3791 935 3849 loco
985 3802 1114 3868 spectum
1137 3792 1254 3862 habens,
1270 3812 1286 3849 a
1305 3790 1484 3848 communio·

432 3873 521 3931 dicit:
552 3871 624 3928 Non
649 3881 775 3929 revertar
799 3869 935 3950 deinceps
984 3890 1022 3928 ne
1036 3891 1088 3928 sua
1099 3872 1243 3948 separavit
1254 3891 1311 3928 una
1322 3889 1387 3928 cum
1399 3871 1484 3946 quin-

431 3952 467 4011 nd
483 3951 663 4011 Cornelium.
985 3970 1042 4025 que
1056 3951 1242 4028 presbyteris,
1257 3950 1307 4027 qui
1327 3970 1358 4007 se
1377 3950 1486 4028 pariter

466 4034 909 4108 Etpostaliarursusbaecaddit.
984 4050 1050 4087 cum
1079 4029 1130 4087 illo
1154 4033 1190 4089 eb
1214 4030 1341 4089 ecclesie
1366 4049 1486 4105 corpore

471 4110 497 4167 8.
511 4110 597 4169 Scias
610 4128 699 4187 porro
710 4107 794 4165 illum
805 4106 865 4183 jam
880 4129 934 4166 nu·
984 4110 1169 4187 abruperant.

382 4190 526 4270 3odstum
549 4210 585 4249 sc
607 4207 685 4268 pene
705 4186 800 4245 solum
821 4207 934 4246 reman-

806 4466 817 4498 δ
832 4479 841 4511 ι
856 4466 921 4514 Tim.
934 4468 966 4515 vi.
981 4481 1018 4527 ιι,
1033 4481 1069 4529 ¹3·

914 4576 967 4622 Η
