3700 5667
564 653 614 715 IN
640 651 873 715 SYNOI)UM
899 653 1274 719 AN'rlocHENAM.
1378 659 1443 726 329

455 979 579 1037 Παυλοῦ
596 974 793 1053 Σαμοσατέως
809 976 842 1036 ἐκ
857 980 915 1037 τῶν
931 976 1020 1037 αὐτοῦ
1034 979 1108 1057 πρὸς
1124 977 1259 1056 Σάβινον
1273 980 1383 1057 λόγων.

438 1126 489 1209 Τφ
510 1127 585 1209 ἁγίῳ
604 1127 748 1204 πνεύματι
766 1127 899 1208 χρισθεὶς
918 1127 1143 1206 προσηγορεύθη
1160 1126 1298 1207 Χριστὸς,
1315 1129 1442 1210 πάσχων

397 1228 470 1288 κατά
492 1226 595 1305 φύσιν,
619 1231 848 1308 θαυματουργῶν
870 1231 944 1290 κατὰ
966 1226 1066 1309 χάριν.
1093 1228 1133 1311 τῷ
1156 1231 1214 1308 γάρ
1236 1228 1369 1312 άτρίπτιρ
1391 1234 1441 1307 τῆς

396 1328 514 1407 γνώμης
531 1330 683 1407 ὁμοιωθεὶς
704 1332 744 1413 τῷ
764 1332 844 1412 Θεῷ,
861 1330 909 1391 καὶ
930 1331 1034 1408 μείνας
1054 1329 1182 1409 καθαρὸς
1204 1330 1347 1409 ἁμαρτίας
1368 1332 1442 1410 ἡνιί·

396 1432 432 1504 θη
448 1428 534 1511 αὐτῷ,
546 1429 593 1491 καὶ
609 1429 754 1509 ἐνηργήθη
769 1454 826 1491 που
839 1428 964 1492 ἑλέσθαι
978 1427 1033 1505 τὴν
1047 1434 1103 1491 τῶν
1117 1429 1274 1509 θαυμάτων
1288 1434 1442 1496 δυναστεί-

396 1552 443 1599 αν,
461 1528 493 1605 ἐξ
511 1529 552 1591 ὧν
566 1530 638 1608 μίαν
657 1530 733 1615 αὐτῷ
752 1531 801 1593 καὶ
817 1530 871 1608 τὴν
891 1530 983 1607 αὐτὴν
997 1528 1070 1610 πρὸς
1087 1535 1122 1617 τῇ
1140 1531 1263 1610 θελήσει
1286 1533 1441 1615 ἐνέργειαν

396 1630 476 1712 ἔχων
508 1630 543 1711 (l.
575 1631 673 1714 ἐχειν)
703 1633 841 1713 δειχθεὶς,
872 1633 1022 1712 λυτρωτὴς
1051 1639 1103 1695 τοῦ
1132 1634 1238 1714 γένους
1268 1637 1317 1698 καὶ
1345 1638 1443 1718 σωτὴρ

399 1732 608 1813 ἐχρημάτισεν.

709 1909 772 1965 Τοῦ
787 1905 875 1966 αὐτοῦ
891 1906 923 1967 ἐκ
939 1911 997 1966 τῶν
1013 1906 1117 1966 αὐτῶν.

440 2039 478 2100 At
495 2036 633 2118 διάφοροι
654 2041 760 2119 φύσεις
780 2040 828 2102 καὶ
849 2042 886 2101 τὰ
907 2038 1036 2119 διάφορα
1053 2041 1199 2119 πρόσωπα
1214 2035 1269 2101 ἕνα
1284 2039 1332 2102 καὶ
1348 2043 1442 2120 μόνον

396 2140 530 2205 ἐνάσεως
552 2139 657 2221 έχουσι
680 2141 790 2219 τρόπον
809 2141 863 2218 τὴν
883 2144 958 2203 κατά
980 2138 1106 2219 θέλησιν
1126 2142 1291 2218 σύμβασιν,
1311 2142 1343 2218 ἐξ
1364 2141 1399 2219 ἧς
1424 2143 1441 2220 ἡ

396 2236 471 2304 κατὰ
486 2239 639 2322 ἐνέργειαν
655 2242 775 2304 ἐπὶτῶν
790 2245 880 2308 οὕτως
895 2241 1110 2320 σννβαθέντων
1127 2244 1199 2324 (for.
1216 2246 1442 2321 συμβιβασθέν-

395 2343 468 2422 των)
484 2342 631 2421 ἀλλήλοις
644 2345 843 2424 ἀναφαίνεται
856 2345 959 2423 μονάς.

710 2520 773 2577 Τοῦ
788 2515 877 2577 αὐτοῦ
894 2516 926 2576 ἐκ
942 2519 1001 2575 τῶν
1016 2513 1119 2576 αὐτῶν.

435 2649 539 2729 Ἀγιος
559 2649 607 2711 καὶ
625 2648 735 2714 δίκαιος
751 2648 951 2729 γεγενιγιίνος
965 2650 982 2710 ά
997 2647 1105 2728 σωτὴρ,
1122 2650 1215 2731 ἀγῶνι
1230 2652 1278 2714 καὶ
1292 2655 1374 2735 πόνῳ
1389 2655 1443 2718 τας

396 2754 448 2812 τοῦ
466 2749 653 2830 προπάτορος
671 2751 753 2828 ἡμῶν
773 2749 920 2829 κράτησας
942 2751 1092 2830 ἁμαρτίας
1117 2752 1161 2817 ote
1182 2755 1371 2834 κατορθώσας
1389 2755 1443 2831 τὴν

396 2852 504 2932 θρετὴν
523 2852 597 2931 (for.
617 2853 652 2938 τῇ
675 2852 779 2937 άρετῇ)
797 2849 935 2930 συνήφθη
957 2856 997 2936 τῷ
1021 2854 1102 2938 Θεῷ,
1116 2853 1188 2931 μίαν
1210 2854 1259 2916 καὶ
1279 2855 1333 2932 τὴν
1351 2856 1442 2934 αθτῆυ

395 2953 468 3033 πρὸς
486 2954 577 3017 αὐτὸν
591 2955 740 3032 βούλησιν
756 2954 803 3016 καὶ
821 2951 976 3034 ἐνέργειαν
990 2960 1054 3020 ταῖς
1071 2960 1130 3016 τῶν
1145 2956 1265 3036 ἀγαθῶν
1279 2965 1442 3037 προκοπαῖς

397 3056 540 3137 ἐσχηκώς·
567 3054 604 3132 ἣν
626 3055 792 3134 ἀδιαίρετον
813 3053 950 3134 φυλάξας
970 3054 1004 3117 τὸ
1025 3057 1121 3134 ὄνομα
1141 3062 1300 3136 κληροῦται
1317 3059 1351 3120 τὸ
1369 3061 1443 3139 ὑπὲρ

396 3161 456 3219 πᾶν
470 3158 575 3234 ὄνομα,
591 3160 719 3236 στοργῆς
734 3155 867 3220 ἔπαθλον
882 3157 960 3241 αὐτῷ
974 3157 1129 3238 χαρισθέν.

711 3331 775 3388 Τοῦ
790 3326 880 3391 αιἰτοῦ
896 3328 929 3388 ἐκ
944 3332 1003 3390 τῶν
1018 3327 1123 3389 αὐτῶν.

440 3463 493 3541 Μὴ
514 3462 666 3541 θαυμάσης
687 3463 732 3523 ὅτι
754 3463 825 3539 μίαν
844 3464 920 3540 μετὰ
940 3465 991 3523 τοῦ
1012 3464 1095 3524 Θεοῦ
1115 3460 1169 3538 τὴν
1187 3461 1312 3540 θέλησιν
1328 3462 1441 3544 εἶχενὸ

397 3564 504 3645 σωτήρ·
527 3565 628 3644 ὥσπερ
643 3565 701 3645 γάρ
714 3565 786 3641 μίαν
801 3568 858 3625 τῶν
872 3567 996 3625 πολλῶν
1011 3561 1059 3623 καὶ
1074 3560 1129 3637 τὴν
1143 3560 1234 3638 αὐτὴν
1248 3561 1443 3644 ὑπάρχουσαν

397 3673 526 3747 φανεροί
543 3665 598 3743 τὴν
617 3665 731 3727 οὐσίαν·
755 3665 877 3743 ούτιοςὴ
893 3662 1001 3745 σχέσις
1015 3666 1067 3740 τῆς
1081 3662 1196 3743 άγάπης
1209 3666 1282 3743 μίαν
1296 3670 1355 3727 τῶν
1369 3674 1443 3728 πολ·

396 3775 459 3832 λῶν
482 3769 530 3833 καὶ
552 3767 606 3846 τὴν
629 3767 721 3845 αὐτὴν
745 3765 898 3847 ἐργάζεται
912 3764 1039 3841 θέλησιν
1060 3767 1108 3827 διὰ
1126 3770 1194 3844 μιᾶς
1215 3767 1334 3845 καὶτῆς
1356 3768 1443 3846 (τῆς

397 3868 620 3960 φαυερουμένης
634 3868 707 3954 (sor.
723 3865 964 3948 φανερουμένην)
983 3866 1212 3946 εύαρεστήσεως.

714 4042 776 4099 Τοῦ
792 4038 881 4100 αὐτοῦ
896 4039 930 4100 ἐκ
944 4042 1002 4099 τῶν
1017 4036 1120 4100 αύτόν.

439 4180 489 4240 Τὰ
515 4174 698 4256 κρατούμενα
719 4176 759 4257 τῷ
781 4175 864 4256 λόγῳ
886 4175 937 4250 τῆς
959 4173 1079 4252 φύσεως
1101 4172 1153 4234 οὐκ
1178 4171 1283 4252 έχουσι
1307 4173 1440 4237 ἔπαινον·

397 4283 435 4343 τὸ
454 4281 486 4342 δέ
506 4275 614 4358 σχέσει
635 4275 739 4355 φιλίας
761 4275 945 4354 κρατούμενα
965 4274 1163 4351 ύπεραίνεται,
1178 4275 1232 4353 μιᾷ
1251 4273 1299 4334 καὶ
1317 4277 1353 4358 τῇ
1371 4274 1444 4351 αὐτῇ

397 4382 498 4462 γνάμη
521 4378 714 4458 κρατούμενα,
730 4378 779 4438 διὰ
797 4379 865 4452 μιᾶς
885 4374 1000 4450 καὶτῆς
1019 4373 1106 4450 αὐτῆς
1128 4373 1279 4453 ἐνεργείας
1299 4376 1442 4451 βεβαιού-

397 4506 483 4560 μενα,
507 4480 555 4542 καὶ
580 4481 631 4555 τῆς
657 4474 717 4539 κατ’
742 4477 904 4552 ἐπαύξησιν
930 4472 1072 4536 οὐδέποτε
1097 4472 1265 4551 παυομένης
1292 4472 1442 4551 κινήσεως·

400 4584 463 4646 καθ’
474 4581 511 4660 ἣν
526 4582 566 4665 τῷ
582 4583 652 4663 Θεῷ
669 4579 833 4658 συναφθεὶς
851 4578 868 4639 ὁ
887 4576 986 4655 σωτὴρ
1000 4574 1142 4638 οὐδέποτε
1161 4574 1279 4657 δέχεται
1298 4577 1443 4658 μερισμὸν

442 4704 510 4746 ναι.
527 4703 572 4744 ιιι.
888 4698 908 4737 υ
925 4697 945 4737 ιι
