3700 5667
554 664 603 730 IN
629 664 860 730 CONC1L1A
885 667 1135 732 CARTHAG.
1307 669 1370 737 175

315 835 404 921 jecta
421 834 610 900 Latinorum
629 837 732 901 missis
751 836 793 901 ad
814 838 937 922 Papam
957 838 1163 903 Benedictum
1180 835 1267 902 XII.
1285 861 1370 902 anuo

324 959 416 1024 1342.
432 938 549 1021 legitur
569 939 654 1022 quod
674 939 717 1001 ilii
733 947 902 1024 postquam
918 960 1050 1024 puemm
1066 940 1281 1025 baptizarunt,
1297 939 1370 1025 bap·

319 1042 447 1105 tizatum
464 1043 684 1105 conmunicent
700 1043 753 1105 cic.
799 1042 874 1105 Osca
889 1061 1009 1126 corpore
1026 1042 1140 1106 Otmci
1153 1043 1230 1106 sicco
1243 1051 1371 1128 tetemet

320 1144 404 1208 labia
418 1141 522 1229 paeri,
538 1154 565 1207 et
585 1154 741 1229 reposcant,
756 1154 783 1208 ct
802 1145 830 1208 ei
849 1145 984 1208 sacerdos
1003 1143 1135 1221 celebret,
1149 1155 1178 1209 et
1193 1145 1228 1208 ic
1243 1155 1371 1229 tempore

319 1247 373 1311 illo
397 1245 564 1331 baptizetur
584 1268 675 1330 puer,
703 1245 772 1310 derce
794 1247 944 1309 ecdicum
969 1246 1104 1310 sacerdes
1128 1247 1259 1330 diffitens
1282 1268 1370 1310 ceam

320 1351 411 1435 tictpit
439 1350 473 1412 ic
502 1351 657 1433 scaptiae,
683 1358 711 1413 ct
736 1349 807 1413 inde
832 1349 932 1433 tanqit
956 1347 1040 1413 aaa
1062 1349 1167 1434 paeri.
1201 1349 1368 1414 Baccarus.

321 1452 475 1522 Quamvis
490 1451 585 1516 aliter
596 1450 751 1536 jusserint
766 1460 835 1517 tum
851 1450 960 1515 decem
976 1451 1100 1516 codices
1118 1451 1238 1537 scripti,
1255 1453 1370 1538 quibus

319 1576 402 1618 nunc
420 1556 560 1640 adjungo
574 1555 654 1618 duos
669 1576 766 1631 meos,
783 1563 852 1619 tum
866 1563 990 1618 veteres
1008 1554 1162 1639 impressi,
1180 1555 1233 1638 qui
1248 1555 1281 1618 in
1295 1556 1368 1620 edit.

322 1659 416 1722 Ocea.
443 1665 542 1723 testes
568 1655 772 1722 adducuntur
797 1657 952 1733 lectionis,
976 1657 1072 1721 clema
1097 1658 1132 1720 ia
1157 1658 1255 1721 altari
1280 1680 1369 1722 scac-

319 1760 481 1847 tificatem,
507 1760 706 1844 praet'erenda
735 1758 862 1823 videtur
892 1759 1083 1823 Erasmiana
1111 1758 1215 1836 lectio,
1245 1760 1369 1825 Eucha-

318 1865 421 1940 ricta
437 1872 464 1926 ct
484 1863 563 1927 cade
584 1861 732 1946 baptizati
754 1869 910 1946 meatur
930 1860 1039 1937 cheac,
1063 1861 1097 1924 ia
1118 1859 1216 1924 attari
1236 1864 1369 1945 coaditi-

318 1976 418 2042 catur,
438 1987 508 2049 quse
531 1966 697 2050 perspicua
719 1973 769 2028 est
791 1974 824 2028 ct
846 1964 990 2049 apprime
1013 1964 1160 2029 convenit
1182 1986 1251 2028 cum
1275 1986 1368 2049 argu*

319 2068 435 2132 mentis
449 2076 547 2151 atque
563 2067 727 2152 proposito
742 2066 907 2151 scriptoris
922 2067 1058 2151 probare
1073 2066 1221 2141 volentis,
1231 2066 1369 2130 chrisma

318 2173 404 2256 apud
428 2170 595 2234 haereticos
621 2192 684 2232 non
711 2192 802 2254 posse
828 2178 949 2245 extare,
975 2190 1077 2253 neque
1103 2169 1227 2254 signum
1252 2169 1367 2253 ipsum,

319 2297 377 2338 nec
397 2294 464 2336 rem
486 2272 662 2357 signatam
683 2294 775 2356 aeque
793 2271 1007 2335 eucharistiam
1020 2273 1097 2354 fieri
1116 2271 1203 2356 apud
1221 2271 1289 2335 illes
1308 2294 1368 2335 cm·

318 2378 392 2441 nino
409 2397 509 2461 posse.
554 2374 684 2438 Etenim
713 2375 852 2439 affirmat
877 2374 1066 2438 Harduinus
1091 2375 1133 2439 ad
1159 2375 1308 2451 Concilio,
1335 2374 1368 2438 in

319 2479 434 2564 quibus
456 2478 524 2541 haec
546 2484 637 2543 extat
659 2478 764 2554 lectio,
780 2478 914 2541 eandem
937 2476 969 2539 in
991 2477 1088 2540 MSto
1110 2476 1281 2541 Societatis
1302 2499 1368 2542 suae

319 2582 451 2666 aliisque
473 2580 602 2664 optimae
626 2589 711 2644 notae
734 2580 890 2664 praestari.
936 2580 1028 2660 Quod
1051 2579 1292 2654 cl.Maranu1n,
1316 2603 1369 2665 pe·

318 2685 409 2749 rinde
430 2706 469 2748 ac
489 2683 662 2759 Boluzium,
678 2683 814 2747 fortasse
836 2684 972 2767 fugerat,
989 2683 1054 2766 qui,
1069 2705 1140 2746 oum
1159 2680 1308 2748 Baluzius
1327 2707 1368 2748 ex

319 2785 504 2850 Corbeiensi
518 2785 624 2858 verba,
642 2785 728 2848 olco'
715 2806 749 2847 cc
763 2808 784 2848 a
786 2784 861 2848 ltcrc'
875 2786 1068 2868 candificata
1081 2785 1284 2862 subdidisset,
1299 2786 1368 2851 haec

318 2889 446 2975 scripsit
460 2888 492 2951 in
509 2888 603 2952 Praei.
619 2888 660 2952 ad
676 2888 826 2972 Cypriani
840 2889 889 2951 ed.
902 2888 1065 2952 Benedict.
1081 2911 1112 2973 p.
1125 2887 1214 2952 xix!
1217 2889 1369 2974 ‘Optime

319 2992 440 3056 “huno
461 2991 564 3054 locum
587 2990 766 3054 emendavit
790 2990 946 3066 Baluzius,
962 3012 1021 3075 pro
1042 3013 1080 3054 eo
1100 2992 1184 3075 quod
1202 2991 1369 3076 legebatur

320 3103 340 3131 “
355 3095 388 3158 in
407 3094 548 3178 antiquis
567 3094 770 3171 editionibus,
786 3094 914 3157 etcum
900 3116 935 3157 aa
953 3094 1050 3158 altari
1070 3095 1298 3178 mndificctum,
1320 3093 1368 3158 vel

320 3196 441 3280 “apud
457 3195 625 3258 erasmum
640 3205 674 3258 et
691 3192 866 3258 Pamelium
881 3195 1021 3259 liberiori
1036 3199 1231 3280 conjectura,
1246 3195 1366 3259 maa-

320 3305 340 3334 “
354 3299 454 3375 noio,
467 3307 494 3361 ct
508 3299 587 3360 accde
601 3296 747 3382 baptizati
761 3306 917 3380 enecatur
930 3296 1024 3359 oleum
1038 3296 1072 3360 ic
1086 3297 1184 3360 alteri
1197 3297 1368 3382 sanetifica-

319 3410 340 3440 “
356 3411 417 3465 tar.
462 3400 566 3463 Porro
594 3400 623 3463 id
657 3422 722 3463 non
750 3400 829 3462 dicit
854 3398 1034 3484 Cyprianus
1063 3400 1147 3482 quod
1176 3399 1218 3462 ab
1247 3421 1285 3461 eo
1310 3418 1369 3481 per

318 3504 577 3588 “metaphoram
598 3503 718 3566 dictum
738 3502 924 3567 existimant
946 3501 1104 3586 Rigaltius
1125 3509 1158 3565 et
1180 3500 1297 3575 Fellus,
1314 3522 1367 3562 eu·

318 3616 340 3645 “
356 3605 540 3670 charistiam
566 3628 634 3669 esse
664 3604 777 3679 oleum,
805 3627 868 3688 quo
894 3612 1067 3689 unguntur,
1094 3605 1149 3666 scd
1178 3603 1285 3688 petius
1314 3624 1367 3665 eu·

320 3719 340 3748 “
355 3709 539 3774 charistiam
559 3730 627 3772 esse
648 3708 681 3771 id
701 3709 784 3771 unde
804 3708 919 3786 oleum,
935 3730 998 3791 quo
1018 3708 1172 3793 baptizati
1194 3716 1367 3793 unguntur,

320 3810 638 3875 “sanctificationem
661 3810 799 3881 deducit,
823 3810 898 3893 quia
920 3810 1065 3874 videlicet
1088 3810 1192 3873 oleum
1216 3810 1248 3872 in
1272 3807 1367 3874 altari

319 3913 615 3978 “sanctificabatur
640 3913 724 3976 inter
754 3913 839 3996 ipsas
869 3912 1013 3976 sacrificii
1040 3914 1180 3997 preces.''
1229 3912 1280 3975 Sic
1306 3912 1366 3976 ille.

320 4016 412 4080 Nunc
435 4015 525 4079 video
547 4014 703 4099 recepisse
725 4014 892 4077 lectionem
914 4013 1136 4078 Erasmianam
1159 4014 1192 4077 in
1215 4035 1367 4099 nuperum

318 4140 409 4182 suam
424 4116 596 4182 editionem
612 4116 760 4202 Cypriani
776 4117 813 4180 cl.
830 4116 995 4181 Goldhorn
1012 4117 1100 4201 Lips.
1120 4116 1211 4200 1838.
1302 4165 1304 4168 <

364 4222 403 4284 P.
422 4240 493 4282 110.
513 4219 534 4282 l.
554 4240 583 4303 9.
607 4219 667 4282 olei
690 4217 886 4304 creaturam]
912 4219 1062 4295 irenaeus,
1085 4227 1257 4282 erecturam
1272 4216 1369 4300 pant)

317 4321 512 4388 monetat
536 4331 564 4385 et
591 4321 705 4386 calicis.
732 4321 785 4385 lib.
809 4321 849 4384 iv.
875 4343 901 4385 c.
928 4338 980 4407 32.
1009 4317 1131 4385 Iterum
1156 4318 1210 4383 lib.
1233 4342 1261 4382 v.
1286 4340 1313 4382 c.
1339 4338 1366 4381 2.

319 4425 507 4489 Mansuete.

364 4527 446 4590 lbid.
468 4525 488 4588 l.
512 4543 561 4603 14.
584 4545 643 4587 aon
665 4525 774 4612 capet]
803 4524 950 4604 Quatuor
974 4523 1047 4586 libri
1073 4529 1206 4598 veteres,
1229 4543 1288 4585 cccc
1311 4522 1368 4585 im·

310 4630 449 4717 pinquet.
505 4627 666 4690 Pamelius
694 4627 742 4691 ait
771 4634 916 4691 sanctum
946 4624 1170 4710 Augustinum,
1200 4624 1254 4710 qui
1283 4646 1368 4708 saepe
