3700 5667
393 664 437 729 60
730 662 1106 727 ANNOTATIONES

394 833 429 895 in
458 829 604 894 catholica
633 828 753 891 ecclesia
780 849 839 891 csse
867 826 979 891 daborc.
1034 827 1100 891 Ubi
1131 828 1262 892 ecclesia
1288 828 1447 892 catholica

394 931 575 1017 specialiter
588 931 768 1015 appellatur
783 930 941 1005 Romana,
955 950 993 992 oo
1008 930 1092 1014 quod
1111 930 1203 993 radix
1218 931 1261 994 sit
1276 936 1311 994 et
1325 930 1447 994 matrix

394 1034 533 1098 ecclesian
552 1032 727 1107 catholicae,
748 1040 783 1096 at
805 1032 852 1096 ait
875 1031 1052 1115 Cyprianus
1075 1031 1108 1095 in
1131 1031 1279 1116 Epistola
1300 1032 1342 1095 ad
1367 1032 1446 1094 Cor-

393 1133 519 1196 nelium.
565 1132 617 1195 Sic
632 1130 821 1195 catholicam
837 1130 1001 1195 ecclesiam
1021 1132 1105 1195 idem
1121 1131 1298 1217 Cyprianus
1317 1131 1350 1194 iu
1366 1130 1445 1216 Epi-

394 1233 478 1298 stola
492 1234 534 1297 ad
550 1233 771 1296 Antonianum
795 1233 886 1295 initio
901 1240 994 1296 vocat
1010 1233 1198 1309 Romanam,
1218 1243 1252 1297 ut
1263 1233 1334 1316 jem
1355 1233 1447 1296 sciret

394 1345 539 1411 tesceiam,
550 1334 1261 1409 loccst,cnmcctloliccecclcsicoommaaiccrc.
1278 1335 1443 1401 Vaaasrus.

396 1438 452 1502 Ita
465 1438 602 1521 probata
616 1460 653 1501 ac
676 1436 863 1521 pervulgata
878 1443 948 1500 erat
970 1436 1039 1500 haec
1061 1437 1179 1522 regula,
1195 1445 1233 1500 ut
1247 1434 1445 1499 confessores

394 1539 437 1601 ad
455 1537 618 1601 ecclesiam
638 1538 807 1601 redeuntes
822 1537 854 1599 in
878 1537 1032 1621 superiori
1048 1538 1195 1622 Epistola
1211 1539 1251 1601 vi.
1269 1560 1300 1601 n.
1312 1555 1341 1601 2.
1358 1537 1445 1601 illam

395 1652 560 1723 tamquam
586 1661 653 1702 rom
683 1639 828 1702 omnibus
854 1647 975 1715 uotam,
1005 1649 1038 1702 ot
1067 1662 1163 1723 quam
1192 1641 1269 1703 nulli
1299 1640 1446 1723 ignorare

395 1740 502 1815 liceat,
518 1739 738 1824 profiteantur.
775 1740 826 1802 Sic
841 1748 874 1802 et
891 1741 1070 1824 Cyprianus
1085 1742 1118 1804 iu
1133 1749 1285 1826 sequente
1298 1741 1446 1825 Epistola

394 1840 437 1904 ad
461 1840 680 1904 Antonianum
705 1863 735 1902 n.
752 1859 782 1922 7.
805 1841 858 1904 ubi
883 1841 1065 1904 Comolium
1094 1841 1235 1927 legitime
1261 1843 1445 1906 ordinatum

393 1963 463 2005 esse
485 1942 593 2005 multis
621 1943 778 2027 probavit,
808 1943 900 2007 addit
930 1944 1075 2007 demum:
1118 1945 1193 2007 Cam
1211 1954 1282 2027 post
1303 1946 1446 2028 primm

392 2044 538 2107 ascarides
560 2066 619 2107 csse
640 2066 699 2108 nou
716 2045 823 2129 possit,
846 2045 981 2129 quisq-aia
998 2054 1067 2128 post
1090 2066 1183 2107 crima
1206 2046 1260 2129 qai
1284 2045 1363 2108 soles
1388 2067 1446 2109 csse

394 2144 498 2208 debeat
512 2147 620 2229 scetus
639 2157 690 2221 cst,
704 2167 763 2207 rica
776 2145 848 2228 jem
868 2146 1014 2209 semla-dus
1028 2146 1088 2218 illc,
1104 2146 1157 2209 scd
1173 2146 1275 2209 nullus
1289 2158 1339 2210 est.
1362 2146 1445 2210 Cou-

395 2268 502 2309 sranr.
558 2246 606 2309 At
635 2268 710 2309 vcro
739 2267 833 2309 sensu
857 2247 1007 2330 peculiari
1033 2270 1071 2309 ac
1098 2247 1227 2332 proprio
1256 2249 1445 2313 catholicam

394 2347 558 2411 ecclesiam
570 2346 735 2422 nominari,
748 2347 780 2409 iu
790 2347 943 2411 Romanae
956 2347 1094 2412 ecclesiae
1107 2371 1169 2412 non
1179 2350 1370 2415 attributum
1383 2362 1444 2417 est.

397 2448 526 2513 Etenim
542 2447 648 2532 palam
662 2454 721 2524 est,
737 2448 887 2532 antiquos
902 2456 1010 2533 patres
1024 2450 1102 2512 alias
1117 2458 1272 2534 praeterea
1287 2451 1444 2528 ecclesias,

397 2572 593 2635 quaecunque
616 2571 687 2613 cum
712 2550 869 2615 catholica
891 2553 1017 2615 unitate
1042 2573 1130 2615 nexae
1153 2551 1227 2626 sint,
1251 2552 1311 2615 hac
1338 2552 1446 2637 appel·

396 2652 515 2716 latione
535 2652 620 2715 nulla
636 2652 723 2715 facta
743 2652 947 2716 distinctione
971 2654 1093 2738 dignari
1118 2654 1235 2716 solitos.
1260 2654 1330 2716 vid.
1347 2676 1446 2738 supra

394 2753 515 2817 netad
530 2753 616 2815 ccccl.
633 2752 767 2815 Corneli-i
775 2753 874 2837 Epist.
893 2776 923 2838 p.
935 2776 987 2834 44.
1020 2754 1183 2838 Nusquam
1200 2754 1247 2819 ait
1256 2753 1445 2838 Cyprianus,

397 2876 499 2938 neque
521 2854 657 2917 fortasse
679 2853 740 2916 hoc
763 2855 802 2916 de
819 2854 978 2939 Cypriane
1000 2857 1139 2919 affirmat
1155 2856 1313 2931 Valesius,
1329 2857 1447 2920 Roma-

398 2977 473 3019 nam
492 2955 681 3018 catholicam
702 2956 865 3018 ecclesiam
887 2957 1053 3041 appellari,
1070 2958 1207 3041 eoquod
1230 2956 1322 3020 radix
1346 2956 1389 3020 sit
1412 2965 1447 3025 et

393 3058 511 3122 matrix
526 3057 665 3121 ecclesiae
680 3056 853 3120 catholicae.

439 3161 476 3221 P.
492 3178 542 3242 23.
557 3158 579 3221 l.
598 3179 645 3238 14,
668 3157 890 3239 πρεσβυτέρους
911 3157 988 3222 εἶναι
1006 3158 1080 3243 pist]
1109 3160 1159 3221 Ex
1178 3158 1238 3221 hoo
1254 3159 1324 3222 loco
1339 3160 1444 3245 colligi

392 3267 510 3344 potest,
537 3268 616 3343 quot
640 3259 788 3322 basilicas
819 3266 896 3323 tunc
925 3260 1036 3323 Romae
1066 3260 1236 3323 habuerint
1262 3260 1444 3325 Christiani.

393 3362 472 3427 Cum
488 3361 571 3425 enim
592 3361 705 3445 singuli
726 3361 904 3446 presbyteri
919 3382 994 3423 suas
1012 3370 1159 3445 regerent
1178 3361 1334 3437 basilicas,
1350 3362 1376 3424 si
1391 3365 1444 3440 46.

392 3462 521 3527 luerunt
543 3462 730 3547 presbyteri,
749 3463 884 3528 totidem
908 3461 1053 3526 basilicas
1075 3462 1171 3524 luisse
1193 3462 1361 3525 dicendum
1383 3471 1444 3529 est.

394 3564 488 3629 Certe
504 3563 645 3648 Optatus
659 3563 691 3625 in
708 3564 759 3626 lib.
773 3564 805 3627 ii.
822 3564 932 3627 Romae
948 3584 1000 3640 40.
1022 3561 1205 3646 etamplius
1228 3561 1324 3626 fuisse
1345 3570 1445 3628 testa·

393 3672 447 3729 tur
468 3664 615 3727 basilicas
637 3663 697 3727 sub
716 3671 862 3749 tempora
882 3664 1110 3748 persecutionis
1125 3664 1324 3728 Diocletiani.
1373 3666 1447 3727 Non

393 3765 485 3839 enim,
500 3764 613 3846 inquit,
627 3786 700 3848 pren
715 3773 770 3826 act
781 3765 915 3849 populus
932 3767 1110 3851 appellandi
1121 3767 1253 3848 sacrent
1267 3766 1376 3850 ponci,
1391 3766 1447 3850 qui

392 3864 474 3927 inte-r
487 3884 538 3943 40.
555 3873 584 3927 ct
598 3864 679 3948 qnod
696 3866 829 3928 ercrcraer't
851 3865 1003 3943 basilicas,
1019 3868 1112 3931 locam
1128 3866 1180 3930 cli
1200 3868 1367 3951 colliycrcnt
1385 3889 1446 3931 rica

392 3964 547 4029 hebetent.
593 3964 661 4027 Ubi
681 3965 822 4048 Optatus
846 3966 987 4051 loquitur
1010 3970 1050 4033 de
1075 3969 1222 4046 basilicis,
1243 3990 1314 4052 quae
1332 3968 1445 4032 Romae

392 4075 485 4131 erant
507 4074 652 4151 tempore
674 4067 902 4151 persecutionis
924 4068 1127 4145 Diocletiani,
1142 4069 1174 4132 id
1195 4075 1256 4145 est,
1273 4068 1365 4133 anuis
1386 4069 1446 4132 cir-

392 4168 472 4232 citer
498 4167 729 4252 quinquaginta
758 4176 831 4251 post
860 4168 1027 4253 epistolam
1059 4170 1196 4233 Cornelii
1224 4169 1323 4253 Papae
1335 4194 1344 4244 ;
1382 4190 1446 4232 nou

391 4278 501 4332 autem
517 4270 557 4331 de
575 4268 714 4332 basilicis
730 4290 800 4352 quae
817 4270 927 4333 Romae
943 4279 1036 4332 erant
1051 4292 1109 4333 sua
1123 4278 1233 4346 aetate,
1249 4270 1281 4332 id
1297 4277 1347 4333 ost
1361 4291 1447 4334 anno

393 4368 515 4432 Christi
534 4371 612 4452 378.
637 4375 674 4433 ut
697 4370 824 4455 scripsit
844 4370 1027 4435 Blondellus
1048 4371 1080 4434 in
1102 4372 1263 4457 Apologia
1284 4393 1342 4456 pro
1367 4371 1444 4436 Hie·

392 4491 525 4553 ronymo
547 4490 620 4553 pag.
634 4488 708 4553 223.
754 4471 833 4534 Vide
852 4472 1025 4536 Baronium
1047 4474 1089 4536 ad
1111 4494 1232 4537 annum
1248 4473 1370 4536 Christi
1390 4490 1445 4557 57.

393 4591 486 4654 quem
510 4567 631 4633 frustra
654 4570 796 4635 refellere
819 4582 955 4638 conatur
975 4573 1159 4637 Blondellus
1182 4574 1214 4636 in
1241 4574 1322 4636 libro
1348 4594 1447 4658 supra
