3700 5667
493 654 559 717 234
842 650 1192 717 ANNOTATIONES

493 849 564 891 rum
586 828 729 891 codicum
752 827 952 893 bibliothecae
975 828 1183 903 Ooislinianae‚
1203 827 1267 890 sive
1291 826 1544 909 sangermanen-

493 930 545 1003 sis,
571 953 628 1014 per
654 931 789 994 amicum
816 931 947 995 Parisiis
974 930 1228 1015 peregrinantem
1253 926 1328 988 mihi
1355 946 1544 1008 comparare

492 1032 592 1109 licuit,
609 1032 662 1116 qui
684 1033 811 1116 quidem
832 1034 955 1097 codices
976 1032 1113 1095 numeris
1134 1048 1185 1116 37.
1202 1038 1235 1093 et
1255 1048 1323 1092 ιιι.
1345 1027 1377 1089 in
1400 1027 1544 1111 Catalopo

494 1135 727 1199 Montfauconii
751 1135 891 1220 insigniti
918 1144 1001 1198 sunt.
1049 1135 1164 1197 Adhuc
1188 1155 1247 1216 ope
1272 1130 1366 1193 unius
1393 1130 1432 1192 de
1454 1129 1542 1193 codi-

492 1236 580 1299 cibus
610 1237 802 1313 Bodleianie,
831 1247 900 1301 tum
930 1238 1067 1300 maximo
1097 1258 1153 1320 per
1185 1233 1345 1315 Spaopeni,
1377 1232 1409 1295 in
1440 1252 1540 1316 quam

492 1339 619 1422 scripsit
635 1339 762 1401 Scholia
777 1339 910 1401 Alexius
927 1340 1107 1410 Aristenus‚
1119 1342 1187 1421 jam
1203 1338 1233 1398 in
1250 1334 1401 1417 §paedico
1414 1334 1541 1396 Bceero·

489 1441 581 1523 piano
597 1441 727 1514 editam,
738 1440 798 1502 hoc
814 1462 938 1524 quoque
953 1442 1084 1504 edoctus
1099 1462 1178 1516 sum,
1194 1438 1279 1501 haud
1294 1438 1452 1521 integram
1467 1458 1541 1499 oen·

493 1541 553 1604 seri
580 1542 695 1605 debore
722 1541 817 1614 illam,
846 1542 886 1604 do
913 1564 977 1625 qun
1002 1543 1125 1622 agirnns
1151 1539 1327 1624 epistolam.
1374 1538 1427 1601 Ita
1455 1536 1540 1600 enim

492 1642 605 1706 titulus
631 1642 698 1725 ejus
725 1665 758 1705 se
784 1643 882 1705 habet
907 1643 939 1704 in
964 1644 1072 1707 codice
1096 1640 1309 1705 vetustissimo
1333 1661 1463 1702 numero
1486 1640 1538 1702 86.

491 1743 575 1807 inter
587 1744 790 1807 Boroceionea
805 1752 938 1821 notato;
955 1750 1018 1807 Τοῦ
1031 1746 1174 1824 μακαρίου
1187 1745 1336 1806 διοαυσίου
1351 1743 1436 1805 ardna
1450 1743 1539 1820 ἆλεξ·

492 1848 637 1927 ανδρείας,
655 1849 688 1908 ἐκ
706 1850 757 1923 τῆς
773 1846 846 1925 πρὸς
860 1837 1040 1924 βασιλειδὴι)
1055 1848 1216 1922 ἐπιστολῆς
1233 1845 1299 1925 περὶ
1314 1849 1365 1906 τοῦ
1383 1845 1437 1905 διο.
1475 1845 1539 1906 At-

492 1949 663 2032 quostiam
680 1948 821 2032 apertius
838 1948 923 2011 istud
940 1949 971 2010 in
988 1949 1119 2032 synopsi
1133 1948 1324 2020 declaratur,
1335 1945 1449 2029 quippe
1465 1967 1539 2008 cum

491 2058 683 2114 memoretur
697 2049 729 2113 in
752 2072 790 2114 ea
812 2050 892 2113 alius
915 2051 1044 2134 quidam
1066 2073 1167 2113 canon
1189 2057 1307 2133 praeter
1326 2048 1396 2111 illos
1417 2048 1450 2110 in
1471 2046 1538 2131 epi·

490 2151 573 2215 stola
594 2174 677 2215 nunc
700 2160 857 2216 extantes.
896 2154 950 2215 Ad
973 2161 1098 2217 textum
1120 2153 1256 2236 denique
1279 2152 1364 2235 quod
1386 2149 1537 2235 pertinet,

490 2252 591 2336 ipsum
616 2253 656 2316 ad
684 2254 854 2316 editionem
879 2255 1080 2317 Consiliorum
1105 2255 1314 2326 Harduinam,
1339 2274 1432 2337 quam
1458 2251 1537 2314 nihil

489 2354 554 2417 fere
584 2354 817 2439 discrepantem
847 2354 879 2418 in
909 2355 959 2419 his
988 2356 1162 2419 canonibus
1190 2355 1293 2418 inveni
1323 2379 1341 2418 a
1367 2353 1538 2417 novissima

490 2454 629 2518 editione
664 2456 844 2533 Mansiena,
879 2457 1119 2540 exprimendum
1153 2479 1222 2519 esse
1255 2456 1373 2531 curavi,
1403 2455 1468 2530 sed,
1498 2470 1537 2519 ut

489 2554 618 2632 videbis,
639 2565 768 2620 auctum
792 2566 825 2621 et
849 2559 1064 2621 emendatum,
1112 2560 1238 2621 Primus
1261 2558 1400 2621 omnium
1424 2556 1537 2620 Graece

488 2657 588 2722 edidit
607 2661 770 2744 Epistolae
789 2661 968 2724 Canonicas
993 2661 1117 2724 Fronto
1138 2661 1287 2736 Duooeus,
1302 2660 1389 2744 prius
1409 2659 1536 2742 quidem

487 2781 560 2822 cum
582 2761 776 2825 Balsamoaie
800 2765 1018 2826 Connneatorio
1042 2764 1173 2827 Parisiis
1197 2785 1281 2827 anno
1306 2765 1398 2837 1620,
1421 2762 1536 2827 deinde

487 2860 603 2925 ibidem
630 2885 714 2926 anno
744 2867 835 2939 1622,
859 2887 930 2928 cum
959 2867 1092 2929 Zonaroe
1121 2866 1175 2928 illo
1201 2866 1396 2948 conjunctas.
1442 2864 1536 2928 Post-

487 2983 583 3044 quam
606 2985 679 3026 vero
703 2987 723 3026 a
749 2985 799 3026 me
823 2965 910 3027 edita
934 2966 1039 3029 fuerat
1064 2966 1131 3030 haec
1156 2966 1300 3049 Dionysii
1326 2965 1470 3049 epistola,
1494 2988 1534 3029 en

485 3060 566 3125 Iiber
580 3085 619 3125 cx
635 3064 807 3127 Germania
821 3074 966 3129 recenter
980 3068 1132 3131 advectus
1146 3068 1223 3130 mihi
1239 3067 1364 3152 obtigit,
1381 3068 1433 3151 qui
1449 3090 1534 3131 anno

486 3163 588 3246 primo
606 3165 707 3229 nostri
729 3167 835 3231 saeculi
853 3167 968 3252 Lipsiae
989 3170 1162 3253 prodierat,
1178 3170 1262 3233 huno
1286 3191 1351 3254 pne
1374 3192 1408 3233 ee
1430 3169 1534 3233 ferens

485 3263 624 3339 titulum,
636 3267 690 3330 sed
705 3268 935 3346 abbreviatum,
948 3276 1102 3349 Πηδαλιον
1117 3297 1168 3349 της
1184 3298 1287 3351 coarat·
1302 3279 1389 3342 Nece,
1405 3296 1453 3349 της
1465 3297 1534 3349 μιας

485 3391 544 3430 των
573 3368 740 3448 ὀρθοδοξων
769 3374 938 3450 ἐκκλησιας,
971 3373 1035 3450 ἠτοι
1065 3376 1195 3454 &nemer
1223 3376 1253 3436 οἱ
1283 3376 1354 3453 apoc
1378 3396 1425 3434 και
1452 3375 1532 3451 ἅγιοι

485 3492 608 3535 xenones
630 3497 689 3534 rav
712 3497 744 3536 τε
763 3471 971 3547 Ἀποστολωα,
988 3499 1047 3536 των
1069 3478 1290 3553 Οἰκουμενιιιων
1310 3478 1456 3546 maome,
1472 3498 1532 3536 των

483 3594 621 3648 τοπικων,
639 3599 686 3635 και
704 3600 763 3638 των
782 3602 855 3639 κατα
877 3601 967 3657 μεροι
986 3582 1086 3640 Θειων
1110 3583 1263 3658 Πατεριον,
1278 3576 1455 3654 Ἑλληνιστι
1475 3602 1532 3653 μεν

484 3698 574 3753 χαριν
593 3677 777 3753 &frenamus
797 3682 988 3758 ἐκτιθεμενοι,
1006 3684 1054 3742 δια
1073 3684 1105 3741 δε
1123 3705 1175 3758 της
1195 3680 1259 3743 καθ’
1273 3680 1347 3757 ἡμας
1365 3703 1532 3756 κοινοτερας

484 3776 640 3838 ὃιαλεκτου
666 3802 738 3856 προς
769 3789 940 3860 καταληψια
967 3807 1027 3843 των
1050 3785 1264 3863 ἁπλουστερων
1292 3783 1530 3861 ἑρμηνευομευοι,

486 3897 567 3955 παρα
580 3874 727 3957 Ἀγαπιου
751 3883 948 3964 ἶερομοναχου
971 3909 1019 3945 και
1042 3888 1210 3963 Νικοδημου
1231 3909 1375 3966 μοναχου,
1393 3908 1441 3945 και
1461 3885 1533 3946 ἀνα-

483 3981 631 4055 κριθεατες
647 3980 694 4041 καὶ
709 3984 918 4059 διορθωθεντες
933 4009 1014 4063 παρα
1028 4009 1079 4047 του
1095 3995 1272 4066 σοφατατου
1288 3990 1469 4048 διδασκαλου
1484 3985 1531 4047 καὶ

483 4079 668 4160 ἱεροκηρακος
684 4088 852 4162 Δωροθεου.
896 4085 991 4149 Hane
1006 4087 1171 4150 Oanonum
1194 4088 1353 4172 Syllogen,
1369 4109 1439 4170 qum
1459 4108 1532 4150 aue-

482 4181 616 4246 toritate
639 4185 744 4248 Sacrae
764 4186 895 4270 Synodi‚
910 4196 1008 4272 atque
1028 4189 1179 4272 impensis
1197 4191 1423 4254 monachorum
1440 4189 1532 4252 Atho

482 4284 600 4347 montis
619 4285 708 4349 edita
728 4298 788 4363 est,
807 4310 890 4352 nunc
913 4290 1061 4374 deinceps
1083 4292 1266 4376 frequenter
1287 4291 1415 4366 adduxi,
1435 4300 1469 4356 et
1491 4292 1531 4354 de

482 4402 602 4447 canone
620 4385 728 4448 XIII.
744 4389 908 4472 Ancyram
925 4391 1057 4455 Concilii
1072 4391 1206 4456 feliciter
1219 4392 1379 4477 appellare
1395 4390 1494 4476 potui.

526 4483 562 4545 P.
582 4504 653 4568 223.
671 4487 692 4548 l.
716 4508 738 4551 ι.
756 4495 808 4551 τοῦ
826 4495 983 4572 Μακαρίαν
998 4493 1055 4556 &a
1073 4496 1105 4556 ἐκ
1123 4499 1174 4571 τῆς
1189 4494 1251 4580 810]
1270 4495 1366 4558 Hunc
1380 4494 1529 4568 indicem,

482 4605 548 4665 prae
564 4587 632 4648 aliis
648 4589 741 4671 hujus
756 4590 898 4673 epistolae
914 4593 1025 4665 titulis,
1042 4616 1081 4656 ex
1100 4594 1293 4659 Barocoiano
1313 4594 1420 4659 codiee
1435 4593 1528 4657 modo
