3700 5667
502 660 569 720 266
836 652 1215 719 ANNOTATIONES

502 826 632 884 sanctus
657 819 772 904 praesul
800 815 1077 894 Neocaesariensis,
1103 840 1164 902 quo
1190 838 1300 882 eornm
1329 817 1424 883 saluti
1449 818 1557 885 bonus

501 932 615 1004 pastor
629 921 841 1006 prospiceret:
864 922 903 984 de
926 919 1040 1004 quibus
1060 920 1093 982 in
1113 919 1255 983 Concilio
1277 920 1464 999 Quiuisexto
1482 923 1555 986 haec

501 1023 624 1087 sanctio
639 1023 736 1085 edita.
781 1021 859 1085 (lan.
879 1022 929 1085 11.
949 1018 1146 1104 Obsigaomas
1160 1019 1289 1103 reliquos
1303 1041 1401 1084 maes
1417 1043 1555 1098 conam,

500 1125 555 1209 qai
570 1144 593 1186 a
608 1123 721 1187 mactis
735 1131 763 1186 et
781 1117 875 1186 dentis
890 1121 1001 1185 nostrat
1014 1119 1165 1185 Patribus
1182 1122 1307 1206 eepesiti
1322 1133 1402 1196 suat,
1416 1123 1454 1186 id
1465 1132 1553 1186 est-

506 1224 650 1309 Grepocii
675 1223 880 1286 choesareae
905 1222 1035 1307 episcopi
1062 1222 1292 1307 lltoamctarqi
1318 1224 1375 1286 &a
1405 1225 1552 1288 Gennan-

501 1348 570 1387 nrus
585 1325 617 1387 in
634 1322 880 1408 Prolegomenis.
907 1324 1005 1386 Hanc
1019 1345 1079 1407 ego
1094 1323 1273 1407 epistolam,
1282 1325 1357 1386 dum
1372 1325 1470 1389 affero
1483 1348 1551 1389 om·

501 1427 555 1490 nin
576 1426 614 1488 ad
633 1446 700 1488 rem
716 1423 899 1488 canonicam
915 1423 1220 1488 Ante-Nicanorum
1237 1425 1442 1508 pertinentia,
1456 1449 1552 1512 prop-

501 1534 553 1591 ter
567 1525 724 1611 publicam
740 1525 808 1609 ejus
827 1525 1053 1589 auctoritatem
1070 1525 1243 1610 separatim
1263 1528 1305 1591 ab
1319 1528 1389 1592 aliis
1405 1528 1551 1613 Gregorii

501 1630 649 1714 operibus
672 1628 827 1691 edendam
850 1627 969 1690 curavi.
1015 1627 1138 1690 Eadem
1163 1628 1264 1692 sancti
1287 1629 1389 1713 patris
1414 1629 1552 1714 epistola

501 1753 573 1795 cum
596 1751 749 1793 consensu
771 1728 905 1792 aliorum
927 1728 1158 1812 episcoporum,
1175 1737 1232 1793 aut
1254 1729 1368 1794 saltem
1390 1730 1464 1795 cleri
1487 1731 1549 1806 sui,

499 1831 577 1894 mihi
592 1831 719 1916 quidem
734 1831 854 1915 scripta
868 1830 965 1894 fuisse
980 1830 1119 1907 videtur,
1135 1852 1198 1894 non
1219 1838 1346 1895 tantum
1360 1854 1430 1909 suo,
1444 1834 1499 1896 sed
1516 1841 1552 1897 et

500 1954 639 2006 suorum,
663 1931 789 1996 nomine
812 1931 937 1995 dictata
949 1955 958 2006 ;
987 1932 1071 2015 qnod
1096 1930 1223 2015 quidem
1249 1953 1290 1995 ex
1310 1950 1368 1995 usu
1392 1931 1551 2017 frequenti

500 2034 622 2098 numeri
637 2033 768 2119 pluralis
785 2033 944 2117 praecipue
959 2031 990 2095 in
1011 2032 1184 2096 canonibus
1202 2033 1314 2117 quinto
1333 2039 1367 2097 et
1384 2041 1476 2097 sexto
1493 2056 1550 2118 ap·

500 2143 612 2220 paret;
636 2134 698 2200 etsi
712 2134 798 2198 haud
814 2134 944 2219 perinde
959 2155 997 2197 ac
1013 2134 1165 2219 Cypriani
1179 2135 1302 2219 aliquot
1313 2135 1466 2220 epistolae,
1477 2157 1550 2198 auc·

501 2238 635 2301 toritate
649 2235 771 2301 concilii
789 2235 964 2313 fruebatur,
981 2235 1013 2298 id
1029 2236 1113 2319 quod
1135 2258 1175 2299 ex
1197 2237 1333 2320 septimo
1354 2259 1474 2302 canone
1494 2258 1550 2322 pa·

500 2337 565 2400 lam
587 2349 646 2401 est.
692 2337 821 2400 Monuit
843 2345 949 2400 autem
973 2337 1021 2400 vir
1043 2336 1080 2400 cl.
1095 2336 1192 2401 Joan.
1207 2337 1394 2402 Johnsonus
1416 2338 1449 2401 in
1469 2360 1550 2422 prae·

500 2437 586 2502 clara
605 2460 663 2502 sua
681 2438 800 2502 Codicis
821 2440 977 2502 Cononem
996 2437 1146 2502 Ecclesiae
1165 2440 1306 2524 δμῳαί,
1322 2443 1468 2512 κυκλικὸν,
1484 2437 1551 2503 sive

494 2538 646 2626 publicas,
659 2540 717 2603 has
732 2539 841 2603 literas
856 2539 962 2617 fuisse,
975 2562 995 2604 a
1010 2539 1168 2624 Gregorio
1182 2542 1224 2604 ad
1239 2541 1378 2625 singulos
1392 2548 1425 2605 et
1440 2561 1550 2604 omnes

500 2641 669 2727 provinciae
692 2663 758 2705 suae
780 2641 945 2727 episcopos
966 2663 1024 2725 per
1044 2641 1288 2726 Euphrosynnm
1310 2641 1433 2718 missas,
1455 2663 1550 2726 quem

500 2744 533 2806 in
548 2765 666 2806 canone
682 2743 794 2827 quinto
809 2744 1007 2824 ονγγέροντα,
1019 2741 1085 2806 sive
1099 2743 1253 2827 aequalem
1269 2751 1371 2808 vocat.
1394 2743 1550 2808 Ἀπεστεί-

499 2843 597 2922 λαμέν
612 2869 659 2923 γε,
674 2843 786 2927 inquit,
803 2843 856 2907 τὸν
871 2843 1007 2925 ἀδελφὸν
1022 2844 1071 2907 καὶ
1086 2845 1274 2926 σνγγέροντα
1288 2846 1486 2926 stomaco
1500 2848 1549 2909 ou

500 2948 594 3016 ταῦτα
607 2944 680 3024 πρὸς
694 2947 776 3023 ὑμᾶς.

545 3043 600 3106 Ad
622 3052 749 3128 tempus
771 3044 856 3127 quod
879 3044 999 3108 attinet
1021 3044 1204 3129 scriptionis
1226 3046 1379 3130 epistolae,
1402 3047 1463 3112 etsi
1485 3049 1550 3112 Go-

500 3145 631 3209 thorum
653 3152 687 3210 et
708 3146 908 3210 Boradorum
928 3144 1003 3222 sive,
1018 3155 1056 3210 ut
1073 3147 1219 3211 Zosimus
1239 3149 1326 3213 Hic.
1340 3147 1395 3213 lib.
1411 3148 1430 3212 i
1447 3172 1478 3234 p.
1497 3151 1548 3214 28.

498 3248 548 3311 ed.
572 3247 674 3312 Oxon.
696 3268 751 3312 eos
770 3247 924 3332 appellat,
941 3248 1143 3312 Boranorum
1164 3249 1300 3334 irruptio
1318 3249 1548 3334 imperantibus

501 3348 670 3415 Valeriano
691 3356 726 3414 et
744 3348 889 3414 Gallieno
911 3349 1000 3414 facta
1020 3358 1081 3425 est,
1100 3358 1210 3415 tamen
1230 3351 1317 3416 illam
1337 3352 1379 3416 ad
1399 3349 1545 3415 ultimum

499 3451 708 3516 barbarorum
728 3471 887 3516 recessum
908 3458 1017 3517 censet
1032 3453 1210 3537 Basnagius
1223 3451 1445 3518 retrahendam
1466 3474 1543 3530 esse,

498 3553 552 3637 qui
576 3576 661 3618 enno
684 3555 812 3617 demum
835 3553 956 3618 Christi
980 3557 1052 3621 262.
1069 3552 1206 3620 Gallieni
1228 3562 1337 3619 autem
1358 3554 1455 3618 solius
1475 3576 1545 3639 reg·

498 3653 606 3716 nantis
624 3654 732 3730 tertio,
747 3655 937 3739 contigerat.
969 3653 1054 3718 Vide
1074 3677 1146 3718 eum
1166 3655 1200 3718 in
1215 3653 1385 3720 Annalibus
1398 3655 1547 3720 Politice·

498 3752 610 3816 Eccles.
627 3761 705 3816 tom.
723 3754 744 3817 i.
758 3755 801 3818 ad
816 3777 869 3819 an.
890 3774 963 3834 240.
978 3777 1008 3839 p.
1024 3757 1099 3839 328.
1116 3764 1151 3820 et
1165 3777 1216 3819 an.
1234 3759 1306 3822 262.
1321 3779 1352 3841 p.
1366 3759 1440 3836 406.
1481 3758 1547 3823 Res

497 3851 530 3914 in
553 3852 650 3916 dubio
670 3874 739 3918 esse
759 3854 836 3918 mihi
852 3855 989 3932 videtur,
1004 3871 1177 3941 propterea
1191 3859 1276 3942 quod
1291 3859 1397 3942 plures
1413 3858 1452 3922 iis
1466 3867 1547 3924 tem·

497 3952 628 4037 poribus
649 3953 743 4019 luctae
765 3964 841 4020 sunt
862 3955 976 4020 harum
996 3958 1140 4042 gentium
1161 3958 1195 4022 in
1209 3959 1321 4023 Asiam
1343 3960 1548 4045 irruptiones,

497 4060 596 4138 atque
611 4057 783 4122 earundem
796 4079 837 4122 ex
851 4057 906 4122 illa
919 4058 1088 4124 discessus.
1132 4062 1237 4125 Lecta
1251 4069 1360 4124 autem
1369 4061 1472 4146 'digna
1486 4071 1545 4142 est,

497 4160 535 4217 ut
556 4156 603 4220 ait
625 4156 674 4220 vir
695 4157 778 4221 idem
799 4159 852 4237 ol.‚
866 4160 935 4224 hoee
957 4159 1100 4245 epistola,
1116 4182 1157 4225 ex
1178 4184 1242 4246 qua
1264 4162 1362 4227 cladis
1384 4186 1406 4228 a
1429 4163 1548 4228 Gothis

496 4254 594 4321 illatae
617 4258 803 4343 magnitudo
824 4259 1028 4344 intelligetur.
1075 4261 1120 4327 Et
1137 4262 1228 4327 video
1248 4264 1396 4328 Orosium
1416 4264 1450 4328 in
1465 4265 1547 4328 Hia-

496 4355 583 4419 teriis
603 4357 644 4421 de
664 4357 734 4423 istis
749 4360 930 4425 Gothorum
951 4360 1179 4448 irruptionibus
1200 4364 1390 4442 tradentem,
1408 4366 1545 4440 Gracia,

495 4456 692 4535 Macedonia,
715 4461 842 4533 Poetae,
867 4462 957 4538 Asia,
982 4463 1148 4529 Gothorum
1171 4464 1370 4529 inundatione
1394 4464 1543 4529 acuta.

495 4555 579 4620 Hm.
603 4557 657 4622 lib.
674 4559 724 4623 vii.
746 4582 777 4645 p.
791 4561 866 4645 518.
889 4563 940 4627 ed.
963 4565 1174 4650 Havereamp.
1222 4565 1344 4629 Verum
1366 4564 1502 4630 victores
1523 4585 1545 4628 a
