3700 5667
389 675 440 738 IN
464 676 496 739 S.
513 674 750 740 GREGORII
775 677 982 742 NEOCAES.
1000 679 1069 742 ΕΡ.
1087 680 1258 780 CANON.
1305 681 1369 748 273

323 844 383 924 γδρ
405 842 548 924 λέγονται
571 845 600 905 οἰ
622 843 691 919 υἰοί,
716 845 788 906 ὅταν
811 843 836 906 δ’
859 843 932 923 (for.
957 844 1008 926 δι’)
1033 846 1155 923 αἰτίαμα
1177 849 1228 924 τῆς
1250 852 1369 928 γονιττῆς

325 946 519 1024 κληρονομίας
534 944 752 1024 ἐκβάλλωνται,
770 947 818 1008 καί
832 946 1048 1026 ἀλλοτριῶνται
1062 951 1113 1024 τῆς
1127 950 1311 1029 συγγενείας.
1333 951 1367 1014 τδ

323 1047 356 1106 δέ
382 1047 416 1108 ἓν
442 1051 530 1131 καιρῷ
558 1052 722 1127 συμφορᾶς,
747 1048 819 1110 ὅταν
843 1046 986 1128 ἐθρήνουν
1011 1050 1040 1111 οἰ
1066 1050 1226 1129 ἄνθρωποι·
1257 1053 1286 1115 οἰ
1312 1054 1369 1131 μέν

323 1146 621 1227 αἰχμαλωτισθέντες·
645 1150 674 1210 οἱ
693 1149 726 1210 δέ
743 1151 792 1211 διὰ
809 1149 876 1214 τοδς
898 1150 1023 1216 οἰκείους
1039 1153 1080 1215 εἰς
1100 1153 1239 1214 δουλείαν
1260 1153 1368 1233 ἀγομέ-

323 1268 400 1312 νους·
424 1250 453 1310 οἰ
468 1249 500 1310 δέ
515 1251 563 1310 διὰ
578 1247 719 1328 στέρησιν
734 1249 923 1330 πραγμάτων·
946 1253 1098 1330 τολμῆσαί
1108 1276 1192 1318 τινος
1205 1252 1259 1314 τδν
1272 1259 1367 1317 τοιοῦ-

322 1370 375 1408 τον
389 1346 492 1427 καιρὸν
505 1350 689 1428 λογίσασθαι
704 1348 820 1429 κέρδους
837 1351 949 1431 καιρὸν,
966 1352 1090 1430 ἀσεβῶν
1105 1353 1189 1414 ἐστὶν
1204 1353 1368 1433 ἀνθρώπων

322 1449 370 1512 κοί
386 1455 564 1531 θεοστυγῶν·
584 1451 676 1532 ῆγουν
690 1452 747 1515 ῦπὸ
765 1456 848 1517 Θεοῦ
860 1454 1048 1534 μισουμένων
1064 1457 1112 1518 καὶ
1123 1448 1225 1535 1πάσης
1241 1458 1366 1525 ἀτοπίας

322 1551 468 1626 ἐπέκεινα,
479 1555 550 1617 ὅθεν
565 1554 648 1632 ἔδοξε
662 1556 730 1622 τοὺς
743 1556 894 1622 τοιούτους
909 1558 1073 1637 ἐκκηρύξαι,
1086 1557 1152 1620 ἀντὶ
1167 1563 1218 1621 τοῦ
1230 1566 1367 1641 φανερῶς

320 1654 455 1731 ἐκδιῶξαι
474 1659 524 1734 τῆς
545 1657 711 1735 ἐκκλησίας,
728 1658 776 1720 καὶ
795 1659 922 1739 χωρίσαι
941 1664 994 1721 τοῦ
1011 1661 1206 1739 πληρώματος
1225 1667 1284 1723 τῶν
1298 1688 1366 1725 πισ-

319 1760 388 1831 τῶν,
404 1757 454 1819 ίνα
473 1757 513 1836 μῆ
532 1756 566 1821 δι’
584 1759 689 1825 αὐτοὺς
708 1759 725 1838 ῆ
745 1759 819 1840 ὀργῆ
839 1765 891 1822 τοῦ
912 1764 995 1823 Θεοῦ
1016 1760 1089 1838 ἐλθη
1109 1763 1158 1825 ἐπὶ
1175 1761 1299 1839 πάντας,
1316 1765 1364 1828 καί

318 1855 376 1935 πρδ
392 1863 450 1920 τῶν
467 1859 572 1922 ἀλλων
587 1859 636 1922 ἐπὶ
655 1859 723 1926 τοὺς
741 1865 940 1940 προεστῶτας,
956 1860 996 1940 μῆ
1016 1863 1220 1940 ἐπιζητοῦντας
1238 1864 1285 1926 καὶ
1303 1866 1365 1942 ἐξε-

318 1955 458 2031 τάζοντας
475 1961 543 2026 τοὺς
561 1961 718 2027 τοιούτους·
742 1961 790 2024 καί
804 1963 953 2042 γραφικίτς
966 1963 1124 2042 μαρτυρίας
1139 1961 1275 2043 παράγει·
1300 1965 1364 2029 εἶτα

317 2056 434 2140 ἐπάγει,
449 2062 495 2124 ὅτι
510 2060 565 2125 ἐάν
577 2087 656 2128 τινες
671 2065 718 2125 διδ
732 2064 911 2140 πλεονεξίαν
924 2068 1156 2144 προλαβοῦσαν,
1171 2065 1219 2128 καί
1237 2065 1294 2146 πρὸ
1313 2072 1364 2146 τῆς

317 2164 376 2223 τῶν
393 2162 558 2244 βαρβάρων
576 2165 732 2245 ἐπιδρομῆς
746 2162 921 2246 γενομένην,
938 2165 1022 2241 δίκην
1041 2166 1200 2242 τιννύντες,
1217 2167 1251 2229 οῦ
1270 2170 1364 2245 μόνον

317 2261 369 2324 οῦκ
395 2263 675 2345 ἐσωφρονίσθησαν.
702 2269 788 2328 τοῦτο
812 2265 845 2328 δέ
870 2263 969 2343 διττὴν
994 2264 1114 2328 ἔννοιαν
1136 2265 1316 2338 ὑποβάλλει
1343 2268 1362 2347 ἢ

317 2365 375 2443 γάρ
398 2366 481 2444 δίκην
503 2368 653 2433 τιννύντες
677 2367 763 2447 λέγει
786 2367 852 2429 ἀντὶ
877 2369 941 2443 τοῦ,
968 2369 1178 2447 τιμωρούμενοι
1204 2373 1284 2450 παρὰ
1309 2375 1362 2433 τοῦ

316 2471 408 2541 Θεοῦ,
430 2472 480 2532 διὰ
501 2470 613 2536 ἀδικίας
635 2472 849 2550 προλαβοῦσας
872 2468 940 2534 τοῦς
961 2468 1135 2549 βαρβάρους
1157 2473 1198 2537 εἰς
1219 2474 1360 2553 τιμωρίαν

315 2568 491 2648 νικήσαντος
512 2570 586 2652 (sor.
608 2569 811 2651 κινήσαντος),
834 2568 852 2650 ῆ
875 2572 958 2650 δίκην
979 2572 1139 2645 τιννύντες,
1158 2573 1224 2635 ἀντὶ
1246 2579 1298 2637 τοῦ
1320 2576 1357 2637 δι’

315 2670 531 2751 ἐπιτιμημάτων
553 2674 723 2736 ἐπισκόπων
745 2674 937 2751 κολαζόμενοι
958 2674 1007 2734 διδ
1028 2674 1242 2752 προλαβοῦσας
1262 2681 1355 2738 πλεο-

315 2769 414 2848 νεξίας
433 2772 484 2835 οῦκ
505 2774 783 2854 ἐσωφρονίσθησαν·
807 2774 888 2836 ἀλλά
906 2774 954 2836 καί
975 2775 1009 2836 ἐν
1027 2777 1067 2858 τῆ
1088 2775 1177 2858 καιρῷ
1196 2779 1247 2854 τῆς
1266 2777 1357 2858 ἀργῆς

313 2877 366 2934 τοῦ
387 2878 478 2947 Θεοῦ,
501 2873 537 2937 δι’
560 2874 597 2953 ῆν
618 2876 751 2952 ἐπῆλθον
773 2877 802 2938 οἰ
822 2873 983 2956 βάρβαροι,
1005 2875 1092 2953 αὐτῆς
1109 2874 1183 2959 (sor.
1200 2878 1297 2960 αὖθις)
1316 2881 1358 2945 εἰς

313 2978 490 3054 πλεονεξίαν
510 2979 676 3057 ἐκτραπῶσι
691 2979 893 3057 κερδαίνοντες
911 2979 943 3054 ἐξ
963 2979 1085 3056 αἵματος
1103 2977 1231 3060 ὀλέθρου
1245 2981 1358 3062 ἀνθρά-

313 3098 378 3138 πων
397 3076 572 3141 ἀναστάτων
591 3077 772 3159 γενομένων,
791 3076 809 3158 ῆ
830 3081 1037 3160 αἰχμαλώτων,
1056 3081 1297 3161 πεφονευμένων·
1321 3085 1356 3146 τδ

311 3177 345 3238 δέ
361 3179 393 3255 ἐξ
407 3180 529 3257 αἵματος
544 3181 746 3260 κερδαίνοντες
761 3182 939 3261 ἑρμηνεύων,
953 3181 1086 3263 ἐπήγαγε
1101 3183 1138 3243 τδ
1153 3185 1228 3260 ἑξῆς·
1254 3181 1272 3262 ῆ
1287 3187 1355 3264 γδρ,

313 3279 416 3358 φησὶν,
438 3282 600 3362 ἀνθρώπων
619 3284 661 3348 εἰς
682 3283 891 3364 αἰχμαλωσίαν
911 3282 1118 3364 ἀπαγομένων,
1137 3284 1210 3363 άπερ
1232 3285 1357 3364 ὄλεθρος

312 3381 406 3452 ἐστὶν,
430 3379 448 3459 ῆ
473 3382 690 3461 ἀναιρεθέντων
718 3384 881 3464 ἀνθριίπων
909 3382 1068 3465 πράγματα
1096 3382 1295 3464 διαρπάζουσι.
1328 3386 1360 3446 τί

311 3481 390 3544 άλλο
412 3481 470 3563 χρῆ
494 3484 632 3561 ἐλπίζειν,
655 3481 673 3562 ῆ
695 3487 743 3546 διὰ
765 3484 819 3562 τῆν
839 3487 1019 3560 πλεονεξίαν
1041 3484 1239 3563 ἐπισωρεῦσαι
1261 3482 1355 3563 ὀργῆν

312 3583 436 3655 ἐαυτοῖς,
455 3584 503 3647 καί
522 3583 610 3646 παντί
628 3587 668 3669 τῶ
688 3588 774 3669 λαῷ,
798 3584 891 3664 ἤγουν
906 3585 1030 3647 ἑλκύσαι
1044 3582 1097 3660 τῆν
1112 3586 1164 3645 ταῦ
1179 3586 1262 3646 Θεοῦ
1278 3581 1352 3663 (sor.

311 3683 446 3746 addend.
462 3683 569 3769 ὀργῆν)
585 3683 633 3765 ἐφ’
650 3684 771 3750 ἑαυτοὺς
791 3686 838 3747 καί
856 3684 905 3747 ἐπὶ
925 3683 979 3746 τδν
997 3684 1083 3746 λαόν·
1107 3685 1155 3746 καί
1173 3681 1209 3761 ἐξ
1223 3685 1354 3764 ἰστορίας

309 3787 343 3848 δέ
357 3789 486 3851 παλαιῶς
499 3787 663 3866 ὑπόδειγμα
677 3788 882 3866 παρατίθησιν,
898 3786 945 3848 ὅτι
960 3784 1026 3852 ἐνὸς
1040 3784 1264 3866 ἁμαρτήσαντος
1277 3793 1353 3849 πολ-

309 3886 359 3948 λοί
374 3884 593 3964 ἐκολάσθησαν.

708 4190 860 4255 OANON
884 4190 949 4254 111.

350 4391 388 4453 P.
407 4393 477 4459 260.
495 4392 515 4455 l.
531 4413 581 4456 10.
598 4394 638 4472 μὴ
655 4393 757 4478 μόνος]
778 4393 832 4456 Ad
850 4415 940 4458 oram
959 4395 1030 4459 ιιίιῗτ.
1045 4394 1203 4479 princepis
1223 4393 1256 4456 S.
1271 4392 1348 4456 Gro-

301 4492 406 4575 9orii:
430 4495 539 4560 ἄλλως.
563 4494 645 4557 ἀλλά
659 4494 698 4573 μῆ
711 4497 802 4574 μόνος
817 4496 851 4557 ἐν
864 4520 900 4581 τη
916 4496 1041 4581 δμαρτίη
1058 4494 1147 4558 αὐτοῦ
1162 4492 1321 4557 ἀπέθανεν.

347 4717 415 4761 vob.
427 4719 471 4759 111.
797 4719 818 4758 N
832 4718 855 4759 n
