3700 5667
459 686 525 750 310
757 680 1007 759 RELIQUIAE
1034 678 1213 743 SAcRAE.

455 860 576 956 γορεῖν
599 848 650 950 μὴ
673 855 826 955 τολμᾷν.
856 847 957 927 ἀλλὰ
981 855 1094 926 ταῦτα
1118 842 1193 944 μὲν,
1212 846 1261 926 ὡς
1284 839 1506 946 προειρήκα-

458 1021 535 1086 μεν,
567 989 709 1066 εὔθυνεν
739 985 785 1064 ι’ίν
812 1019 866 1068 τις
896 980 961 1063 τὸν
990 981 1112 1084 ἄνδρα·
1151 978 1193 1057 τὸ
1222 986 1311 1079 γοῦν
1340 973 1516 1083 φρόνημα

459 1117 652 1202 καθολικὸν
670 1120 808 1225 ἔχοντα,
827 1122 885 1198 καὶ
903 1111 1304 1219 ουγκαταριθμοιίμενον
1321 1112 1418 1211 ἡμῖν·
1446 1111 1516 1191 τὸν

401 1292 405 1299 ·
459 1255 498 1335 δὲ
525 1253 816 1362 ἐξορχησάμενον
844 1250 887 1333 τὸ
917 1249 1117 1353 μυστήριον
1146 1252 1205 1328 καὶ
1236 1247 1514 1346 ἐμπομπεύοντα

459 1395 505 1493 τῇ
531 1394 642 1493 μιαρᾷ
670 1386 802 1488 αἱρέσει
830 1386 1054 1490 τῇἈρτεμᾶ
1073 1385 1132 1491 (τί
1154 1383 1226 1486 γὰρ
1248 1384 1290 1461 οὐ
1314 1380 1384 1486 χρὴ
1403 1379 1543 1481 μόλιςε

459 1521 524 1603 τὸν
554 1521 690 1624 πατέρα
722 1523 831 1600 αὐτοῦ
869 1523 1049 1624 δηλῶσαι)
1086 1517 1186 1599 οὐδὲν
1220 1524 1293 1597 δεῖν
1326 1517 1514 1618 ἡγούμεθα

460 1656 595 1737 τοιίτων
622 1655 704 1740 τοὺς
731 1654 932 1756 λογισμοὺς
959 1658 1129 1736 ἀπαιτεῖν.
1175 1669 1246 1729 Ηιιο
1265 1690 1359 1747 usque
1378 1667 1512 1748 epistole

459 1793 547 1850 verba
561 1790 698 1849 exscribit
714 1791 879 1861 Eusebius3
901 1810 966 1867 quae
983 1801 1081 1849 antem
1103 1791 1235 1869 proxime
1249 1801 1316 1869 poet
1335 1802 1512 1868 sequuntur,

459 1916 496 1955 ex
517 1897 643 1955 Leontio
665 1897 832 1975 Byzantina
853 1897 1007 1974 desumpta
1028 1906 1106 1960 eunt,
1129 1915 1222 1972 neque
1243 1895 1313 1954 dum
1334 1896 1449 1954 veneris
1474 1895 1513 1954 ad

459 2001 584 2081 paucula
598 2001 728 2078 quedam
743 2003 798 2060 eub
812 2002 942 2080 epistolae
957 2003 1052 2059 finem.
1526 2017 1569 2056 ιο

516 2109 616 2205 Φησὶ
640 2107 759 2184 τοίνυν
782 2110 820 2184 ἐν
844 2113 917 2189 τοῖς
943 2103 1198 2205 ὑπομνήμασιν
1218 2106 1273 2205 (ὡς
1293 2121 1361 2202 περὶ
1383 2122 1513 2185 Παύλου

459 2256 611 2338 λέγοντες,
628 2278 692 2335 quaa
706 2258 823 2317 Leontii
838 2259 926 2316 verba
944 2270 1013 2317 sunt
1033 2259 1068 2317 de
1086 2259 1217 2338 patribus
1232 2248 1372 2347 Concilii)
1391 2247 1513 2341 Τηρεῖν

463 2368 534 2467 (for.
546 2383 659 2462 legend.
675 2364 795 2470 τηρεῖν
811 2371 894 2466 δεῖν,
906 2385 965 2443 vid.
977 2377 1056 2475 not.)
1072 2370 1114 2450 τὸ
1128 2373 1268 2477 ἀξίωμα
1287 2379 1350 2473 τῆς
1364 2377 1510 2483 σοφίας,

516 2504 574 2565 Καὶ
588 2501 652 2581 μεθ’
670 2503 758 2584 ἕτερα
773 2504 875 2579 (verbo
892 2507 1009 2565 Leontii
1024 2528 1086 2565 esse
1101 2507 1263 2584 videntur).

516 2619 561 2692 Ei
588 2613 625 2693 δὲ
650 2613 742 2693 κατὰ
768 2614 834 2714 τὴν
858 2614 1044 2694 σύστασιν
1069 2619 1127 2692 καὶ
1146 2615 1315 2716 γέννησιν
1332 2623 1509 2719 συνῆοτο,
1525 2644 1562 2704 ¹5

462 2765 644 2844 (snpientia),
672 2754 724 2855 τῷ
751 2748 930 2856 ἀνθρώπῳ
959 2750 1074 2860 τούτῳ
1106 2755 1241 2860 (Praebet
1270 2767 1372 2849 interp.
1398 2771 1511 2832 Latina

460 2892 581 2990 τοῦτο)
602 2885 827 2980 συμβαίνειν.

515 3019 574 3081 Καὶ
589 3016 692 3080 πάλιν.

516 3128 575 3207 Ori
602 3126 674 3230 γὰρ
702 3135 994 3229 συγγεγενῆσθαι
1021 3138 1073 3239 τῷ
1101 3137 1312 3245 ἀνθρωπίνῳ
1340 3137 1407 3238 τὴν
1435 3174 1507 3220 σο-

458 3408 537 3488 apud
557 3428 588 3467 ae
607 3408 741 3486 privatim
762 3410 957 3487 ingemiscunt
1007 3414 1037 3469 in
1051 3432 1086 3471 ea
1099 3433 1130 3472 ee
1144 3412 1302 3493 plurimum
1314 3415 1452 3491 jactavit:
1471 3420 1510 3479 ab
1522 3437 1562 3477 20

458 3500 546 3566 atque
555 3489 719 3567 suspirant:
734 3490 785 3548 sed
795 3491 955 3569 potentiam
1007 3494 1071 3559 hoo,
1091 3494 1220 3570 inquam,
1242 3496 1383 3554 rationem
1405 3518 1509 3557 eorum

458 3569 521 3646 ejus
535 3591 567 3629 ac
582 3570 764 3647 tyrannidem
780 3570 851 3628 adeo
865 3571 956 3628 refor·
1007 3574 1137 3630 omnium
1162 3576 1335 3653 exigendam
1360 3596 1422 3636 eoae
1447 3598 1510 3637 non

458 3649 580 3713 midam,
595 3660 629 3706 nt
647 3669 780 3707 accusare
798 3649 880 3707 illum
897 3669 955 3706 non
1007 3653 1216 3713 existimamus.

457 3727 593 3785 audeant.
633 3728 745 3786 Verum
761 3729 865 3795 dehis,
880 3730 956 3787 sicut
1375 3788 1381 3799 ,

458 3816 545 3864 antea
577 3806 714 3874 diximus,
746 3809 955 3866 examinaverit
1062 3782 1223 3861 Inifrl'rssie
1238 3782 1272 3840 F·
1293 3783 1445 3845 Turrim·

458 3885 589 3978 fortasse·
600 3884 710 3980 aliquia.
723 3898 752 3944 et
769 3889 800 3944 in
811 3887 956 3963 judicium
1048 3894 1103 3953 Ait
1123 3896 1214 3971 igitur
1232 3898 1262 3954 in
1282 3898 1508 3957 Commentariis
1520 3918 1559 3980 25

458 3977 605 4023 vocaverit
633 3966 779 4024 hommem
809 3967 957 4025 catholico
1007 3970 1052 4037 (de
1061 3972 1145 4028 Paulo
1154 3976 1311 4045 loquuntur)
1320 3997 1431 4036 servare
1442 3977 1506 4056 dig.

457 4044 654 4125 professionis,
673 4047 814 4124 nobisque
836 4047 901 4105 fidei
924 4068 957 4105 ao
1007 4051 1128 4109 nitatem
1145 4055 1303 4131 sapientie.

458 4125 612 4184 ministerii
647 4128 785 4186 societate
816 4128 955 4203 conjunc·
1043 4143 1222 4213 Etpostalia,

458 4215 532 4264 tum.
571 4205 620 4265 Ab
640 4208 696 4264 hoo
716 4228 785 4266 vero
806 4208 866 4284 qui,
889 4228 957 4287 pro·
1049 4216 1081 4273 si
1100 4229 1197 4274 autem
1220 4220 1380 4278 seeundum
1397 4222 1505 4279 forma-

457 4285 520 4345 dito
548 4297 635 4363 atque
665 4287 779 4362 ejurato
807 4288 956 4366 religionis
1007 4296 1116 4353 tionem
1136 4307 1167 4355 et
1180 4302 1396 4373 generationem
1415 4321 1505 4379 copu·
1516 4319 1559 4375 30

457 4378 564 4425 nostrae
582 4368 731 4445 mysterio,
746 4368 783 4426 ad
803 4389 954 4427 exsecran·
1006 4374 1083 4433 latua
1111 4388 1182 4441 erat.
1211 4378 1321 4437 homini
1349 4381 1405 4440 hoo
1431 4382 1507 4439 aeci-

455 4446 522 4505 dam
536 4456 731 4523 transgressus
748 4449 879 4507 haereeim
894 4448 955 4506 Ar·
1005 4455 1081 4515 dere.

456 4536 542 4584 temer
564 4524 679 4602 (quidni
704 4528 782 4585 enim
805 4539 954 4606 parentem
1041 4539 1076 4593 Et
1088 4558 1191 4595 rursus.

456 4603 536 4663 illiue
545 4606 625 4664 robis
634 4606 749 4664 tandem
759 4608 953 4681 indicemusr)
1046 4612 1116 4669 Non
1131 4614 1208 4671 enim
1224 4626 1444 4692 congeneratum
1456 4616 1503 4673 fu·
