3700 5667
485 666 531 727 54
822 662 1200 728 ANNOTATIONES

486 835 637 913 φοβερῶν.
660 831 736 894 MS.
751 830 891 914 Norsole.
915 830 979 894 Sed
995 829 1162 893 lectionem
1177 849 1299 905 sanam,
1315 850 1386 912 quae
1406 835 1536 914 recepta

487 941 548 1010 ost,
563 940 654 998 vetus
667 932 824 1017 interpres
838 934 970 1020 Befiaus
984 933 1137 996 invenisse
1152 930 1287 995 videtur.

532 1036 572 1099 P.
586 1053 637 1098 22.
652 1035 672 1098 l.
686 1055 714 1100 2.
737 1033 787 1119 τὸ]
815 1034 849 1098 τὸ
873 1033 995 1099 omittit
1019 1033 1064 1097 ed.
1089 1033 1191 1117 saph.
1215 1032 1349 1095 Sraonr.
1393 1030 1537 1095 micioni

488 1136 592 1221 Sapra.
626 1137 757 1220 Synoell.
793 1137 904 1201 addas.
934 1145 968 1201 ot
997 1135 1083 1198 codd.
1115 1135 1244 1220 Repium
1275 1134 1537 1217 Paririensomquo

487 1246 646 1322 tetrumque
660 1238 693 1301 in
708 1237 846 1303 Burtoni
861 1260 954 1301 usum
969 1238 1110 1303 collatos.

533 1339 617 1402 Ibid.
633 1339 653 1404 l.
665 1359 696 1424 3.
712 1341 814 1420 ὥσπερ
829 1342 862 1403 ἐκ
875 1339 1033 1422 μαγγᾶνου
1049 1340 1142 1427 τινὸς]
1160 1338 1234 1402 Hoc
1247 1339 1315 1401 loco
1332 1339 1364 1400 lx
1378 1336 1536 1419 μαγγάυου

487 1441 572 1505 idem
586 1450 637 1506 est
651 1442 735 1528 quod
751 1441 810 1506 ἀπὸ
831 1446 983 1524 μηχανῆςε
1014 1464 1084 1526 quae
1107 1441 1312 1525 proverbialis
1335 1440 1453 1503 locutio
1475 1440 1535 1501 iro-

488 1566 588 1629 queus
614 1553 664 1609 est
689 1545 774 1631 apud
803 1545 943 1607 Graecos.
1002 1543 1089 1606 Narn
1123 1542 1280 1625 μάγγανον
1306 1543 1390 1605 idern
1419 1549 1470 1605 est
1498 1565 1537 1605 ac

489 1646 646 1712 machina.
691 1648 784 1729 Quod
806 1648 904 1713 miror
921 1669 980 1710 nec
993 1669 1015 1711 a
1031 1646 1188 1721 Musculo,
1206 1669 1263 1710 nec
1277 1669 1297 1709 a
1312 1645 1537 1729 Christophor-

488 1769 567 1812 sono
594 1748 848 1813 animadversum
878 1747 983 1812 luisse.
1018 1748 1182 1810 Vsnssrns.
1237 1747 1391 1829 μαγκάυου
1420 1769 1492 1810 cunr
1520 1775 1537 1810 κ

487 1851 617 1915 exhibet
631 1853 707 1916 MS.
723 1853 822 1916 Socii.
838 1875 893 1916 seu
909 1851 1001 1919 Bodl.

533 1952 615 2016 Ibid.
630 1952 650 2016 l.
663 1974 696 2033 4.
720 1955 805 2020 ositos
824 1954 882 2035 γάρ
902 1979 949 2017 τοι
966 1956 983 2017 ὁ
998 1955 1195 2035 δογματιστὴς
1216 1954 1289 2040 &c.]
1315 1953 1536 2038 christophor·

487 2077 583 2119 sonus
597 2057 657 2119 hoo
674 2055 789 2118 Latine
804 2055 851 2120 ita
866 2055 1040 2119 convertit:
1068 2058 1127 2119 Iste
1147 2079 1231 2119 nooae
1250 2066 1335 2119 sectas
1349 2056 1493 2131 incertior,
1510 2065 1538 2119 et

488 2157 634 2221 doetriw
652 2156 865 2232 arausica,
884 2157 913 2220 si
926 2158 992 2221 Deo
1007 2157 1122 2242 placet,
1138 2168 1368 2242 propuyrtotom
1395 2157 1538 2220 Valesius

489 2281 571 2336 vero,
588 2260 624 2321 Is
638 2259 692 2342 qui
705 2280 735 2322 se
749 2258 894 2322 doctorem
909 2268 937 2321 et
951 2258 1156 2322 occksiusticae
1174 2259 1349 2343 disciplima
1363 2281 1537 2343 propaginu-

488 2369 579 2423 tcrem
593 2358 723 2442 screbat.
770 2358 847 2422 Vox
865 2361 1063 2439 ὃογματιστὴς
1082 2368 1116 2424 et
1138 2360 1257 2444 aliquid
1280 2361 1416 2445 amplius
1442 2382 1538 2444 quam

488 2459 645 2536 ὀοεῑονειη,
667 2467 701 2523 et
721 2459 864 2522 nonnihil
886 2459 990 2523 minus
1016 2483 1112 2545 quam
1137 2483 1226 2525 ποειτ’
1250 2473 1336 2526 seclae
1360 2464 1539 2526 incentorem

488 2570 591 2627 sonat.
637 2563 749 2626 Palam
770 2571 821 2627 est
836 2562 1049 2626 Novatianum
1070 2563 1121 2627 hic
1140 2564 1344 2627 ecclesiastica
1363 2565 1541 2648 discipilinoe

482 2675 746 2750 propuyoolorem,
756 2674 790 2729 ot
804 2686 889 2728 num.
899 2684 932 2749 3.
950 2666 1111 2751 Eoonyelii
1126 2666 1274 2729 cirulicem
1289 2666 1407 2730 ironice
1423 2666 1537 2752 praedi·

488 2767 555 2831 cari
566 2791 575 2843 ;
597 2767 671 2853 quia
686 2767 833 2831 nimirum
845 2767 912 2852 ipse
925 2768 1112 2852 praeclarum
1124 2769 1207 2832 hunc
1217 2767 1346 2832 titulum
1355 2769 1537 2833 affectabat.

490 2872 646 2954 Quocirca
668 2871 844 2956 Cyprianus
872 2892 970 2955 supra
992 2871 1097 2955 Epist.
1114 2870 1134 2933 i.
1159 2892 1191 2932 n.
1211 2890 1239 2932 2.
1263 2871 1304 2933 do
1333 2871 1386 2933 illo
1410 2872 1540 2955 ejusque

488 2974 617 3038 asseclis
636 2974 767 3038 scribit:
792 2973 830 3037 Si
841 2995 871 3038 sc
885 2983 1044 3037 mennas
1057 2972 1205 3056 evaneat-ii
1221 2971 1339 3035 Christ-i
1354 2975 1538 3054 confitentur,

482 3077 576 3160 prius
590 3077 634 3141 ad
650 3075 801 3140 achsam
815 3085 1013 3139 revertamur.
1058 3073 1316 3155 Nonrinatimque
1332 3073 1539 3149 Novatianns,

414 3162 417 3167 ⁶
490 3177 537 3241 uti
554 3177 697 3241 Valesius
719 3177 879 3252 observat,
895 3199 987 3241 suurn
1006 3177 1046 3240 de
1068 3176 1146 3240 cibis
1160 3176 1183 3238 J
1187 3175 1307 3238 udaicis
1326 3174 1440 3238 librum
1455 3175 1541 3258 plebi

489 3278 524 3341 in
537 3279 688 3364 eoanpelio
700 3278 872 3363 persistenti
886 3278 1057 3364 inscripsit.
1091 3278 1142 3342 En
1159 3301 1238 3361 quos
1253 3276 1421 3340 imitantur
1434 3279 1540 3340 estatis

490 3387 609 3445 nostrae
628 3387 809 3457 novatores,
824 3381 879 3465 qui
900 3402 973 3443 cum
987 3383 1029 3446 ab
1051 3382 1138 3447 avita
1159 3380 1222 3444 fido
1244 3377 1457 3450 discesserint,
1472 3398 1540 3438 seso

491 3482 561 3566 puri
586 3483 748 3569 Evangelii
771 3483 909 3547 vindices
927 3485 1080 3569 jactitare
1103 3506 1164 3549 non
1185 3489 1344 3546 vorentur.
1367 3479 1539 3543 consona

491 3584 554 3647 Sed
570 3584 680 3649 similis
694 3593 744 3650 est
758 3586 907 3650 allocutio
922 3587 1085 3671 praemissa
1099 3585 1180 3647 libro
1195 3583 1279 3646 inter
1291 3580 1540 3664 Pseudo-Cypri-

489 3685 599 3749 anicos
621 3688 670 3749 Dc
692 3688 888 3770 Spectaculis,
911 3708 983 3772 quae
1009 3689 1055 3752 sic
1077 3687 1187 3760 habet,
1208 3682 1295 3747 Post
1316 3684 1351 3748 in
1375 3682 1541 3766 Ecanpelio

489 3787 592 3862 aaut,
609 3787 765 3862 nimirum,
789 3809 852 3850 non
875 3787 982 3871 lapsae,
998 3787 1132 3853 salutern.
1178 3787 1339 3863 Ceterum,
1362 3787 1387 3850 si
1411 3785 1542 3849 Novati-

490 3909 572 3952 anus
586 3887 740 3971 optimum
758 3888 845 3951 illurn
859 3888 1008 3962 libellum,
1025 3891 1075 3951 De
1093 3888 1253 3962 Trinitata
1270 3888 1345 3965 sive,
1361 3889 1411 3950 De
1422 3887 1541 3972 chulo

491 3987 597 4061 Fidei,
623 3988 662 4051 iis
687 3988 885 4072 temporibus
909 3990 1024 4076 quibus
1049 3990 1116 4053 haec
1141 3991 1247 4075 posuit
1269 3990 1443 4064 Cornelius,
1469 4011 1541 4051 con-

492 4088 679 4174 scripsisset,
707 4090 794 4154 hnud
823 4091 925 4158 malus
953 4100 1030 4158 tunc
1059 4092 1112 4156 ille
1133 4091 1244 4156 extitit
1266 4092 1463 4174 δογματιστὴς
1485 4114 1542 4154 seu

491 4192 645 4278 theologius.

540 4294 618 4360 lbid.
634 4295 656 4358 l.
667 4314 696 4380 7.
718 4297 773 4377 τὴν
786 4297 827 4376 μὴ
842 4302 984 4361 δοθεῖσαν
1000 4297 1077 4382 αὐτῷ
1092 4298 1208 4361 ἄνωθεν
1223 4298 1403 4383 ἐπισκοπὴν]
1424 4294 1542 4359 Confer

492 4403 561 4460 not.
592 4419 688 4482 supra
716 4399 758 4462 ad
783 4399 884 4484 Epist.
909 4398 955 4461 ΙΙ.
983 4399 1117 4464 Gornelii
1142 4399 1186 4463 ad
1211 4398 1414 4483 Cypriorum,
1442 4421 1472 4482 p.
1488 4418 1542 4478 42.

494 4496 665 4576 Divinitus,
688 4499 748 4564 hoc
773 4509 823 4564 est
846 4500 996 4586 legitime,
1021 4501 1188 4566 ordinatus
1210 4508 1259 4564 est
1282 4499 1459 4576 Cornelius,
1487 4500 1542 4583 qui
