3700 5667
419 672 470 733 IN
488 672 520 734 S.
538 670 727 734 DIONYS.
745 671 890 734 ALEX.
909 671 978 733 ΕΡ.
997 673 1063 733 AD
1080 671 1288 735 BASILID.
1336 676 1402 741 247

353 840 544 926 quaestiones
570 840 609 904 de
636 839 865 926 poenitentibus
890 841 1029 927 episcopi
1055 841 1176 927 judicio
1202 850 1326 907 veteres
1352 865 1404 908 ca-

352 963 451 1004 nones
471 941 675 1026 permittunt.
701 943 855 1024 ἀντίλεγοι
878 965 938 1027 pro
962 944 1115 1025 ἀντιλέγει
1137 945 1170 1008 in
1198 945 1403 1029 sequentibus

353 1043 486 1106 correxi.

396 1145 433 1208 P.
447 1163 519 1229 230.
535 1145 556 1207 l.
574 1160 620 1229 15.
636 1150 696 1208 τῶν
707 1147 741 1209 ἑν
753 1146 872 1231 άφέδρῳ
884 1146 1048 1232 γυναικῶν]
1066 1149 1218 1212 Zonaras,
1241 1147 1404 1230 Ἑβραίδες

352 1253 489 1328 γυναῖκες
507 1249 556 1310 ὅτε
577 1247 699 1329 γίνηται
720 1250 821 1315 αὐτοῖς
838 1251 856 1328 ἡ
874 1256 933 1312 τῶν
948 1249 1085 1330 ἐμμήνων
1103 1252 1187 1332 ῥύσις
1202 1253 1236 1313 ἒν
1255 1253 1334 1334 τόσῳ
1349 1277 1401 1330 με·

351 1350 511 1432 μονωμένφ
533 1349 703 1428 καθήμεναι,
719 1350 929 1433 ἡσυχάζουσιν,
948 1353 1002 1418 ἕως
1016 1352 1054 1415 δν
1070 1355 1144 1416 dard
1164 1352 1269 1433 ήμίραι
1289 1353 1401 1432 παρέλ·

353 1455 456 1514 θωσιν.
480 1453 550 1515 ὅθεν
566 1456 704 1530 εἴληπται
724 1451 757 1514 τδ
773 1455 807 1515 ἔν
825 1454 957 1538 άφέδρερ,
971 1459 1090 1532 δηλοῦν,
1107 1454 1140 1516 τὸ
1157 1455 1337 1536 κεχωρίσθαι
1352 1454 1402 1518 αθ-

352 1555 405 1618 τδς
419 1554 477 1616 άπὸ
492 1558 543 1632 τῆς
556 1561 615 1617 τῶν
628 1561 742 1617 λοιπῶν
756 1553 843 1634 ἕδρας
858 1557 897 1622 ὡς
911 1555 1104 1636 ἀκαθάρτους.
1151 1557 1203 1620 De
1218 1556 1278 1620 hoo
1292 1562 1352 1620 τῶν
1366 1555 1401 1620 c'.

352 1653 562 1738 interpretum
584 1656 737 1719 vocabulo
760 1655 874 1721 similia
895 1656 1018 1720 habent
1040 1664 1248 1721 annotatores
1269 1657 1312 1721 ad
1335 1657 1402 1722 He·

353 1756 437 1840 sych.
453 1780 482 1820 v.
498 1758 628 1842 άφέδρῳ.

396 1858 477 1922 lbid.
493 1859 514 1922 l.
536 1880 583 1944 19.
604 1858 622 1939 ἢ
641 1864 677 1945 τῇ
697 1860 824 1941 τραπέζῃ
844 1865 880 1947 τῇ
900 1864 971 1946 ἁγίᾳ
990 1860 1183 1947 προσελθεῖν]
1199 1861 1403 1926 Balsama.-

353 1960 391 2024 ὡς
407 1960 484 2024 ἔοικε
496 1963 529 2023 δὲ
543 1962 577 2024 τὸ
588 1962 719 2026 παλαιάν
732 1962 908 2044 είσήρχοντο
918 1969 1055 2045 γυναῖκες
1071 1965 1113 2029 εἰς
1126 1964 1161 2027 τὸ
1179 1963 1401 2045 θυσιαστήριον,

354 2064 401 2126 καὶ
421 2064 480 2126 άπδ
500 2068 551 2142 τῆς
571 2066 657 2146 ἁγίας
678 2065 823 2146 τραπέζης
841 2065 1085 2145 μετελάμβανον.
1109 2068 1157 2128 διδ
1174 2071 1262 2128 τοῦτο
1279 2069 1337 2147 γὰρ
1354 2067 1403 2130 καὶ

353 2169 405 2228 τοῦ
431 2167 642 2246 θυσιαστηρίου
667 2166 811 2247 μέμνηται
836 2170 853 2230 ὁ
877 2168 985 2230 κανών.
1033 2166 1149 2230 Confer
1170 2166 1331 2231 Valetium
1356 2167 1400 2233 ad

353 2266 540 2353 Dionysium
560 2270 653 2333 Alex.
674 2270 762 2353 apud
783 2269 901 2333 Euseb.
918 2268 1008 2331 Hist.
1025 2266 1111 2330 Εοαί.
1127 2265 1179 2330 vii.
1196 2287 1228 2350 9.
1250 2267 1305 2350 qui
1320 2267 1400 2332 veti·

353 2380 421 2432 tum
441 2370 537 2433 fuisse
559 2378 671 2455 postea
693 2370 781 2435 laicis
797 2378 866 2435 tam
883 2370 959 2436 viris
981 2391 1077 2455 quam
1098 2369 1291 2446 mulieribus,
1308 2375 1344 2432 ut
1358 2368 1401 2432 ad

354 2472 457 2536 altare
472 2474 672 2550 accederent,
688 2473 839 2538 ostendit.

397 2573 434 2637 P.
461 2595 532 2659 231.
557 2575 578 2639 l.
603 2595 631 2640 2.
659 2577 845 2663 σπεύδουσα]
871 2576 992 2639 Vocem
1016 2573 1124 2639 omisit
1151 2571 1342 2658 Beveregius
1368 2571 1401 2636 in

351 2676 513 2759 synodico,
528 2677 583 2739 sed
603 2677 754 2741 exhibent
774 2677 861 2741 illam
877 2688 937 2742 tros
954 2677 1145 2742 oetmtissimi
1162 2677 1283 2761 scripti,
1300 2678 1350 2739 26.
1367 2682 1401 2740 et

352 2781 404 2842 86.
423 2786 456 2842 et
475 2779 548 2861 625.
590 2777 672 2842 Cum
695 2780 841 2863 Dionysii
864 2803 984 2844 canone
1007 2780 1109 2864 primo
1131 2800 1190 2842 nos
1211 2777 1401 2841 deserebant

354 2878 539 2944 Ooislioiaui
562 2878 685 2943 Mssa.
736 2880 866 2945 Nescire
891 2903 1001 2945 vocem
1023 2880 1192 2945 Pedalium
1215 2901 1340 2965 quoque
1367 2886 1401 2944 et

351 2980 489 3064 θρίίοροιι
503 2979 617 3044 inveni.

396 3082 479 3146 Ibid.
495 3083 516 3146 l.
532 3087 562 3146 6.
585 3087 627 3152 εἰς
644 3088 676 3148 δὲ
695 3088 732 3148 τδ
746 3085 817 3168 θγια
832 3088 880 3150 καὶ
895 3089 931 3150 τὰ
947 3087 1018 3169 άγια
1035 3093 1094 3150 τῶν
1107 3083 1218 3170 ἇγίων]
1236 3088 1337 3149 Voces
1353 3086 1401 3150 καὶ

351 3188 388 3248 τὰ
402 3185 473 3267 θγια
487 3208 527 3249 ex
543 3187 629 3251 codd.
644 3187 779 3252 ουνιιίδαι
793 3198 911 3273 praeter
927 3191 979 3253 86.
995 3198 1028 3255 et
1044 3192 1117 3273 625.
1133 3187 1270 3253 restitui.
1296 3187 1401 3250 Nimi-

350 3308 420 3350 rum
445 3291 612 3373 quaesitum
636 3299 695 3366 est,
720 3312 762 3353 an
786 3291 933 3355 mulieres
957 3292 1091 3372 ἑμμήνιοι
1116 3292 1245 3354 domurn
1269 3289 1329 3352 Dei
1354 3288 1400 3352 in·

349 3391 439 3474 gredi
455 3391 604 3469 debeant,
619 3394 704 3477 quod
724 3401 821 3478 negat
836 3393 1032 3479 Dionysius;
1057 3394 1202 3457 Zonaras
1221 3391 1306 3456 enim
1328 3413 1400 3455 cum

350 3496 540 3561 Balsamone
556 3497 699 3582 Dionysii
720 3497 822 3562 altero
837 3497 1012 3582 interprete
1031 3519 1095 3561 non
1115 3498 1215 3561 solum
1237 3518 1400 3561 sacrorum

349 3599 582 3683 mysteriorum,
598 3622 669 3683 quae
692 3600 819 3684 quidem
841 3600 970 3664 vocibus
992 3604 1030 3664 τὰ
1052 3602 1123 3682 ἅγια
1143 3606 1202 3664 τῶν
1224 3603 1318 3681 ἁγίων
1338 3598 1399 3684 sig·

349 3701 418 3763 nari
440 3700 560 3765 indicat
582 3714 616 3766 et
638 3702 954 3788 Pseudo-Dionysius
976 3704 1095 3787 Areop.
1118 3703 1219 3787 Epist.
1241 3701 1305 3766 viii.
1326 3706 1350 3782 5.
1369 3721 1397 3766 ι.

348 3802 540 3875 mentionem
558 3803 645 3879 fecit,
660 3804 715 3867 sed
731 3813 765 3868 et
779 3805 890 3891 templi
906 3805 976 3869 Dei.
1011 3806 1155 3869 Zonaras
1170 3804 1228 3881 ait,
1246 3806 1399 3887 Εὕχεσθοι

347 3906 404 3983 μὲν
424 3908 481 3986 γὰρ
502 3906 551 3967 καὶ
570 3910 622 3969 τοῦ
637 3906 747 3986 Κυρίου
766 3907 937 3987 μέμνησθαί
950 3917 1044 3990 φησιν
1059 3907 1272 3993 (Dionysius),
1289 3907 1349 3969 οὐδ’
1365 3909 1399 3970 ἐν

347 4009 388 4091 τῷ
412 4008 532 4091 τοιούτῳ
557 4010 645 4094 καιρῷ
669 4009 901 4087 κωλυθήσονται.
926 4013 969 4077 είς
988 4011 1062 4074 ναδν
1082 4013 1114 4075 δὲ
1137 4014 1220 4075 Θεοῦ
1240 4005 1398 4085 είσιὲναιή

347 4109 593 4188 μεταλαμβάνειν
608 4111 697 4177 αὐτὰς
712 4116 770 4172 τῶν
786 4111 980 4192 ἅγιασμάτων
995 4112 1030 4175 οὗ
1045 4116 1101 4175 δεῖ.
1128 4111 1209 4173 Haec
1227 4109 1290 4172 illc.
1323 4108 1397 4170 Hoc

348 4232 473 4297 quoque
495 4213 611 4277 statuit
633 4234 746 4289 canon,
770 4212 824 4296 qui
847 4212 1013 4277 vicesimus
1035 4235 1136 4277 nonus
1158 4211 1190 4275 in
1211 4212 1303 4273 Νοοα
1325 4208 1396 4271 Vor-

347 4314 428 4376 siooo
446 4314 498 4394 84.
513 4313 715 4378 Arabicarum
731 4317 886 4379 Cosmum
902 4314 1036 4379 Consilii
1051 4313 1179 4377 Nicaei
1199 4317 1396 4387 numeratur,

347 4417 433 4500 apud
450 4417 588 4481 Concilio
608 4417 685 4480 edit.
706 4419 818 4482 Labbe
838 4424 915 4481 tom.
933 4416 963 4480 ii.
980 4440 1011 4501 p.
1027 4435 1102 4502 325.
1147 4414 1193 4478 Et
1215 4433 1396 4497 quanquam

348 4517 528 4582 Matthaeus
544 4518 707 4583 Blastares
726 4519 758 4583 iu
777 4522 978 4604 Syotopmarc
994 4541 1052 4582 suc
1066 4516 1260 4602 Alptabetico
1276 4515 1338 4579 Lit.
1355 4513 1395 4580 α’.

348 4641 416 4704 cap.
431 4623 478 4684 16.
495 4620 594 4684 verba
608 4623 645 4683 τὸ
660 4621 741 4702 ἅγια,
756 4624 833 4686 dum
849 4621 1036 4707 Dionysium
1051 4621 1192 4705 exponit,
1208 4619 1293 4684 haud
1308 4639 1397 4703 repc-
