3700 5667
617 670 666 732 lN
693 671 724 732 S.
748 669 1047 732 PAMPHILUM
1075 669 1226 733 MART.
1379 673 1444 740 509

444 843 482 907 P.
496 861 571 927 497.
588 841 607 905 l.
625 862 672 925 15
689 855 739 905 σοῦ
753 853 857 923 γὰρκαὶ
872 857 923 905 τῶν
937 854 995 923 περὶ
1010 840 1058 922 σε’]
1079 840 1220 906 colubris
1240 848 1290 905 osb
1310 841 1444 925 qlloesblo

398 947 439 1010 de
460 943 617 1028 ὀρθοδοξίᾳ
639 944 841 1009 Caesariensis
862 944 1013 1029 episcopi,
1029 944 1112 1007 inter
1134 950 1256 1007 veteres
1278 965 1316 1006 ac
1338 966 1445 1007 recen-

398 1047 497 1112 tiores
511 1047 645 1111 multum
659 1045 776 1130 diuque
791 1045 925 1131 agitata.

443 1150 526 1214 Ibid.
541 1150 563 1214 l.
579 1151 626 1210 18.
641 1160 677 1229 μὴ
691 1160 827 1214 πείθεσθαι
841 1161 869 1213 δὲ
884 1160 912 1213 ίν
926 1148 1020 1233 τούτῳ]
1038 1148 1091 1210 Ad
1107 1169 1207 1231 marg.
1225 1146 1338 1210 Concil.
1354 1146 1444 1210 odilo·

398 1274 478 1329 mm,
490 1262 524 1318 et
535 1261 619 1317 testo
631 1253 800 1316 Harduino
814 1253 902 1317 lllSti
915 1252 1052 1325 Codicis,
1066 1250 1277 1336 positumgcst
1288 1252 1369 1316 ἴσως.
1392 1250 1445 1329 μή·

397 1381 430 1419 τε
445 1359 602 1420 πείθεσθαι
617 1355 697 1420 δίον.

441 1457 524 1521 lbid.
547 1456 567 1520 l.
585 1475 635 1519 20.
666 1469 696 1521 τὸ
724 1467 752 1521 δὲ
780 1465 865 1538 ψῖλην
892 1469 940 1536 τὴν
966 1469 1025 1540 περὶ
1052 1467 1139 1538 ἀρχῶν
1166 1468 1256 1538 φωνὴν
1282 1457 1445 1541 διαβάλλειν]

398 1560 518 1625 Scribit
543 1560 731 1635 Archelaus,
759 1568 914 1645 tanquam
944 1561 970 1624 si
1000 1561 1033 1623 in
1059 1561 1120 1624 hac
1146 1561 1307 1645 Apologia
1336 1562 1369 1623 id
1394 1561 1444 1625 lit·

397 1663 476 1729 teris
497 1663 681 1727 mandasset
704 1662 871 1736 Eusebius,
895 1663 1106 1727 calumniatos
1128 1686 1197 1726 csso
1220 1663 1372 1747 Origenis.
1388 1664 1444 1726 ad·

398 1765 554 1830 versarios
572 1765 669 1829 etiam
685 1764 814 1827 titulum
829 1764 981 1827 librorum
1004 1765 1073 1849 ejus
1093 1766 1161 1847 περὶ
1183 1768 1292 1847 ἀρχῶν,
1309 1766 1361 1851 qui
1378 1766 1445 1851 qui-

397 1870 470 1932 dem
485 1867 557 1930 libri
573 1868 614 1931 ab
630 1867 690 1930 illis
704 1867 843 1929 maximo
859 1866 999 1930 omnium
1014 1868 1293 1951 oppugnabantur.

443 1971 480 2033 P.
496 1971 570 2053 498.
586 1970 608 2031 l.
625 1989 673 2035 12.
690 1999 745 2056 pro
764 1979 910 2056 predictis
929 1970 1087 2052 erroribus]
1107 1970 1236 2035 Videsis
1250 1992 1321 2056 quse
1337 1970 1444 2034 notavi

397 2095 429 2158 p.
444 2092 519 2156 501.
549 2071 654 2156 Supra
668 2094 773 2136 eoram
789 2095 846 2156 pro
861 2095 962 2135 eoram
977 2072 1112 2156 reposui.

440 2172 523 2236 Ibid.
539 2173 559 2237 l.
579 2193 627 2257 13.
650 2176 826 2258 Anonymos
845 2178 963 2238 flector
982 2197 1003 2238 c
1025 2175 1200 2238 Christiano
1218 2175 1309 2257 Lupo
1329 2171 1442 2257 editos]

399 2276 505 2341 llorbo
525 2275 620 2359 hujus
641 2277 781 2340 auctoris
804 2277 904 2340 debeo
927 2277 1041 2339 editori
1061 2275 1268 2339 Benedictino
1289 2274 1443 2359 Origenis,

397 2377 451 2463 qui
474 2378 506 2440 in
525 2377 753 2442 Admonitione
776 2402 833 2441 sua
855 2379 888 2441 in
910 2378 1091 2463 Apohpiom
1112 2376 1274 2461 Pamphili
1289 2399 1350 2461 pro
1375 2376 1444 2438 Ori-

393 2501 467 2564 pcno
481 2503 511 2564 p.
529 2502 535 2541 ι
542 2501 573 2563 5.
590 2489 666 2544 tom.
684 2481 724 2543 iv.
741 2481 801 2564 Op.
819 2481 977 2566 Origenis,
992 2488 1155 2545 auctorem
1174 2501 1265 2542 suum
1284 2478 1328 2541 sic
1343 2477 1445 2562 desig-

397 2604 487 2658 nans,
503 2590 660 2667 praeterea
674 2582 752 2644 nihil
767 2583 867 2647 addit.

443 2685 527 2747 lbid.
551 2685 569 2747 l.
592 2704 609 2748 2
611 2706 640 2768 3.
665 2686 825 2771 Δημήτριον]
850 2685 1088 2748 Alexandrinus
1110 2686 1287 2769 episeopus,
1308 2681 1361 2766 qui
1384 2682 1445 2745 fuit

397 2797 509 2872 postea
531 2788 677 2872 Origenis
698 2789 908 2854 adversarius.
955 2788 1005 2851 Do
1028 2788 1190 2853 Clemente
1213 2794 1322 2850 autom
1346 2785 1444 2848 Alex-

397 2889 530 2952 andrino
556 2890 665 2953 rotulit
692 2890 849 2954 Eusebius
874 2892 920 2952 H.
944 2891 986 2953 Ε.
1011 2890 1049 2953 ri.
1079 2913 1108 2973 9.
1134 2890 1228 2974 hujus
1254 2888 1445 2972 discipulum

398 2991 567 3071 Oripeuem
582 2992 687 3055 luisse.

443 3092 523 3156 lbid.
539 3093 559 3157 l.
580 3112 629 3172 24.
649 3104 785 3181 Παμφίλῳ
801 3128 829 3161 τε
846 3111 883 3182 τῷ
898 3108 1006 3180 μάρτυρι
1022 3107 1188 3179 ἐπερείδεται,
1203 3108 1243 3160 καὶ
1257 3109 1294 3180 τῷ
1307 3092 1443 3178 Εὗσεβίῳ]

398 3194 449 3258 Ex
469 3196 628 3260 l'hotiauo
647 3221 777 3263 recensu
800 3199 894 3285 hujus
916 3199 1065 3277 auctoris,
1085 3200 1150 3284 qui,
1167 3198 1283 3262 Photio
1306 3198 1375 3282 ipso
1397 3219 1444 3258 ro-

397 3296 527 3373 fercnta
544 3300 610 3378 περὶ
630 3304 680 3379 τῆς
700 3303 786 3382 ἁγίας
800 3301 928 3380 Τριάδος
948 3302 1035 3364 οὐδὲν
1053 3306 1111 3362 τῶν
1127 3298 1328 3379 ἐσφαλμένων
1344 3299 1443 3378 ἔλεγε,

396 3399 471 3461 dum
506 3400 651 3485 Origeuis
684 3405 859 3483 ὀρθοδοξίαν
892 3403 1096 3475 defendebat,
1128 3401 1245 3484 quique
1277 3398 1445 3482 Pamphilo

396 3501 533 3564 nraxime
548 3502 675 3566 innixus
696 3527 764 3567 esso
784 3511 881 3587 atquc
898 3504 1037 3567 Eusebio
1053 3503 1220 3566 abeodem
1237 3501 1354 3565 l'hotio
1370 3500 1444 3564 dici-

397 3613 459 3675 tur,
473 3604 545 3687 jure
560 3606 674 3670 merito
689 3606 809 3692 colligit
824 3607 861 3669 cl.
880 3606 989 3669 llullus
1004 3606 1035 3669 in
1051 3606 1174 3688 Deserta.
1192 3604 1288 3668 Fidei
1302 3604 1445 3666 Nicaeae

397 3705 481 3768 Scot.
501 3706 548 3769 ll.
572 3730 597 3769 e.
612 3708 654 3770 ix.
677 3714 701 3785 ς.
722 3728 769 3770 10.
793 3732 864 3793 pag.
886 3729 956 3787 114.
979 3709 1028 3771 od.
1053 3708 1150 3772 Grab.
1175 3706 1378 3769 abhorruisse
1403 3704 1445 3767 ab

396 3807 521 3870 Ariana
547 3809 711 3894 impietate
737 3810 900 3895 Poorpbili
926 3809 1109 3895 Ia'mobiiqoo
1128 3832 1190 3895 pro
1219 3809 1348 3895 ceipene
1373 3829 1444 3892 apo-

396 3908 515 3993 lopiaru.

440 4012 477 4073 l‘.
493 4032 568 4093 499.
592 4011 612 4074 l.
628 4032 659 4094 5.
686 4015 857 4101 llethodio]
885 4013 991 4097 Hujus
1016 4014 1056 4077 do
1080 4014 1324 4077 Resurrectiono
1349 4011 1446 4074 Liber

395 4122 508 4177 contra
538 4113 707 4196 Origencm
737 4137 807 4177 cum
838 4117 879 4178 ab
912 4116 1091 4199 Epiphanio
1121 4124 1188 4179 tum
1219 4136 1239 4176 a
1265 4113 1383 4176 Photio
1412 4114 1445 4176 in

395 4214 580 4279 Bibliotheca
596 4217 753 4280 adductus
768 4231 801 4280 et
817 4228 986 4303 excerptus
1001 4233 1060 4282 ost.

440 4318 522 4381 lbid.
547 4318 565 4379 l.
588 4338 634 4393 14.
650 4329 718 4397 ἔχεις
738 4320 793 4406 καὶ]
817 4320 950 4383 Notavit
971 4320 1158 4383 llclaruaeus
1180 4318 1212 4379 iu
1228 4315 1447 4380 uldrrtooitionc

394 4420 429 4482 in
443 4419 625 4505 Apolopiom
645 4422 676 4483 S.
694 4422 868 4505 Pamphili,
893 4446 923 4504 p.
945 4443 993 4503 ¹5·
1014 4420 1186 4484 Eusebium
1209 4418 1314 4480 dicero
1335 4417 1444 4493 videri,

394 4544 429 4585 se
447 4522 478 4585 in
499 4534 591 4586 sexto
606 4522 699 4607 hujus
719 4523 870 4608 apologia
887 4524 968 4587 libro
989 4523 1148 4607 epistolas,
1171 4543 1250 4605 quas
1270 4521 1311 4585 ad
1329 4519 1444 4583 Fabia·
