3700 5667
638 686 669 743 S.
689 681 968 745 GREGORIUS
994 681 1199 745 NEGCAES.
1376 687 1440 747 255

393 847 480 905 etiarn
496 847 526 904 in
541 869 565 906 c..
582 849 619 905 iv.
636 848 832 914 Ecclesiastae,
848 861 878 907 et
897 849 1023 908 Rufinus
1037 851 1086 908 vii.
1101 851 1151 908 25.
1169 851 1249 909 Iliso.
1266 851 1375 908 Eccles.
1392 850 1440 908 ubi

392 954 469 1011 inter
483 952 539 1011 alio
553 954 589 1012 de
605 957 748 1033 Gregorio
763 956 871 1014 inserta
886 977 950 1032 quor
965 956 994 1013 in
1011 956 1138 1014 Eusebio
1158 957 1299 1014 incassum
1321 975 1441 1031 quoeroe,

394 1057 424 1115 in
440 1058 644 1118 Ecclesiasiem
661 1059 868 1138 Melaplsrarirr
883 1059 1160 1135 magnificentissime
1174 1060 1299 1139 scripsit.
1323 1059 1441 1117 Femu-

394 1182 475 1222 crus.

435 1283 452 1330 Κ
471 1269 519 1327 Ex
536 1269 677 1349 Epistolis
692 1271 836 1349 Gregorii,
852 1291 974 1348 quorum
995 1271 1082 1330 etiam
1104 1270 1220 1338 Suidos,
1235 1282 1265 1329 et
1280 1271 1302 1328 F
1304 1269 1442 1334 roculfus.

394 1388 482 1454 atque
498 1376 650 1435 Honorius
669 1397 705 1435 ex
722 1377 905 1456 Hieronymo
922 1377 1034 1435 faciunt
1053 1377 1242 1441 mentionem,
1257 1377 1342 1434 unica
1356 1375 1443 1434 hodie

394 1491 489 1539 exstat
511 1482 589 1539 inter
611 1481 772 1539 Cononicos
797 1482 917 1539 Petrum
944 1480 1092 1560 Epistulas
1117 1501 1192 1559 saepe
1218 1479 1334 1559 vulgato
1358 1493 1387 1539 et
1411 1482 1443 1538 in

395 1585 592 1644 conciliorum
613 1587 713 1645 Tomis
732 1599 803 1645 tom.
821 1588 845 1645 1.
863 1587 934 1645 edit.
953 1587 1063 1645 Lnbbei
1085 1608 1113 1665 p.
1129 1586 1199 1654 837.
1214 1585 1250 1644 ad
1272 1591 1360 1643 πάπαν
1382 1587 1443 1645 sive

394 1691 562 1771 episcopum
577 1693 721 1769 quendam
735 1693 822 1750 Ponti
838 1693 905 1751 data
920 1695 995 1751 cirea
1009 1698 1048 1750 A.
1061 1694 1130 1750 258.
1150 1693 1332 1751 anrloius.
1361 1694 1444 1751 Hanc

395 1794 425 1852 S.
443 1797 578 1873 Gregorii
602 1795 776 1875 Epinoion,
797 1796 944 1854 Cononico
962 1817 1027 1874 quae
1049 1796 1224 1875 appellatur,
1247 1808 1442 1874 congruenter

395 1903 546 1981 proposito
564 1923 629 1961 meo
648 1902 753 1962 edendi
773 1924 873 1961 omnes
892 1924 1017 1963 conones
1036 1903 1277 1969 Ante-Nicaenos,
1295 1904 1343 1961 hio
1363 1903 1441 1981 posi·

395 2020 479 2067 turus
492 2029 569 2067 sum.

435 2111 542 2172 ὴΗειεο
565 2113 704 2172 miracula
728 2134 745 2172 a
766 2115 873 2191 quibus
896 2113 1109 2190 Thaumaturgi
1136 2132 1241 2170 nomen
1263 2109 1333 2170 tulit
1356 2130 1442 2186 quam

395 2218 521 2297 plurima
544 2240 610 2278 eum
636 2231 842 2278 commemoret
864 2218 1024 2296 Gregorius
1046 2217 1200 2296 Nyssenus
1221 2217 1251 2273 in
1276 2215 1444 2273 laudatione

396 2324 530 2401 Gregorii
556 2325 811 2393 Neocaesoriensis,
833 2336 931 2382 tomen
954 2335 1024 2381 tom.
1044 2324 1075 2380 ii.
1099 2343 1127 2401 p.
1152 2323 1236 2381 1009.
1259 2321 1343 2400 plura
1365 2319 1443 2397 quod

395 2428 576 2487 incredibilia
596 2430 708 2507 possint
723 2429 813 2486 videri
828 2429 965 2487 omittere
984 2449 1015 2485 se
1033 2440 1077 2486 est
1092 2438 1226 2486 testatus.
1270 2426 1355 2483 Diem
1371 2425 1444 2483 obiit

395 2552 563 2610 supremum
579 2533 739 2610 Gregorius
752 2533 988 2609 Thoumoiurgus
1008 2553 1065 2590 non
1085 2543 1153 2590 ante
1167 2530 1206 2588 A.
1221 2531 1290 2598 ⁸270.
1310 2530 1371 2588 sive
1391 2549 1442 2586 on·

396 2656 465 2693 num
483 2637 608 2715 primum
624 2636 787 2694 Aureliani.
810 2636 997 2693 anmcrus.
