3700 5667
526 684 578 748 IN
603 686 635 748 S.
653 683 868 749 CORNELII
892 685 1191 752 FRAGMENTA.
1336 691 1379 759 89

326 858 354 889 ‘⁶
369 849 581 915 Manifestum
602 849 723 914 fraudis
737 857 772 915 et
787 852 943 916 mendacii
965 860 1077 917 notam
1098 875 1164 937 prae
1187 875 1221 917 se
1243 854 1378 933 ferens‚”

327 952 439 1017 nteit
465 952 660 1017 Prudentius
691 954 846 1018 Marenus
871 955 904 1017 in
935 954 992 1017 vit.
1015 954 1049 1018 S.
1069 954 1220 1039 Cypriani
1248 954 1380 1020 editioni

330 1053 512 1118 Beluzienae
527 1053 699 1138 praemisse,
716 1062 738 1093 “
751 1055 866 1139 quippe
878 1077 950 1119 eum
962 1055 1044 1118 hene
1058 1055 1305 1119 controversiam
1320 1057 1379 1120 sub

328 1155 517 1220 “Cornelio
536 1164 647 1220 netem
669 1157 851 1235 meruisse,
867 1179 905 1222 ae
927 1179 1082 1220 summam
1104 1178 1229 1241 semper
1251 1179 1381 1222 eonsen-

332 1266 355 1294 “
370 1259 490 1322 sionem
505 1259 686 1323 Cornelium
707 1261 792 1324 inter
807 1267 841 1323 et
856 1259 1050 1344 Cyprianum
1072 1258 1287 1322 intercessisse
1306 1282 1381 1324 eon·

328 1370 356 1398 “
372 1364 470 1426 stet.’'
493 1385 525 1447 p.
541 1381 575 1425 ια
577 1383 610 1447 5.
654 1363 688 1425 A
709 1362 896 1427 Constantio
920 1383 1045 1445 qnoque
1068 1361 1101 1423 in
1116 1360 1302 1445 Appendiee
1323 1382 1382 1425 sun

329 1463 376 1526 ad
391 1462 545 1547 Eptitohe
559 1465 646 1527 Rom.
662 1464 782 1547 Poenis.
798 1484 869 1548 quae
885 1462 1065 1527 adulterine
1085 1462 1206 1547 scripta
1227 1462 1380 1546 compleo-

330 1567 427 1642 titur,
441 1567 553 1630 eadem
576 1566 716 1651 reposita
730 1573 791 1630 est.
836 1565 1001 1629 Nonnulla
1025 1565 1148 1630 interea
1169 1565 1320 1649 opuscula
1341 1566 1381 1629 de

331 1667 408 1743 illis,
417 1689 486 1751 quoe
496 1668 538 1731 ed
548 1665 644 1730 finem
656 1689 786 1753 operum
799 1671 833 1730 S.
843 1669 996 1752 Cypriani
1006 1667 1153 1732 collocari
1162 1667 1274 1745 solent,
1287 1667 1382 1732 scribi

330 1768 475 1853 potuisse
489 1791 510 1832 a
526 1767 682 1847 Cornelio,
698 1777 773 1833 sunt
793 1769 847 1854 qui
866 1769 1058 1835 existiment.
1104 1769 1184 1833 Vide
1200 1769 1380 1836 Tillemont.

327 1871 428 1935 Mem.
443 1878 522 1936 tom.
538 1869 586 1934 iii.
598 1871 641 1934 nd
656 1871 710 1934 fin.
727 1873 761 1936 S.
776 1871 922 1946 cmlii,
940 1894 970 1957 p.
985 1873 1057 1936 208.
1072 1870 1147 1936 edit.
1162 1870 1291 1935 Bruxel.
