3700 5667
397 655 462 721 146
732 656 1111 719 ANNOTATIONES

397 846 505 889 omncs
522 829 640 908 praeter
654 821 895 886 Benedictiuam
912 823 964 887 vel
985 822 1188 907 aequalitater
1203 822 1250 886 vel
1270 822 1446 907 qualitatem

396 927 527 1004 habent,
543 926 600 989 sed
620 925 755 989 fortasse
776 924 943 988 lectionem
963 933 1124 1009 receptam
1144 924 1177 987 in
1198 924 1359 988 codicibus
1380 924 1446 988 suis

396 1027 516 1091 invenit
537 1026 697 1090 Baluzius.
744 1025 783 1088 In
803 1026 922 1090 nostris
944 1026 1032 1089 libris
1054 1034 1144 1091 extat
1163 1027 1350 1111 qualitatem.
1387 1025 1446 1091 Oe·

396 1138 502 1194 terum
524 1127 697 1213 aenigmata
716 1126 806 1190 istaec
827 1127 869 1190 ab
891 1125 1105 1211 imprudentia
1123 1127 1177 1190 illa
1198 1149 1296 1212 prope
1317 1128 1445 1202 absunt,

396 1251 467 1314 quoe
488 1228 583 1293 fidem
607 1228 808 1292 historiarum
833 1250 996 1292 sacrarum
1020 1230 1203 1294 subvertere
1227 1252 1306 1294 ausa
1332 1229 1385 1306 sit,
1407 1236 1446 1293 ut

395 1330 520 1415 mystici
536 1331 746 1395 adstruantur
761 1351 871 1393 sensus
886 1330 975 1393 libris
990 1331 1113 1395 divinis.

441 1433 479 1495 P.
495 1454 546 1516 99.
567 1432 588 1497 l.
606 1451 656 1516 23.
677 1432 858 1516 discrimen]
879 1432 959 1496 Tres
978 1432 1050 1495 libri
1071 1440 1194 1497 veteres
1213 1432 1335 1496 habent
1354 1432 1443 1513 deffl-

396 1533 528 1598 rentiam
545 1533 595 1598 cel
614 1534 787 1609 discrimen,
807 1533 888 1596 alius
909 1533 1083 1597 damnare.
1129 1534 1181 1597 Ex
1203 1534 1356 1597 similibus
1378 1533 1445 1596 lon·

396 1636 493 1714 tibus,
509 1644 546 1701 ut
567 1658 651 1721 saepe
672 1636 862 1712 monuimus,
877 1642 950 1699 orta
972 1643 1046 1700 sunt
1066 1642 1118 1700 tot
1137 1635 1289 1700 vocabula
1311 1656 1445 1719 synony-

395 1759 449 1801 ma
463 1738 549 1823 apud
564 1738 765 1823 prriauum.
789 1737 961 1800 Banuzrus.
1010 1739 1063 1801 lta
1083 1750 1117 1802 et
1137 1738 1238 1801 codex
1259 1759 1348 1801 meus
1370 1736 1444 1799 olim

393 1839 595 1904 Mecrmauni
610 1840 815 1922 differentiam
830 1838 879 1902 cel
891 1839 1055 1902 ducrimen
1068 1839 1163 1904 iubet.

440 1943 523 2006 ibid.
538 1943 558 2006 l.
577 1961 627 2024 29.
644 1942 787 2026 praebeat
803 1942 943 2026 patrem]
963 1943 1018 2005 lta
1032 1964 1141 2006 omnes
1155 1942 1222 2006 lere
1236 1941 1307 2004 libri
1323 1946 1446 2005 veteres
1525 1994 1528 1998 .

394 2049 427 2109 et
449 2065 558 2108 omues
583 2043 749 2107 editiones.
796 2043 906 2127 Atque
929 2063 968 2106 ea
989 2042 1083 2107 lectio
1106 2051 1155 2107 est
1178 2043 1309 2128 optima.
1354 2040 1443 2104 Nam

395 2152 518 2209 certum
544 2159 594 2208 est
618 2146 726 2207 Deum
751 2165 785 2206 se
809 2144 955 2208 omnibus
976 2143 1154 2208 hominibus
1176 2144 1344 2229 aequaliter
1366 2165 1444 2228 prae·

394 2253 481 2310 stare
498 2253 633 2329 patrem.
680 2245 741 2308 Est
760 2244 844 2307 enim
865 2254 958 2330 pater
982 2252 1099 2322 noster,
1116 2246 1148 2308 in
1170 2246 1281 2330 primis
1299 2266 1374 2310 vero
1393 2267 1444 2307 eo-

394 2368 466 2410 rum
488 2346 542 2430 qui
564 2346 697 2409 credunt
720 2345 753 2407 in
775 2366 857 2423 cum,
875 2368 983 2409 eorum
1007 2346 1060 2430 qui
1083 2368 1140 2430 per
1161 2368 1234 2410 eum
1255 2345 1445 2410 sanctificati

395 2455 429 2511 et
442 2448 556 2532 gratiae
576 2447 727 2532 spiritalis
748 2448 916 2512 nativitate
937 2447 1078 2533 reparati
1094 2448 1149 2511 filii
1168 2449 1236 2534 ejus
1256 2472 1324 2513 esso
1342 2471 1444 2534 coepe-

396 2557 483 2627 runt,
498 2557 535 2614 ut
552 2550 599 2615 ait
621 2557 750 2614 sanctus
771 2557 894 2632 martyr
909 2550 940 2612 in
957 2550 1038 2612 libro
1052 2549 1092 2612 de
1108 2549 1261 2614 Oratione
1277 2550 1445 2615 Dominica

394 2674 426 2737 p.
451 2655 523 2719 206.
569 2652 614 2716 Et
638 2659 746 2716 tamen
771 2651 931 2715 Pamelius
958 2652 1060 2736 magis
1086 2651 1202 2736 probat
1228 2652 1444 2736 conjecturam

396 2753 531 2819 Costerii
552 2753 764 2817 existimantis
784 2753 952 2838 legendum
973 2774 1042 2816 esse
1056 2774 1192 2837 parem‚·
1217 2775 1350 2838 eamque
1371 2774 1444 2816 con-

392 2855 551 2938 jecturam
572 2854 742 2930 Pamclius,
764 2861 801 2918 ut
822 2854 890 2938 ipse
911 2852 970 2928 ait,
991 2853 1023 2916 in
1046 2875 1104 2916 sua
1126 2852 1263 2916 editione
1286 2852 1445 2938 posuisset

396 2956 456 3019 nisi
484 2957 738 3020 contradicentes
765 2955 929 3019 habuisset
956 2977 1064 3020 omnes
1090 2956 1188 3020 libros
1212 2955 1445 3040 manuscriptos
1544 3035 1546 3038 Ι

396 3064 430 3122 ct
453 3080 561 3121 omnes
585 3059 751 3122 editiones.
796 3060 868 3142 Ego
891 3064 1000 3121 tamon
1025 3080 1133 3122 vocem
1153 3080 1262 3143 parem
1285 3056 1387 3141 reperi
1411 3055 1444 3118 in

396 3161 520 3224 duobus
544 3161 705 3225 codicibus
730 3159 879 3244 antiquis.
911 3160 1080 3223 Buruzrus.
1132 3161 1187 3223 lta
1212 3159 1303 3223 unius
1328 3157 1445 3222 codicis

395 3262 478 3326 hanc
498 3285 568 3326 esse
589 3261 780 3346 scripturam
796 3261 894 3325 relert
910 3261 1009 3324 editio
1025 3263 1139 3337 Oxon,
1155 3262 1210 3325 scd
1224 3271 1349 3346 patrem
1366 3281 1444 3345 prte-

397 3369 487 3427 stant
503 3362 584 3440 libri,
601 3363 715 3448 quibus
730 3370 814 3436 utor,
833 3362 959 3425 MSSti.

442 3463 525 3526 lbid.
551 3464 573 3527 l.
599 3484 651 3548 31.
681 3463 785 3527 adhuc
815 3463 946 3526 horreat
975 3462 1166 3546 exosculari]
1198 3462 1356 3546 Rigaltius
1385 3461 1442 3537 ait,

398 3557 509 3642 Fidus,
530 3566 571 3629 ad
594 3587 687 3650 quem
710 3573 760 3629 est
782 3566 849 3628 hacc
872 3564 1019 3649 Epistola
1041 3564 1199 3648 Cypriani,
1221 3564 1372 3628 horrebat
1394 3585 1444 3626 os·

397 3664 495 3728 culari
517 3687 626 3729 recens
648 3674 743 3729 natos
765 3665 913 3742 infantes,
938 3687 1009 3728 cum
1031 3665 1096 3727 suis
1119 3664 1350 3749 impedimentis
1372 3685 1444 3748 pro-

397 3764 484 3828 fusos
504 3765 614 3849 utique
637 3773 671 3829 et
691 3766 817 3842 oblitos,
833 3766 968 3850 indeque
989 3766 1020 3828 in
1041 3773 1186 3829 octavum
1207 3788 1228 3829 a
1246 3773 1342 3849 partu
1360 3766 1444 3828 diem

396 3863 515 3927 differri
544 3864 738 3949 baptismum
768 3867 905 3930 volebat.
952 3866 1126 3930 Horrorem
1156 3867 1288 3929 discutit
1314 3864 1444 3951 Cypria·

397 3986 457 4029 uus
476 3965 586 4029 iisdem
607 3969 803 4051 argumentis
823 3968 938 4052 quibus
953 3968 1168 4032 Tertullianus
1188 3968 1360 4031 Marcionis
1380 3967 1445 4031 htu-

397 4066 480 4130 rcsin
506 4068 682 4133 confutavit
711 4069 912 4133 exhorrentis
942 4070 1033 4134 Fidei
1058 4071 1248 4143 Christianae
1275 4068 1443 4133 articulum

397 4190 460 4252 quo
485 4167 649 4232 Christum
674 4170 773 4233 filium
799 4171 861 4233 Dei
889 4172 929 4233 dc
955 4172 1071 4234 Mariae
1098 4172 1226 4254 virginis
1253 4180 1345 4235 utero
1371 4192 1445 4233 vere

396 4269 555 4333 hominem
571 4277 681 4333 natum
696 4270 878 4333 adserimus.
924 4273 1059 4335 Uiriatus
1073 4273 1181 4336 ditarit
1194 4273 1340 4335 hominem
1354 4271 1444 4335 illam

396 4370 431 4432 iu
445 4371 658 4446 irnmuuditiic,
674 4372 709 4433 iu
724 4381 805 4434 utere
820 4373 1021 4456 conpilata-rra,
1038 4374 1127 4436 illum
1141 4396 1201 4458 per
1210 4374 1357 4459 prudencia
1368 4396 1443 4457 pro·

395 4471 502 4546 letzim,
516 4470 603 4534 illem
617 4494 678 4556 per
692 4472 828 4537 ludidm'a
842 4476 999 4539 notatum.
1047 4477 1181 4560 Propter
1199 4498 1265 4539 eum
1285 4475 1442 4550 descendit,

389 4581 516 4656 prepter
534 4593 599 4635 eum
609 4574 807 4657 predicavit.
858 4577 905 4640 Tu
919 4576 984 4640 lac
1003 4575 1198 4641 cutiaceuda
1215 4578 1267 4642 illi
1274 4578 1362 4661 sucis
1375 4597 1446 4660 quoe
