3700 5667
411 693 453 757 70
760 689 1113 754 ANNOTATIONES

411 859 489 923 Fab.
501 881 539 922 ec
555 860 639 943 quod
651 858 770 923 scilicet
780 867 895 924 auctor
905 860 1045 944 ipsorum
1056 860 1254 925 Novatianus
1264 861 1459 947 baptismum

408 959 475 1023 siue
506 959 731 1023 chrismaticne
759 960 941 1043 accepisset.
977 961 1092 1024 Vinus.
1150 962 1286 1024 Rufinus
1315 962 1382 1026 haec
1412 965 1460 1028 ita

408 1059 524 1123 Latine
539 1059 714 1142 expressit:
740 1060 806 1123 Nec
817 1060 936 1144 reliqua
951 1063 985 1125 in
999 1084 1039 1138 eo,
1052 1083 1120 1146 qaoe
1130 1061 1310 1146 baptismum
1323 1064 1459 1150 subsequi

405 1160 505 1237 solist,
534 1160 712 1223 sollrruniter
735 1160 901 1245 adiropbstc
926 1173 1006 1240 sant,
1031 1185 1083 1226 mc
1107 1165 1261 1248 sipccmlo
1286 1165 1459 1231 cirismatis

407 1272 624 1326 connumeratus
638 1272 690 1325 est.
713 1264 792 1338 Quas
808 1263 914 1326 Rufini
928 1266 1025 1327 verba
1039 1265 1181 1329 Valesius
1196 1269 1457 1334 annotationibus

406 1364 438 1426 in
459 1365 542 1428 hunc
564 1364 666 1428 locum
683 1365 722 1427 de
741 1364 903 1447 signaculo
926 1366 1117 1443 chrismatis,
1133 1369 1217 1451 quod
1242 1369 1274 1430 in
1297 1370 1457 1453 baptismo

406 1466 579 1541 confertur,
596 1466 837 1550 interpretatus,
854 1467 920 1550 ipse
932 1469 1111 1531 Cornelium
1127 1470 1166 1532 de
1182 1471 1354 1554 signaculo,
1370 1475 1456 1556 quod

406 1567 657 1631 confirmationis
679 1577 879 1630 sacramento
901 1569 1102 1654 percipimus,
1118 1570 1202 1654 loqui
1228 1572 1320 1658 [nou]
1337 1585 1454 1638 censet.

406 1669 469 1733 Sed
486 1669 560 1753 quid
576 1677 674 1744 vetat,
687 1669 854 1753 quominus
869 1669 967 1733 etiam
981 1671 1086 1735 Rufini
1103 1675 1199 1737 verba
1214 1675 1254 1737 de
1268 1676 1328 1738 hoc
1342 1677 1454 1740 eodem

405 1780 605 1835 sacramento
630 1771 887 1856 interpretemur,
914 1794 1014 1856 eaque
1037 1775 1076 1836 de
1103 1774 1265 1859 signaculo
1288 1777 1341 1841 illo
1367 1778 1454 1842 diota

404 1874 625 1960 intelligamus,
646 1877 685 1938 de
708 1897 771 1958 quo
797 1875 973 1959 Cyprianus
994 1875 1096 1959 Epist.
1122 1895 1173 1961 73.
1193 1879 1234 1942 ad
1257 1879 1453 1944 Jubaianum

404 1978 534 2042 scribit:
560 1977 647 2056 Quod
659 1999 740 2040 cunc
750 1999 860 2061 quoquc
873 1978 961 2061 apud
972 2001 1023 2041 nos
1034 1980 1162 2063 peritur,
1173 1991 1206 2044 ut
1216 1983 1270 2066 qui
1282 1983 1316 2045 in
1330 1984 1453 2048 ecclesia

404 2080 608 2166 baptizantur,
627 2081 804 2165 prepositis
828 2079 957 2143 ecclcsioe
984 2083 1159 2162 mfiraruur,
1186 2094 1213 2147 et
1234 2107 1296 2168 per
1320 2097 1452 2151 nostrum

402 2185 566 2247 orationem
590 2203 627 2245 ac
651 2203 758 2244 raucas
784 2182 1000 2265 impositionem
1021 2184 1174 2267 Spiritum
1197 2195 1334 2248 sanctum
1357 2210 1452 2251 come-

402 2296 546 2370 qzmctur,
564 2293 590 2346 et
609 2283 762 2367 ripaticum
780 2283 928 2345 doricim‘co
947 2295 1191 2349 corisumnmutur.
1237 2286 1324 2350 Nam
1345 2297 1378 2352 ct
1399 2290 1451 2355 illc

403 2384 597 2471 signaculum
616 2382 659 2445 ibi
683 2383 845 2468 praedioat,
868 2385 957 2467 cujus
983 2386 1145 2470 proprium
1170 2395 1220 2450 est
1245 2410 1451 2456 corisummaro

403 2487 636 2571 suscipientem.
684 2485 770 2549 Vitio
790 2486 860 2569 quis
875 2488 1015 2565 verterit,
1032 2490 1116 2572 quod
1133 2489 1266 2554 Rufinus
1280 2491 1451 2557 cirismatis

402 2613 520 2666 vocem,
545 2611 613 2674 quae
641 2590 757 2652 Graeco
784 2589 817 2650 in
843 2595 936 2652 textu
963 2611 1026 2652 ucn
1052 2591 1246 2668 enuntiatur,
1269 2593 1450 2660 addiderit?

402 2692 465 2756 Sed
479 2693 733 2757 additamentum
750 2690 833 2753 illius
848 2699 962 2756 scutra
976 2692 1129 2775 temporis
1150 2692 1243 2776 hujus
1258 2715 1350 2757 usum
1372 2696 1449 2759 nihil

401 2802 524 2878 peccat,
554 2794 649 2857 immo
676 2793 763 2857 illum
789 2799 865 2876 apte
891 2793 1038 2878 explicat.
1085 2793 1134 2857 Ut
1160 2794 1242 2857 enim
1269 2795 1449 2880 Cyprianus

401 2896 505 2979 Epist.
525 2916 573 2974 70.
597 2917 667 2958 cum
691 2903 761 2958 tcto
781 2894 934 2959 Africano
956 2896 1088 2960 concilio
1109 2897 1212 2973 docet,
1236 2899 1318 2983 Unpi·
1337 2923 1449 2984 quoquc

399 3019 510 3061 cmcssc
524 3007 564 3060 est
578 3018 645 3060 cum
658 2997 711 3080 qui
731 2994 900 3080 bapt-iactus
918 2996 967 3073 sit,
983 3006 1016 3058 ut
1035 3006 1151 3081 accepto
1170 2996 1336 3075 chrismate,
1352 3000 1390 3062 id
1407 3010 1449 3063 est

399 3100 544 3176 auctions,
572 3120 629 3161 esse
654 3107 759 3160 cumas
785 3098 849 3160 Dei
874 3108 900 3160 ct
924 3096 1031 3160 labero
1056 3097 1090 3159 io
1114 3118 1144 3159 so
1169 3098 1306 3182 pretium
1334 3101 1448 3164 Christi

391 3202 496 3286 poscit.
544 3200 593 3263 lbi
610 3199 691 3262 enim
708 3199 887 3263 unctionem
902 3221 922 3262 a
937 3198 1087 3284 baptismi
1103 3208 1303 3263 sacramento
1317 3201 1446 3266 distinc-

398 3311 466 3367 tam
494 3301 669 3387 praedicari,
694 3310 727 3365 et
751 3324 822 3384 quae
846 3302 989 3385 proxime
1008 3302 1211 3377 antecedunt,
1232 3312 1265 3365 et
1288 3304 1446 3385 particula

396 3427 516 3489 quoque,
538 3412 571 3469 ct
591 3404 688 3468 verba
709 3405 763 3488 qui
784 3402 954 3488 baptizatus
974 3405 1023 3479 sit,
1040 3425 1102 3466 uon
1124 3404 1178 3487 qui
1200 3402 1374 3486 baptizatur
1387 3413 1445 3468 aut

396 3509 449 3591 qui
471 3506 669 3591 baptizandus
690 3516 741 3581 cst,
757 3506 913 3570 crincunt.
959 3505 1061 3568 Porro
1083 3527 1122 3568 ex
1145 3527 1192 3582 eo,
1209 3506 1290 3589 quod
1314 3506 1445 3570 Novati·

353 3660 356 3665 .
395 3631 475 3671 anus
506 3608 698 3691 baptismum
727 3608 794 3671 sinc
826 3606 1053 3671 chrismaticnc
1089 3607 1271 3689 accepisset,
1301 3606 1444 3671 Valesius

395 3732 541 3772 manasse
559 3716 653 3792 putat
674 3731 803 3784 morem,
821 3711 860 3772 dc
876 3731 939 3792 quo
955 3707 1174 3771 Theodoretus
1189 3707 1242 3771 lib.
1259 3707 1300 3771 iii.
1319 3708 1441 3773 Haeret.

397 3811 478 3874 Fab.
502 3831 570 3893 cap.
590 3830 621 3891 5.
644 3810 691 3872 ita
713 3810 870 3894 loquitur:
904 3809 1077 3872 Noocticoi
1100 3831 1275 3874 successores
1298 3811 1349 3885 iis,
1373 3832 1444 3894 quos

394 3912 560 3998 baptizarit,
583 3913 804 3976 candissimo-m
829 3915 961 3977 chrisma
985 3934 1044 3976 iton
1058 3912 1206 3997 proterit.
1253 3914 1444 3998 Quapropter

393 4037 449 4091 cos,
464 4015 518 4099 qui
532 4037 568 4078 en
587 4015 643 4078 tao
663 4015 770 4079 lroerosi
792 4016 913 4101 corpori
934 4015 1063 4078 ecclcsioe
1084 4014 1315 4100 conjunc-paritur,
1331 4015 1442 4079 lauda-

391 4117 502 4180 tissimi
509 4127 617 4199 patres
628 4117 736 4202 inuopi
743 4126 963 4202 preceperunt.
988 4115 1051 4178 Sed
1062 4115 1186 4179 Nioaeni
1199 4124 1308 4200 patres
1320 4120 1345 4180 C
1349 4139 1399 4179 an.
1412 4120 1440 4181 8.

393 4227 520 4283 tantum
541 4219 739 4304 praecipiunt,
755 4228 791 4282 ut
808 4218 978 4283 Novatiani
1001 4241 1058 4303 per
1075 4241 1187 4282 manus
1208 4218 1442 4304 impositionem

391 4321 614 4404 suscipiantur.
673 4320 734 4383 His
757 4322 959 4384 concinentes
984 4321 1114 4385 Sinicius
1138 4321 1241 4405 Epist.
1258 4344 1285 4384 v.
1310 4343 1337 4384 c.
1355 4324 1383 4385 8.
1407 4333 1441 4386 et

393 4423 598 4486 Innocentius
625 4421 729 4506 Epist.
745 4421 776 4485 ii.
805 4444 874 4507 cap.
891 4424 920 4485 8.
947 4423 1156 4500 constituunt,
1184 4432 1217 4486 ut
1243 4423 1391 4486 uenientes
1419 4443 1440 4484 α

392 4524 580 4588 Noomicois
602 4524 648 4587 ccl
669 4522 875 4587 Mommsibm
891 4546 953 4608 per
976 4546 1083 4588 munus
1105 4525 1211 4602 (addit
1232 4524 1439 4588 Innocentius

389 4626 521 4711 tantum)
544 4625 761 4709 impositionem
783 4626 999 4710 suscipiantur,
1027 4627 1112 4690 nullu
1134 4626 1326 4691 inunctionis
1350 4626 1438 4689 lacta
