3700 5667
519 657 566 720 IN
590 658 621 722 S.
638 657 852 722 CORNELII
877 659 1177 724 FRAGMENTA.
1331 662 1373 729 79

315 839 439 914 partem
462 828 607 893 dissidant
630 829 791 914 actionique
806 830 1016 913 praesentiam.
1063 831 1102 893 In
1125 830 1237 894 Africa
1260 830 1373 894 saltem

320 932 464 1008 calicem,
495 954 558 1015 quo
594 932 723 1016 sanguis
752 932 873 996 Christi
911 932 1145 1008 continebatur,
1182 954 1203 995 a
1231 933 1373 997 diaconis

322 1032 441 1118 porrigi
467 1033 664 1098 consuevisse
690 1035 784 1097 docet
813 1034 890 1096 illud
914 1034 1064 1119 Cypriani
1089 1034 1144 1098 lib.
1170 1035 1210 1097 de
1237 1035 1372 1118 Lapsis:

329 1134 391 1199 Ubi
426 1158 493 1199 cero
520 1135 707 1201 sollemnibus
735 1137 919 1222 adimpletis,
949 1138 1072 1201 calicem
1100 1136 1245 1202 dicamas
1269 1139 1374 1218 offerm

314 1238 517 1324 prcesmtibns
532 1241 628 1325 erepit.
674 1240 830 1304 Eumdem
845 1263 964 1304 morem
975 1241 1086 1305 Romae
1099 1242 1253 1305 usitatum
1268 1241 1372 1307 innuit

322 1343 408 1424 apud
424 1343 632 1405 Ambrosium
646 1341 699 1405 lib.
715 1341 734 1404 i.
752 1342 841 1406 Offia.
858 1365 886 1406 c.
897 1363 928 1423 4.
945 1342 998 1427 pia
1013 1343 1226 1428 expostulatio
1242 1344 1275 1407 S.
1290 1342 1373 1406 Lau-

323 1442 417 1506 rentii
431 1443 645 1508 archidiaconi
661 1446 693 1508 S.
708 1443 850 1528 Xystum
866 1445 1048 1528 pontificem
1062 1446 1107 1509 sio
1122 1445 1370 1530 interpellantis:

325 1545 387 1609 Cas'
410 1545 583 1610 commisisti
597 1546 754 1610 Dominici
779 1547 938 1631 moysacis
957 1549 1202 1612 commotionem
1225 1548 1300 1629 (hoc
1322 1554 1372 1611 est

321 1647 497 1711 consecrati
519 1647 682 1733 sanguinis
704 1648 834 1711 Domini
854 1648 1150 1733 dispensationem)
1166 1649 1217 1712 cni
1239 1670 1371 1712 censens·

322 1749 501 1813 rrmndoman
516 1750 694 1814 consortium
707 1759 972 1827 sacransentecam,
988 1751 1058 1814 hnic
1073 1752 1231 1836 maeoniam
1244 1752 1291 1815 tne'
1305 1773 1372 1815 cen·

321 1853 447 1916 antem
471 1855 588 1937 necas?
633 1853 689 1915 Ad
715 1853 798 1916 idem
828 1853 1039 1917 ministerium
1070 1853 1180 1917 referri
1207 1855 1372 1918 commode

323 1962 442 2039 potest,
451 1956 536 2040 quod
551 1956 591 2019 de
607 1956 748 2020 diaconis
759 1956 912 2020 Romanae
928 1955 1066 2020 ecclesiae
1081 1956 1212 2040 loquens
1222 1957 1372 2041 antiquus

323 2067 435 2121 auctor
451 2058 571 2138 Quaest.
581 2072 645 2123 vet.
662 2065 695 2123 et
710 2079 780 2122 nov.
791 2057 878 2122 Tcet.
895 2059 981 2141 apud
992 2057 1207 2142 Augustinum
1219 2059 1370 2141 Append.

324 2159 609 2225 tom.iii.o.101.
632 2161 823 2246 generaliter
849 2160 947 2225 dicit:
981 2161 1118 2224 Diaconi
1146 2182 1213 2245 erqo
1236 2160 1308 2222 crdo
1331 2169 1374 2224 cst

322 2262 457 2347 accipiere
471 2285 492 2326 a
506 2262 664 2343 socordem,
681 2263 766 2327 etsie
784 2260 968 2347 dareplebi.
1015 2264 1133 2326 Verum
1154 2262 1372 2325 sacerdotibus

322 2364 366 2440 id,
377 2365 461 2451 quod
476 2364 617 2429 diaconis
632 2366 830 2429 committere
841 2371 1084 2441 consueverunt,
1097 2387 1154 2449 per
1168 2387 1202 2428 se
1217 2374 1371 2449 praestsre

322 2489 478 2551 nusquam
492 2481 542 2531 est
557 2467 911 2552 prohibitum...1mmo,
928 2467 954 2530 si
969 2466 1230 2553 Ohrysostomum
1246 2465 1368 2529 Hamil.

321 2571 374 2650 46.
390 2569 423 2631 in
436 2569 560 2634 Matth.
574 2569 752 2647 audiamus,
765 2569 822 2633 soti
834 2569 983 2632 sacerdoti
997 2568 1064 2633 ticet
1077 2570 1200 2633 caticem
1213 2568 1372 2654 scaenicis

320 2671 619 2757 dominicipraiere.
667 2673 730 2736 Sed
745 2694 817 2736 cum
835 2679 965 2736 sanctus
985 2671 1036 2735 ille
1052 2671 1175 2735 Doctor
1189 2692 1252 2734 non
1269 2672 1370 2735 addat

313 2773 409 2860 peti,
425 2776 493 2859 ejus
508 2776 699 2840 sententiam
713 2798 754 2840 ex
766 2775 870 2839 verbis
882 2777 1002 2854 Quoest.
1015 2783 1078 2838 vet.
1094 2796 1131 2838 ec
1147 2796 1217 2837 nov.
1230 2773 1369 2839 Testem.

321 2877 466 2963 proxime
487 2875 593 2941 allatis
614 2876 764 2961 explicari
785 2878 829 2940 nil
843 2884 942 2942 vetat.
991 2876 1038 2940 Ut
1053 2877 1149 2940 verbo
1168 2876 1284 2954 dicam,
1301 2897 1369 2940 ccr-

319 3001 381 3064 pus
399 2986 433 3043 et
447 2979 631 3064 sanguinem
646 2979 765 3044 Christi
786 2979 911 3065 populis
930 2979 1059 3044 tradere
1081 3002 1205 3064 semper
1224 2980 1370 3044 sacerdo-

318 3081 407 3145 tibus
436 3103 476 3145 ex
505 3080 618 3158 officio,
647 3082 788 3146 diaconis
823 3090 931 3146 autem
965 3089 1130 3166 tamquam
1166 3084 1369 3148 sacerdotum

319 3183 474 3248 ministris
497 3206 536 3248 ex
557 3185 693 3270 quodam
716 3207 876 3261 concessu,
902 3192 936 3249 et
961 3185 1151 3250 necessitate
1174 3184 1369 3271 postulante,

317 3286 395 3351 olim
420 3286 520 3364 licuit,
542 3308 609 3363 seu,
630 3294 667 3351 ut
688 3308 760 3351 eum
781 3294 912 3351 auctore
934 3287 1070 3355 Coustit.
1094 3290 1212 3373 Apost.
1233 3287 1287 3350 lib.
1303 3285 1367 3351 viii.

318 3411 391 3473 cap.
417 3390 468 3454 28.
497 3389 621 3473 loquar,
648 3389 806 3454 Diaconos
829 3410 889 3453 noa
917 3391 1028 3471 ossen.-
1065 3388 1209 3453 oblatiore
1235 3408 1302 3450 cero
1329 3384 1368 3449 at

316 3490 451 3576 episcopo
464 3499 519 3554 cat
532 3488 811 3575 presbyteresaeta,
828 3491 883 3555 dat
893 3491 1017 3576 popam,
1032 3513 1092 3555 nm
1106 3500 1259 3575 tamqnam
1272 3509 1368 3552 sacer·

317 3592 381 3670 dos,
396 3593 449 3657 sed
465 3602 620 3678 tamqnam
638 3594 692 3679 qni
705 3594 860 3657 ministret
873 3593 1083 3658 sacerdotihss.
1129 3591 1215 3654 Hinc
1230 3589 1368 3654 Cartha·

317 3695 449 3781 ginense
472 3718 514 3759 ιν.
537 3695 711 3760 Ooncilium
734 3717 803 3759 can.
827 3711 880 3780 37.
906 3695 967 3759 hoc
992 3695 1161 3780 praemittit
1186 3693 1364 3766 monitum3

316 3796 478 3861 Dracones
490 3797 538 3861 ita
556 3819 586 3862 se
600 3795 772 3882 pessimat
786 3805 820 3860 nt
834 3797 966 3882 episcopi
986 3799 1159 3863 minianen
1173 3797 1306 3862 necat:
1328 3817 1368 3861 ac

317 3899 433 3964 deiude
447 3922 516 3965 can.
531 3902 583 3986 38.
607 3900 693 3964 istud
714 3899 872 3984 adjungit,
894 3900 935 3963 Ut
953 3901 1109 3977 diaconas,
1116 3908 1267 3985 prasente
1281 3919 1367 3983 pres-

316 4001 429 4087 bytero,
456 4001 669 4067 materiariam
701 4002 833 4086 coeperis
864 3996 982 4066 Christi
1004 4002 1128 4088 populo,
1158 4002 1187 4066 si
1213 4000 1368 4065 neccessitas

316 4113 410 4189 coeat,
426 4104 531 4188 james
554 4113 658 4189 nepot.
705 4103 817 4180 Porro,
847 4110 884 4167 ut
911 4103 1061 4168 laudatus
1083 4103 1220 4188 scriptor
1245 4102 1366 4182 Quaest.

316 4213 380 4271 vet.
395 4215 430 4271 et
449 4228 520 4270 nov.
536 4206 676 4270 Tectam.
695 4204 765 4269 loco
784 4205 885 4269 citato
902 4206 1062 4282 observat,
1076 4205 1175 4288 major
1190 4203 1263 4268 ordo
1281 4203 1367 4266 intra
1457 4286 1460 4291 Ι

314 4330 347 4374 se
358 4307 445 4373 leuda
459 4318 487 4372 et
500 4308 653 4372 ennaea.
698 4306 860 4390 Presbyter
873 4310 955 4373 enim
968 4319 995 4372 et
1013 4308 1136 4373 aiacem
1155 4306 1220 4392 nait
1238 4303 1367 4387 effidem

315 4419 344 4474 et
357 4410 512 4474 sammaa
525 4418 553 4473 et
567 4408 692 4474 neam.
716 4409 890 4475 Ouumsur.

360 4512 398 4577 P.
410 4514 463 4578 26.
477 4511 498 4576 l.
512 4531 560 4596 13.
576 4510 925 4599 διανέμων-ἐπιδιδοὺς]
945 4515 1097 4592 διανείμας
1108 4510 1236 4596 Systceti.
1249 4509 1366 4575 ἐπιδοὺς

316 4615 389 4680 MS.
405 4613 499 4680 Bedl.
530 4613 642 4679 Verba
658 4619 708 4693 τῆς
728 4614 771 4693 ὠὴ
788 4615 837 4680 ait
863 4637 898 4680 se
920 4615 1166 4701 deprehendisse
1190 4614 1365 4686 Britanna,
