3700 5667
699 665 1062 728 THEOGNOSTUS.
1336 668 1401 729 418

357 836 438 918 ἔχειν
459 837 532 898 υἱόν·
555 834 620 898 υἱὸν
643 836 674 896 δέ
698 835 807 916 λέγων,
833 836 941 913 κτίσμα
963 835 1052 898 αῦτδν
1076 837 1248 916 ἀποφαίνει,
1272 838 1401 901 καὶτῶν

356 951 486 1027 λογικῶν
509 948 603 1025 μόνον
629 948 809 1018 ἐπιστατεῖν,
834 946 881 1009 καὶ
908 944 977 1009 ἀλλ’
1003 947 1076 1009 drea
1102 948 1204 1025 ὥσπερ
1230 946 1401 1029 Ὠριγένης,

358 1055 492 1135 ἐπιφέρει
511 1058 551 1139 τῷ
571 1056 634 1139 vici.
663 1057 721 1118 είτε
736 1056 844 1133 ὁμοίως
862 1056 965 1138 ἐκείνιρ
985 1056 1149 1139 δυσσεβείη
1167 1057 1314 1128 ἑαλωκὼς,
1331 1060 1400 1130 εἴτε,

357 1166 396 1230 ὡς
417 1165 455 1228 ἀν
478 1189 521 1229 τις
544 1167 630 1236 είποι,
650 1162 869 1242 ἐκβιασάμενος
891 1163 945 1242 τὴν
966 1165 1040 1243 ῦπέρ
1062 1164 1152 1227 αὐτοῦ
1174 1166 1351 1246 ἀπολογίαν,
1368 1169 1403 1231 ἐν

329 1277 522 1355 5γυμνασίας
543 1276 625 1358 λόγῳ
647 1276 694 1337 καὶ
713 1275 748 1337 οῦ
769 1276 854 1354 δόξης
873 1279 966 1336 ταῦτα
983 1276 1140 1354 προτιθείς·
1164 1275 1246 1353 ἢκαὶ
1260 1278 1336 1357 πρὸς
1348 1278 1403 1357 τὴν

356 1390 408 1447 τοῦ
428 1386 573 1464 ἀκροατοῦ
595 1383 656 1461 ἕξιν
678 1384 726 1446 καὶ
747 1382 920 1456 ἀσθένειαν,
936 1382 1066 1462 ἀμυήτου
1084 1390 1248 1456 παντελῶς,
1265 1388 1292 1449 εί
1306 1388 1402 1469 τόχοι,

357 1498 442 1560 ὄντος
456 1499 508 1556 τοῦ
523 1500 581 1556 τῶν
596 1498 784 1574 Χριστιανῦυ
798 1498 952 1573 θειασμοῦ,
966 1495 1014 1557 καὶ
1027 1494 1068 1574 μὴ
1083 1496 1246 1574 δυναμένου
1261 1495 1404 1574 δέξασθαι

358 1605 411 1681 τὴν
433 1603 483 1682 τῆς
505 1605 661 1685 θρησκείας
683 1604 849 1684 ἀκρίβειαν,
869 1605 1159 1684 ῦπακατασπόμενσς
1181 1608 1232 1683 τῆς
1252 1606 1403 1684 ἀληθείας·

359 1715 406 1776 καὶ
427 1714 481 1791 τὴν
502 1713 694 1793 ὁπωσδήποτε
717 1719 830 1795 γνῶσιν
850 1716 915 1777 υἱοῦ
936 1715 986 1791 τῆς
1007 1718 1173 1779 παντελοῦς
1195 1712 1334 1792 ἀνηκοΐας
1356 1716 1404 1778 καὶ

313 1827 509 1906 ιοᾶγνωσίας
533 1824 787 1906 λυσιτελεστέραν
813 1825 938 1903 νομίζων
965 1823 1041 1886 εἶναι
1067 1824 1206 1904 ἀκροατῇ.
1234 1826 1316 1888 ἀλλὰ
1341 1830 1404 1889 δια-

359 1936 440 2015 λέξει
459 1938 515 2014 μὲν
534 1937 552 2015 ἡ
574 1936 693 2014 τοιαύτη
716 1935 872 2016 καταφυγὴ
892 1938 944 1997 τοῦ
963 1933 1003 2012 μὴ
1023 1933 1127 2015 λέγειν
1148 1937 1251 2015 ὀρθῦς,
1267 1937 1315 1999 καὶ
1330 1938 1403 2001 ἀνα-

359 2049 497 2130 χόρησις,
514 2046 566 2110 οῦκ
587 2045 625 2110 δν
639 2048 783 2112 ἀπίθανος
798 2046 865 2108 οῦδὲ
884 2047 985 2128 ψόγου
1005 2044 1135 2128 ἐχομένη
1149 2044 1229 2125 δόξη
1252 2050 1290 2111 td
1303 2052 1406 2111 πολλὰ

359 2162 417 2238 γὰρ
438 2157 474 2242 τῇ
495 2160 547 2217 τοῦ
566 2154 861 2235 προσδιαλεγομένου
883 2155 985 2235 γνόμη
1009 2155 1056 2217 καὶ
1078 2156 1147 2233 δόξη
1169 2154 1218 2217 καὶ
1239 2156 1321 2238 ὶσγμίιι
1343 2161 1405 2220 δια-

359 2264 526 2345 πράττεται.
546 2262 701 2346 ἐγγρόφου
715 2264 748 2327 δέ
762 2264 855 2343 λόγον
871 2261 918 2325 καὶ
934 2268 1033 2325 κοινοῦ
1047 2268 1222 2343 προκεῖσθαι
1240 2263 1408 2343 μέλλοντος

316 2395 348 2449 15
361 2378 451 2455 νόμον
466 2381 528 2441 τοῖς
542 2379 644 2447 πᾶσιν,
662 2377 690 2437 εί
708 2399 751 2440 τις
769 2378 821 2452 τῆς
841 2376 874 2437 ἐν
892 2374 970 2459 αῦτιῦ
990 2375 1188 2455 βλασφημίας
1203 2375 1258 2453 τὴν
1271 2401 1407 2457 προειρη-

359 2486 452 2565 μένην
472 2488 514 2551 είς
534 2486 672 2549 ἀθόωσιν
693 2484 829 2566 ἐπιφέρει
851 2484 1031 2565 ἀπολογίαν,
1049 2486 1091 2551 είς
1111 2486 1223 2564 ἀσθενῆ
1244 2484 1406 2568 κατέδραμε

360 2597 549 2676 συνηγορίαν.
575 2596 677 2675 ὥσπερ
699 2596 730 2657 δέ
754 2596 788 2657 ἐν
811 2598 849 2679 τῷ
873 2591 1009 2679 δευτέρῳ,
1033 2595 1108 2657 οὕτω
1132 2595 1179 2657 καὶ
1202 2597 1236 2659 ἐν
1257 2596 1297 2680 τῷ
1319 2600 1406 2683 τρίτιρ

360 2705 440 2787 λόγῳ
469 2705 537 2784 περὶ
565 2708 617 2767 τοῦ
646 2704 733 2785 ἀγίου
762 2706 938 2783 Πνεῦματος
967 2703 1193 2783 διαλαμβάνον,
1224 2708 1322 2784 τίθησι
1350 2709 1408 2785 μέν

361 2814 580 2896 ἐπιχειρήματα,
600 2814 653 2892 τὴν
675 2820 728 2878 τοῦ
749 2814 897 2895 παναγίου
920 2814 1095 2892 Πνεόματος
1117 2817 1263 2879 δεικνύειν
1284 2818 1409 2898 ὕπαρξιν

315 2946 351 2983 20
361 2924 608 3004 ἀποπειρώμενος·
627 2925 664 2987 τδ
678 2923 702 2986 δ’
714 2924 808 2997 ἄλλα,
824 2925 926 3005 ὥσπερ
937 2922 1098 3005 Ὠριγένης
1112 2927 1146 2988 ἐν
1160 2929 1200 3011 τῷ
1215 2928 1284 3008 περὶ
1295 2928 1406 3011 ἀρχῦν,

360 3036 434 3097 οὕτω
459 3035 507 3098 καὶ
531 3034 618 3101 αὐτὸς
641 3037 769 3099 ἐνταῦθα
792 3040 969 3116 παραληρεῖ.
1008 3038 1042 3098 ἐν
1065 3038 1098 3099 δέ
1122 3037 1162 3121 τῷ
1189 3036 1316 3123 τετάρτιρ
1339 3040 1408 3120 περὶ

360 3242 457 3312 quibus
481 3242 549 3296 effici
573 3245 610 3296 ait
632 3244 788 3307 necessario
808 3244 858 3296 Pa·
908 3246 992 3297 mein
1007 3243 1185 3313 disputatione
1197 3243 1249 3298 hoc
1260 3254 1338 3313 pacto
1351 3262 1408 3300 rec·

360 3322 428 3364 trem
442 3311 540 3365 habere
554 3312 660 3365 Filium.
690 3313 727 3365 At
741 3329 803 3365 curn
816 3313 859 3365 Fi·
908 3321 963 3365 tam
982 3313 1139 3365 sententiam
1157 3311 1296 3376 declinare,
1313 3314 1347 3367 ab
1365 3332 1408 3368 ea·

360 3382 427 3433 lium
446 3380 517 3441 dicit,
531 3390 677 3434 creaturam
695 3398 752 3435 esse
770 3381 859 3449 ipsum
927 3399 961 3434 ue
977 3380 1098 3434 recedere
1115 3397 1171 3433 non
1186 3382 1296 3435 omnino
1314 3382 1408 3437 absur-

317 3467 331 3503 2
335 3464 352 3523 5
362 3448 534 3512 demonstrat,
559 3458 585 3503 et
613 3451 713 3503 ratione
741 3449 859 3517 praeditis
908 3399 984 3511 dum,
1004 3458 1050 3502 aut
1070 3449 1273 3519 reprehensione
1295 3450 1408 3521 dignum

361 3528 466 3571 tantum
478 3536 599 3587 praeesse.
633 3520 673 3572 Ac
685 3520 762 3588 plura
772 3518 801 3571 id
812 3536 859 3598 ge·
910 3518 1045 3572 videatur:
1066 3519 1140 3583 (nam
1152 3518 1190 3571 ibi
1201 3519 1325 3590 pleraque
1336 3539 1368 3574 ex
1381 3539 1409 3576 e-

361 3607 413 3641 nus
431 3589 489 3649 alia,
506 3606 560 3641 una
578 3605 640 3641 cum
660 3588 776 3658 Origene
795 3588 860 3641 Filio
906 3589 961 3657 jus,
976 3587 1020 3669 qui
1034 3596 1125 3641 contre
1140 3586 1266 3657 disputat,
1279 3592 1410 3646 sententie

361 3657 497 3721 adscribit,
521 3658 576 3711 sire
606 3659 698 3711 eadem
727 3657 860 3726 impietate
909 3656 1080 3726 etoprnione,
1093 3674 1123 3711 ac
1136 3658 1249 3728 quesivi
1262 3659 1355 3728 fiune)
1376 3660 1409 3715 In

362 3727 472 3790 ductum
490 3728 554 3789 sire,
564 3736 595 3781 ut
606 3728 666 3799 quis
675 3726 779 3790 dixerit,
788 3727 860 3782 illius
912 3728 1011 3797 scripta
1024 3736 1113 3781 tamen
1128 3727 1255 3791 oratione,
1269 3746 1329 3800 quce
1342 3729 1409 3802 legis

316 3796 521 3864 godesendendi
545 3797 643 3859 studio,
667 3796 860 3852 exercitationis
909 3798 993 3851 instar
1009 3797 1134 3851 omnibus
1152 3798 1180 3851 in
1196 3799 1333 3853 communi
1347 3817 1409 3870 pro-

362 3867 454 3920 isthrec
467 3867 559 3936 gratia,
573 3877 598 3921 et
613 3885 668 3921 non
685 3885 717 3921 ex
734 3885 782 3921 sua
799 3885 859 3921 sen·
909 3866 1033 3936 ponende
1045 3867 1088 3929 sit,
1102 3867 1124 3920 si
1136 3867 1195 3938 quis
1207 3867 1277 3922 hanc
1290 3870 1332 3923 sui
1345 3888 1408 3940 pur·

363 3937 445 3990 tentia
463 3954 512 4017 pro
549 3955 624 3999 nens,
644 3937 699 3991 sive
718 3954 734 3990 a
752 3938 859 3991 veritate
910 3936 1410 4011 gundicausablasphemiaeconscrip-

363 4006 485 4059 nonnihil
500 4024 516 4059 e
536 4006 596 4060 duci
613 4007 712 4069 sinens,
725 4007 760 4060 ob
776 4007 859 4060 imbe-
910 4016 945 4061 tte
955 4007 1135 4061 defensionem
1146 4006 1255 4069 adferet,
1264 4010 1287 4062 is
1300 4026 1363 4063 sane
1375 4010 1410 4065 ed

364 4077 505 4139 ciuitatem,
534 4085 641 4146 captum
659 4094 693 4129 ue
722 4075 860 4137 auditoris,
910 4076 1073 4130 imbecillum
1082 4076 1409 4146 confirgietpatrocinium.

316 4152 353 4213 35
364 4147 410 4216 qui
422 4147 496 4199 nulla
507 4146 619 4199 fortasse
630 4094 692 4199 fidei
703 4145 861 4199 Christianae
910 4145 973 4199 Jem
991 4154 1022 4198 ut
1040 4145 1159 4199 secundo
1176 4145 1253 4209 libro,
1266 4147 1303 4199 ita
1317 4156 1343 4200 et
1357 4156 1409 4202 ter-

364 4216 514 4285 cognitione
523 4215 652 4277 imbutus,
660 4215 750 4268 minus
760 4224 861 4284 poterat
911 4215 957 4276 tio,
968 4213 1000 4267 de
1014 4214 1114 4284 Spiritu
1127 4224 1219 4267 sancto
1230 4223 1355 4279 tractans,
1368 4234 1410 4270 er·

364 4286 552 4338 accuratiorem
572 4284 605 4337 de
625 4285 670 4337 reli
689 4284 749 4337 ione
770 4286 861 4353 cogni-
951 4294 1039 4337 ruente
1057 4282 1165 4355 quidem
1182 4282 1299 4348 adhibet,
1312 4286 1411 4356 quibus

364 4356 463 4408 tionem
476 4354 621 4415 admittere,
631 4363 662 4407 ut
671 4302 729 4406 diiii
742 4361 861 4423 propter·
934 4353 1042 4421 piritum
1052 4361 1175 4406 sanctum
1182 4369 1239 4406 esse
1248 4363 1360 4409 conetur
1366 4374 1410 4411 os·

364 4423 861 4494 eaqualemcumquecognitionemau-
912 4421 1029 4484 tendere;
1046 4422 1411 4485 rerumcaetera‚sdm0dum

318 4507 355 4559 40
366 4494 444 4546 ditori
467 4494 598 4546 utiliorem
620 4493 774 4546 existimarit
795 4510 862 4553 esse,
914 4491 1039 4561 Origenis
1051 4491 1119 4546 libro
1132 4490 1165 4545 de
1178 4492 1322 4561 principiis,
1331 4496 1410 4551 etiam

365 4581 445 4643 quam
464 4563 487 4615 si
504 4564 614 4616 omnino
631 4580 680 4616 nec
699 4563 805 4632 agnitus
820 4563 863 4615 ilie
912 4562 984 4614 hicn
1023 4561 1093 4615 ando
1106 4561 1206 4615 deliret.
1234 4561 1337 4620 Quarto
1349 4565 1411 4620 dein

366 4632 598 4693 s1t‚neceuditus.
622 4633 722 4687 Verum
736 4641 766 4686 ut
779 4633 862 4686 mexi-
913 4631 981 4685 libro
1023 4632 1176 4702 eAngelis,
1196 4642 1222 4685 et
1243 4632 1412 4691 daemonibus
