3700 5667
571 662 621 724 IN
647 661 879 726 CONCILIA
904 662 1154 726 CARTHAG.
1323 664 1386 732 149

336 832 513 897 litterarum
532 831 722 914 Pelagianis,
738 839 775 894 ut
792 829 917 894 notavit
936 829 1050 896 Oellier
1065 830 1206 894 Histoire
1223 829 1386 907 cosma

337 935 395 999 &a
412 934 472 997 vol.
490 933 533 996 iii.
555 956 586 1018 p.
602 952 677 1017 590.
703 932 896 1016 objecerunt.
943 934 1070 997 Extant
1096 940 1204 997 autem
1230 940 1387 1018 praterea

337 1035 473 1121 insignia
491 1035 637 1121 quaedam
659 1035 699 1098 de
718 1045 850 1119 peccato
870 1034 1000 1119 originis
1020 1034 1053 1097 in
1069 1033 1221 1118 Cypriani
1241 1034 1322 1097 libro
1337 1037 1387 1100 Do

339 1137 463 1203 Habito
482 1138 640 1223 Vispincm
655 1159 686 1222 p,
703 1139 786 1211 1803
810 1144 908 1220 atque
926 1136 1095 1221 adjiciendi
1113 1142 1188 1199 sunt
1203 1136 1387 1200 auctoribus

338 1239 398 1303 illis
418 1240 588 1316 veteribus,
604 1262 684 1324 quos
706 1238 865 1324 dogmatis
887 1237 981 1322 hujus
1003 1237 1138 1302 adduxit
1157 1237 1296 1302 vindices
1317 1260 1387 1303 eru·

338 1340 512 1405 ditissimus
528 1340 657 1405 Vossius
677 1341 710 1403 in
730 1341 812 1404 Hist.
835 1339 1012 1424 Petspiono
1030 1340 1085 1403 lib.
1101 1339 1132 1404 ii.
1154 1362 1186 1423 p.
1207 1360 1234 1403 1.
1255 1339 1338 1404 thes.
1354 1357 1386 1424 5.

338 1443 532 1528 Theophilus
556 1443 784 1518 Antiochenus,
812 1442 1036 1519 Tertullianus,
1062 1441 1167 1525 (cujus
1190 1450 1300 1506 tamen
1324 1448 1387 1506 tes-

338 1544 504 1609 timonium
522 1545 682 1629 quoddam
697 1545 730 1607 iu
749 1544 891 1608 Thesides
909 1544 1014 1608 Tdeol.
1029 1555 1056 1607 et
1070 1545 1193 1608 Hister.
1209 1544 1338 1628 Disput.
1353 1542 1386 1606 ii.

338 1648 380 1710 ab
403 1647 514 1710 eodem
536 1646 668 1710 affertur
690 1646 827 1730 Vossi0,)
848 1645 1055 1730 Hippolytus,
1077 1645 1293 1721 Finnilianus‚
1316 1647 1388 1709 Me·

337 1748 478 1821 thodius,
509 1748 743 1833 Dionysiusque
773 1747 1024 1823 Alexandrinus,
1055 1748 1261 1812 vetustissimi
1291 1747 1387 1832 scrip

337 1860 449 1925 tores3
484 1872 542 1914 neo
570 1850 694 1925 dubito,
725 1849 800 1933 quin
829 1849 944 1912 horum
973 1849 1068 1913 dictis
1097 1851 1172 1913 addi
1202 1860 1388 1915 mereantur

337 1951 509 2017 Clementis
530 1951 666 2014 Romani
688 1950 742 2014 illa
761 1951 794 2014 in
815 1951 957 2035 Epistola
977 1951 1021 2014 od
1044 1952 1227 2028 Corinthios,
1248 1974 1319 2038 cap.
1333 1973 1388 2037 31.

338 2053 487 2119 Ueterum
512 2052 545 2116 iu
568 2053 669 2137 Epist.
695 2055 748 2116 66.
773 2075 803 2138 p.
825 2071 899 2138 593.
925 2059 1004 2116 tom.
1026 2052 1058 2116 ii.
1079 2054 1130 2116 ed.
1171 2054 1388 2119 Benedictiuae

339 2155 539 2240 Augustinus
568 2155 636 2218 hoee
665 2154 797 2229 scribit3
836 2156 951 2219 Beatus
979 2156 1102 2240 quidem
1128 2157 1301 2241 Cyprianus
1330 2177 1389 2219 noa

338 2258 464 2342 aliquod
491 2257 639 2320 deeretm
668 2258 794 2322 eosdm
822 2278 942 2332 mcum,
974 2257 1029 2321 sed
1054 2259 1184 2323 cccksioe
1207 2258 1305 2340 fidem
1328 2259 1388 2341 fir·

340 2359 506 2423 missimcm
533 2379 656 2422 amens
684 2358 730 2422 ad
752 2359 961 2443 corripendum
986 2381 1043 2435 eos,
1069 2359 1124 2445 qui
1141 2357 1296 2443 putatote
1320 2368 1390 2422 ants

338 2471 474 2527 oderam
501 2460 583 2524 diem
605 2461 863 2524 satisdationes
885 2481 945 2523 esse
965 2461 1135 2544 porculum
1161 2458 1388 2544 baptizandum,

338 2585 398 2627 noa
417 2574 549 2638 comem
566 2561 620 2624 sed
637 2562 776 2624 animam
797 2562 879 2626 dicit
900 2582 959 2624 esse
980 2583 1042 2625 oon·
1054 2561 1256 2648 perdendam,
1270 2571 1298 2626 ct
1320 2583 1391 2625 mos

338 2673 444 2727 satam
466 2663 525 2727 rite
545 2662 699 2748 baptizari
714 2685 814 2748 porse,
832 2685 899 2727 cum
923 2663 987 2727 suis
1011 2663 1191 2749 quibusdem
1215 2664 1390 2749 coqriscopis

340 2765 462 2829 emerit.

384 2868 421 2931 P.
441 2888 511 2933 101.
526 2868 546 2931 l.
566 2888 614 2931 10.
631 2866 811 2931 nativitatis
831 2888 897 2931 suae
917 2874 991 2930 ortu
1009 2865 1187 2952 plorantes]
1211 2865 1390 2950 Scriptores

340 2967 470 3032 Ethnici
492 2969 660 3033 infantium
682 2968 779 3032 modo
801 2976 951 3032 natorum
972 2967 1095 3044 fletum,
1117 2967 1316 3032 miseriarum
1338 2991 1386 3032 se-
1497 3028 1499 3033 ,

340 3071 466 3155 quentis
488 3071 562 3134 vitae
587 3091 680 3134 omen
703 3069 884 3154 putabant:
908 3069 1087 3154 Cyprianus
1109 3069 1222 3152 pietati
1247 3070 1388 3147 ascribit,

340 3178 374 3236 et
393 3194 450 3236 eeu
473 3194 601 3257 precum
621 3169 858 3237 inarticulatam
878 3170 1046 3233 formulam
1067 3172 1279 3234 commendat.
1311 3170 1389 3234 Fu„

344 3297 407 3339 uus.
457 3275 502 3338 Et
526 3274 605 3338 alius
630 3274 760 3358 quidam
783 3296 823 3337 ex
846 3272 992 3357 patribus
1014 3273 1103 3335 Ante
1126 3273 1275 3350 Nicaenis‚
1297 3273 1388 3357 cujus

341 3387 449 3442 tamen
471 3398 586 3440 nomeu
606 3398 677 3439 mea
697 3376 816 3440 excidit
834 3375 995 3452 memoria,
1012 3396 1121 3437 recens
1141 3381 1289 3438 natorum
1304 3374 1390 3458 vagi·

341 3486 394 3545 tus
407 3479 448 3543 ad
463 3478 713 3563 deplorationem
728 3476 852 3561 peccati
867 3475 997 3561 originis
1013 3476 1193 3559 detorquet.

606 3884 781 3951 CONOIL.
804 3883 1034 3950 OARTHAG.
1060 3881 1123 3945 IV.

386 4086 468 4150 lbid.
490 4089 512 4151 l.
541 4088 590 4153 18.
612 4087 769 4173 Epistola]
792 4087 923 4152 certum
948 4093 998 4150 est
1021 4086 1103 4149 hauc
1128 4085 1294 4169 epistolam
1322 4105 1389 4148 esse

341 4190 577 4273 responsionem
599 4191 641 4252 ad
664 4189 831 4273 epistolam
855 4209 951 4272 quam
972 4185 1110 4272 episcopi
1134 4184 1271 4268 Hispani
1293 4184 1390 4268 scrip-

341 4296 449 4353 serant
464 4290 506 4353 ad
523 4290 622 4354 Atros
635 4291 668 4354 iu
683 4312 779 4354 causa
794 4289 944 4353 Basilidis
958 4296 992 4353 et
1010 4285 1181 4351 Martialis.
1219 4284 1313 4348 Nulla
1327 4284 1389 4350 illic

341 4391 461 4455 mentio
481 4391 624 4475 epistolae
645 4392 688 4455 ab
708 4391 769 4455 illis
790 4391 917 4475 scriptae
938 4391 980 4454 ad
1002 4391 1173 4452 Romanos.
1218 4387 1264 4450 Et
1282 4395 1390 4451 tamen

342 4490 508 4569 Barouius,
526 4493 579 4577 qui
599 4493 667 4558 vult
684 4493 791 4556 omnia
810 4492 1012 4557 ecclesiarum
1032 4489 1162 4575 negotia
1175 4488 1310 4553 vetustis
1329 4488 1390 4551 illis

339 4595 536 4679 temporibus
552 4595 654 4659 relata
667 4595 763 4659 fuisse
781 4596 823 4659 ad
840 4595 974 4679 Papam,
991 4591 1148 4656 verisimili
1164 4597 1198 4655 et
1213 4590 1389 4655 vehementi

339 4717 373 4760 se
399 4695 472 4762 duci
496 4697 679 4781 conjectura
703 4696 750 4761 ait
774 4704 811 4761 ut
834 4695 995 4760 existimet
1019 4694 1158 4759 Felicem
1181 4701 1215 4758 et
1237 4691 1389 4758 Sabinum
