3700 5667
489 658 555 725 198
822 656 1202 722 ANNOTATIONES

530 824 568 887 P.
582 840 651 887 120.
668 823 688 888 l.
703 825 733 888 6.
749 823 967 909 vivificandus]
980 826 1037 889 Ita
1051 823 1250 889 restituimus
1264 844 1304 886 ex
1318 821 1382 886 fide
1392 827 1536 886 veterum

488 919 784 1010 manuscriptorum.
833 927 912 990 Vide
932 935 1027 991 notas
1046 927 1088 990 ad
1107 926 1223 990 librum
1243 927 1282 989 de
1300 925 1453 989 Oratione
1470 925 1536 987 Do-

488 1026 613 1090 minioa.
637 1027 804 1091 Bsuumue.
852 1028 903 1091 Ibi
918 1029 1067 1091 nimirum
1081 1029 1232 1110 oiosjteeto
1246 1026 1392 1114 projecti
1496 1048 1536 1089 ex

488 1129 576 1192 libris
605 1128 653 1192 vir
677 1129 880 1195 doctissimus
904 1130 1051 1195 similiter
1074 1131 1236 1206 restituit3
1267 1151 1340 1193 cum
1365 1129 1450 1193 enim
1475 1128 1535 1191 hoo

488 1227 558 1292 loco
577 1228 735 1313 pleraeque
755 1230 911 1301 editiones
931 1238 1007 1295 ante
1029 1231 1152 1294 Fellum
1170 1231 1330 1315 impressae
1349 1229 1535 1292 habuissent

480 1331 706 1414 ybetifieoedoe,
727 1333 835 1417 posuit
858 1333 974 1418 praesul
999 1333 1051 1396 ille
1078 1355 1118 1396 ex
1143 1355 1207 1396 uno
1232 1332 1339 1396 codice
1362 1330 1535 1394 Bodleiano

488 1433 688 1498 temnendus.
726 1434 788 1497 Sed
805 1443 839 1499 et
858 1435 1060 1498 Caecilianum
1074 1435 1223 1510 editiones,
1239 1434 1321 1498 sieut
1336 1433 1534 1517 adaptatione,

488 1533 585 1596 immo
609 1534 707 1598 etiam
732 1535 924 1599 Ememt‘ena
952 1537 1103 1620 Cypriani
1128 1536 1228 1611 editio,
1253 1535 1286 1598 in
1312 1558 1375 1619 qua
1399 1534 1535 1619 primum

489 1635 595 1720 posita
609 1636 677 1700 haee
693 1640 788 1709 Acta,
805 1645 902 1723 atque
918 1637 1056 1701 Morellii
1071 1637 1134 1713 ille,
1149 1637 1348 1719 vivificandus
1367 1642 1534 1720 praestant,

489 1737 574 1821 quod
598 1759 638 1801 ex
659 1738 721 1802 fids
742 1749 873 1803 ceterum
894 1740 1167 1823 nwnueonptornm
1188 1761 1223 1802 se
1245 1737 1422 1802 restituisse
1444 1736 1535 1800 addit

488 1838 646 1903 Baluzius.
691 1840 855 1905 Praestant
879 1863 976 1925 porro
1001 1841 1201 1923 nietfleendue
1225 1840 1327 1903 codex
1351 1838 1431 1901 Novi
1456 1838 1534 1902 0011.

487 1940 580 2016 alter,
599 1963 750 2026 meusque
770 1943 845 2006 olim
865 1943 1054 2021 Druriauus
1069 1943 1125 2006 sod
1147 1941 1336 2006 innovandus
1353 1939 1434 2004 Novi
1453 1939 1533 2003 Coll.

488 2042 584 2126 prior,
600 2053 699 2129 atque
713 2045 796 2108 alter
810 2067 899 2108 meus
915 2043 1208 2108 Meennannianus.

534 2144 614 2208 Ibid.
631 2145 649 2208 l.
665 2165 696 2228 9.
717 2147 869 2232 Hippone
883 2146 983 2231 regio]
1000 2146 1089 2209 Urbs
1108 2153 1158 2210 est
1173 2144 1344 2223 Numidiae,
1361 2142 1534 2228 Augustini

488 2247 580 2310 sedes
605 2247 798 2332 episcopalis.
831 2251 865 2311 A
889 2248 1083 2332 Carthagine
1107 2247 1208 2311 distat
1231 2245 1396 2310 Antonino
1419 2267 1534 2330 suppu-

489 2356 580 2414 tante
597 2351 669 2413 218.
692 2351 739 2413 M.
759 2351 794 2413 P.
817 2350 859 2414 ab
882 2350 1033 2435 Hippone
1053 2349 1210 2413 diarrhito
1229 2352 1299 2412 160.
1320 2347 1367 2411 M.
1385 2348 1423 2411 P.
1443 2346 1534 2410 Nunc

488 2450 641 2534 temporis
655 2451 846 2536 appellatur,
860 2452 962 2515 Bone.
987 2451 1118 2515 Faunus.

533 2549 728 2614 Ibid.1.12.
754 2559 909 2637 quantum
935 2552 968 2614 in
992 2552 1082 2615 nobis
1108 2553 1172 2638 est]
1199 2551 1260 2615 Ait
1283 2550 1477 2634 respondens
1502 2548 1533 2612 S.

489 2651 706 2737 Augustinus;
733 2654 815 2717 Vidit
823 2654 931 2739 plures
944 2654 1015 2717 duic
1028 2654 1181 2718 ementita
1196 2653 1272 2732 (hoc
1287 2660 1337 2716 est
1351 2650 1532 2730 contrariae)

488 2755 661 2828 mentre,
677 2777 698 2818 a
712 2777 838 2839 qswmm
855 2765 956 2819 tamen
972 2756 1125 2828 ooasmtio,
1140 2776 1177 2818 ne
1195 2754 1361 2818 cichretar
1379 2753 1490 2828 eadm,
1505 2772 1536 2814 se

488 2855 542 2918 ists·
556 2855 604 2935 (hi
618 2863 693 2919 sunt
707 2856 926 2941 suffragatoris
941 2859 970 2919 ot
984 2858 1163 2937 ὁμόφρονες)
1178 2876 1323 2940 separare
1335 2876 1394 2917 nors
1404 2861 1534 2938 possm

489 2955 530 3019 In
545 2958 704 3020 Sententia
717 2958 803 3020 xviii.
826 2957 964 3021 Sedatus
983 2957 1148 3042 episcopus
1165 2957 1258 3034 dixit,
1275 2958 1376 3035 Quare
1391 2954 1535 3018 omnibus

489 3057 628 3142 pacificis
643 3059 770 3143 quidem
784 3059 902 3123 viribus
916 3059 1075 3122 timeum
1087 3068 1139 3134 eet,
1153 3080 1190 3122 ne
1204 3059 1273 3142 quie
1286 3058 1423 3121 heretico
1437 3075 1536 3119 more

488 3158 617 3243 infectus
630 3168 657 3222 et
670 3160 780 3223 tinetas
793 3159 948 3244 singulare
964 3159 1037 3243 (sic)
1053 3168 1081 3223 et
1095 3180 1199 3222 oerum
1214 3159 1342 3221 molesiae
1356 3156 1536 3241 baptismam

488 3261 628 3326 detumet
641 3263 785 3347 deripere.
817 3263 981 3326 Conferet
995 3262 1093 3346 ipsius
1108 3260 1256 3345 Cypriani
1271 3260 1469 3344 prooemium.

535 3364 618 3428 Ibid.
642 3364 663 3426 l.
688 3384 734 3447 15.
761 3363 931 3429 Successus
961 3364 1003 3427 ab
1029 3363 1127 3449 Abir]
1158 3363 1211 3426 Ad
1241 3363 1324 3425 huuc
1353 3361 1535 3446 episcopum

489 3450 668 3550 Epistulam
688 3487 777 3530 sunm
797 3488 883 3530 num.
900 3467 951 3529 80.
971 3465 1130 3550 signatam
1149 3464 1276 3548 scripsit
1296 3464 1328 3528 S.
1345 3462 1535 3547 Cyprianus,

489 3576 526 3631 ut
541 3568 581 3631 de
596 3568 762 3653 ingruente
777 3569 945 3632 vexatione
964 3589 1036 3631 eum
1056 3567 1252 3641 admoneret,
1268 3587 1332 3629 non
1347 3565 1447 3628 multo
1462 3572 1536 3650 post

488 3668 555 3754 ipse
571 3669 683 3732 ultima
697 3692 858 3754 passurus.

533 3767 617 3829 Ibid.
633 3767 653 3830 1.
670 3785 720 3829 21.
737 3769 949 3850 Fortunatus]
969 3769 1066 3831 Hunc
1083 3769 1240 3853 accepisse
1259 3789 1280 3832 a
1294 3769 1452 3853 Cypriane
1470 3767 1535 3853 epi·

489 3867 604 3932 stolam
633 3867 729 3941 illam,
755 3891 826 3952 quae
854 3870 1038 3933 inscribitur
1060 3872 1109 3934 De
1130 3871 1347 3934 Exhortatioae
1368 3870 1533 3953 Martyrii,

489 3976 582 4034 notat
604 3969 776 4033 Marcellus
797 3992 870 4056 pag.
885 3973 961 4054 316.
981 3971 1041 4036 vol.
1058 3971 1078 4035 i.
1098 3974 1221 4056 Africa
1242 3973 1437 4049 Christiano,
1458 3993 1534 4036 voce

490 4071 712 4135 Thuccaboris.

532 4173 617 4237 Ibid.
640 4173 660 4237 l.
685 4191 738 4257 23.
762 4195 857 4258 super
879 4172 1020 4258 petram]
1045 4177 1100 4239 Ita
1125 4184 1254 4242 sauctus
1277 4176 1478 4262 Augustinus
1502 4176 1532 4238 in

488 4275 558 4339 loeo
572 4275 667 4360 paulo
685 4281 760 4337 ante
778 4274 919 4338 laudato.
966 4277 1021 4338 Ita
1040 4277 1138 4340 etiam
1160 4278 1287 4362 scripsit
1309 4278 1471 4350 Erasmus,
1488 4278 1534 4341 ita

488 4398 612 4461 quoqne
633 4397 691 4460 ego
711 4376 813 4459 reperi
836 4376 867 4438 in
888 4377 1028 4461 quinque
1047 4379 1207 4442 codicibus
1227 4379 1378 4462 antiquis.
1424 4377 1534 4440 Aliam

488 4476 653 4540 lectionem
671 4498 742 4561 quae
764 4475 862 4540 babet
881 4499 972 4560 super
988 4481 1127 4555 Petmem,
1143 4479 1204 4564 legi
1222 4480 1255 4541 iu
1276 4479 1385 4542 codice
1407 4477 1535 4561 Segnis-

487 4576 578 4641 riano
592 4589 626 4640 et
640 4576 672 4639 in
687 4575 757 4639 aliis
771 4577 943 4642 tredecim:
968 4586 1001 4642 et
1022 4580 1067 4643 sio
1089 4601 1214 4665 qnoque
1235 4579 1388 4664 scriptum
1410 4600 1479 4642 esse
1501 4577 1534 4640 in

488 4675 649 4740 codicibus
671 4677 895 4762 manuscriptis
920 4701 1051 4764 operum
1077 4679 1179 4744 sandi
1204 4679 1379 4764 Augustini
1404 4686 1536 4742 monent
