3700 5667
400 683 444 750 56
739 681 1121 746 ANNOTATIONES

400 854 582 918 hilariorem
603 852 782 937 significan
808 848 891 933 quod
915 867 978 909 non
999 846 1101 909 solum
1121 854 1228 909 ortum
1243 868 1311 909 esse
1327 868 1366 908 ex
1384 847 1451 908 He-

401 955 509 1019 braica
522 976 629 1018 verum
642 954 740 1017 ctiam
749 953 862 1017 Graeea
871 949 1020 1033 loquendi
1036 947 1263 1012 consuetudine
1275 948 1449 1011 doctissimi

400 1055 457 1120 viri
473 1056 514 1119 ibi
532 1056 714 1119 ostendunt.

443 1159 483 1221 P.
501 1178 552 1244 23.
568 1160 588 1222 l.
603 1177 632 1221 2.
656 1161 783 1244 εἰκονικῇ
803 1158 861 1219 τινὶ
881 1155 929 1218 καὶ
946 1154 1056 1237 ματαίᾳ
1075 1151 1294 1236 χειρεπιθεσίᾳ]
1327 1153 1449 1215 Adum-

399 1261 526 1325 brutam
555 1270 590 1326 et
619 1282 742 1325 cassam
776 1259 862 1323 illam
893 1254 1064 1319 Novatiani
1095 1254 1326 1317 ordinationem
1357 1262 1450 1318 vocat

400 1362 572 1437 Cornelius,
588 1364 671 1448 quad
690 1364 776 1425 sacta
791 1368 875 1424 esset
894 1359 936 1422 ab
952 1357 1083 1421 alterius
1101 1356 1270 1441 provinciae
1285 1356 1450 1441 episcopis,

399 1486 462 1528 non
478 1466 520 1528 ab
535 1465 573 1527 iis
588 1465 640 1550 qui
656 1463 860 1528 consecrandi
878 1461 1044 1524 Pontificis
1059 1459 1195 1522 Romani
1205 1458 1260 1543 jus
1275 1459 1450 1537 habebant,

400 1567 574 1650 eujusmodi
590 1573 683 1630 erant
695 1563 859 1635 Ostiensis,
873 1562 1059 1626 Tiburtinus
1074 1570 1107 1625 et
1123 1560 1194 1623 alii:
1217 1562 1300 1643 quod
1316 1583 1336 1623 a
1348 1567 1449 1624 temu-

399 1667 494 1732 lentis
509 1669 615 1740 facta;
641 1668 724 1752 quod
741 1688 799 1748 per
813 1667 874 1729 vim
889 1691 897 1737 ;
924 1665 1008 1748 qnod
1024 1664 1104 1726 hora
1119 1662 1181 1725 diei
1196 1662 1336 1732 decima;
1363 1663 1447 1746 quod

399 1790 462 1831 non
487 1778 645 1854 praeseute
667 1769 783 1853 populo
806 1789 863 1831 nec
888 1767 992 1837 cler0;
1026 1766 1110 1850 quod
1135 1764 1269 1848 denique
1294 1765 1357 1828 alio
1379 1767 1447 1849 jam

398 1871 546 1956 episcopo
561 1871 700 1956 legitime
715 1871 872 1933 ordinate.
919 1870 1020 1930 Porro
1037 1889 1107 1929 curn
1120 1865 1283 1929 Cornelius
1297 1867 1363 1951 ipse
1378 1877 1446 1931 turn

398 1973 449 2036 hic
472 1980 542 2037 tum
565 1973 596 2036 in
618 1972 765 2057 Epistola
786 1972 827 2034 ad
851 1971 1044 2056 Cyprianum
1067 1976 1210 2044 testetur,
1233 1968 1448 2032 Novatianum

397 2096 419 2139 a
440 2075 543 2138 tribus
566 2074 720 2158 episcopis
742 2084 961 2137 consecratum
984 2073 1089 2147 luisse,
1109 2071 1208 2134 miror
1230 2072 1314 2154 quod
1337 2072 1448 2135 scribit

397 2175 555 2240 Paeianus
571 2177 602 2239 in
619 2175 766 2260 Epistola
776 2194 803 2238 2.
821 2176 862 2237 ud
876 2175 1149 2260 Sempronianum.
1175 2176 1230 2236 Aa
1241 2177 1446 2253 Narrationes,

397 2300 483 2364 qaam
505 2276 649 2341 absentem
670 2279 794 2362 epistola
818 2279 986 2362 episomam
1000 2277 1124 2360 fiaait?
1155 2299 1242 2360 quem
1264 2288 1448 2341 aoruecraata

396 2380 481 2442 arella
503 2379 629 2443 linteata
650 2381 730 2442 sedes
750 2381 872 2464 accepit.
924 2379 969 2442 Et
992 2377 1086 2461 paulo
1110 2388 1183 2461 post
1203 2379 1243 2440 dc
1265 2379 1376 2442 eodem
1401 2381 1448 2445 ita

397 2480 547 2564 loquitur,
559 2481 623 2543 siaa
636 2482 851 2545 masecratiaae
865 2481 998 2567 topici-raa
1012 2482 1180 2565 priscarum
1186 2481 1318 2563 sarnam,
1329 2481 1449 2565 ideoque

396 2604 450 2646 aaa
461 2583 595 2664 sactum,
603 2605 663 2668 per
676 2582 830 2668 epistolas
845 2605 947 2646 emam
963 2584 1017 2667 qai
1036 2604 1065 2644 aa
1084 2581 1261 2666 confusores
1279 2604 1336 2645 asse
1355 2584 1447 2646 sirau·

396 2685 506 2750 laram.
554 2688 607 2749 Ex
630 2687 744 2771 quibus
760 2686 889 2750 Paeiuni
905 2686 1008 2749 verbis
1030 2685 1133 2769 colligi
1156 2686 1290 2759 videtur,
1316 2685 1447 2749 Novati·

396 2808 494 2850 anum
507 2787 672 2852 absentem
693 2789 788 2851 fuisse
802 2787 984 2851 ordinatum
1000 2787 1181 2872 episcopum
1202 2808 1259 2871 per
1279 2786 1444 2870 epistolam

396 2891 606 2974 quorumdam
624 2891 847 2967 consessorum,
863 2890 974 2953 eodem
996 2889 1173 2972 modoque
1195 2889 1403 2972 magistratus
1425 2912 1446 2952 a

396 2991 538 3076 principe
553 2993 698 3056 mandari
714 2992 859 3056 solebant
873 3013 931 3076 per
945 2991 1121 3074 epistolam.
1171 2990 1355 3055 Linteatam
1371 3013 1445 3054 vero

395 3093 503 3156 sedem
517 3093 659 3178 appellat
676 3093 833 3157 Paciauus
847 3093 1061 3178 pontificalem
1081 3094 1279 3169 cathedram,
1299 3117 1337 3157 eo
1359 3095 1444 3178 qnod

395 3194 722 3263 linteisstemeretur.
755 3197 845 3277 Quod
861 3199 959 3263 etiam
974 3205 1115 3262 testatur
1128 3199 1325 3281 Augustinus
1339 3198 1444 3281 Epist.

397 3314 469 3382 203.
515 3297 675 3382 Iafiaaro
690 3299 754 3362 Dei
762 3299 896 3383 judicio,
909 3322 964 3367 ma
976 3300 1093 3366 absides
1108 3301 1261 3384 predata,
1275 3322 1327 3362 aaa
1346 3301 1443 3362 ratla-

394 3400 462 3464 alroe
475 3400 590 3466 orbata.
637 3401 728 3466 Idem
744 3408 885 3468 testatur
899 3405 1034 3489 epistola
1054 3402 1205 3487 synodica
1227 3403 1444 3486 cpiscoporum

395 3502 534 3588 AEgypti
550 3526 645 3588 qnam
666 3504 764 3569 refert
779 3505 977 3571 Athanasius
997 3507 1030 3569 in
1046 3505 1205 3590 Apologia
1219 3510 1280 3570 πῶς
1294 3505 1327 3566 δὲ
1348 3503 1376 3563 οἱ
1390 3502 1443 3565 τὸν

395 3608 504 3685 θρόνον
514 3607 568 3668 τὸν
581 3607 798 3687 ἐστολισμένον
810 3611 1005 3675 ἐπισκοπικῶς
1014 3610 1196 3686 ὀδυρόμενοι,
1208 3609 1262 3668 &a
1293 3606 1443 3670 Ceterum

396 3703 551 3767 Pacianus
576 3705 624 3769 ita
649 3729 721 3769 anm
746 3707 892 3772 cornelio
917 3709 1075 3773 conciliari
1102 3715 1220 3793 potest,
1248 3709 1273 3772 ei
1301 3708 1442 3770 dieamus

395 3804 619 3881 Novatianum,
648 3807 751 3891 primo
784 3809 911 3892 quidem
939 3832 961 3874 a
989 3809 1222 3874 confessoribus
1251 3811 1282 3873 in
1316 3832 1443 3874 carcere

393 3905 506 3991 positis
520 3905 703 3991 episcopum
721 3929 778 3992 per
792 3910 957 3994 epistolam
974 3910 1175 3996 designatum
1193 3911 1305 3976 fuisse:
1330 3919 1444 3996 postea

393 4032 469 4076 vero
484 4032 505 4074 a
519 4011 622 4076 tribus
636 4012 697 4077 illis
712 4014 867 4100 episeopis
881 4014 1074 4079 ordinatum.
1097 4013 1259 4076 Vauasrus.

439 4112 522 4178 lbid.
537 4113 558 4177 l.
575 4131 605 4194 7.
628 4112 651 4201 ᾧ
665 4118 713 4180 καὶ
729 4116 968 4197 ἓκοινωνήσαμεν
983 4118 1021 4184 ὡς
1035 4118 1143 4202 Aetati]
1168 4115 1297 4200 Optime
1308 4114 1443 4178 Rufinus

393 4216 490 4281 vertit
511 4217 595 4282 hunc
617 4218 732 4296 locum,
746 4228 774 4284 ot
787 4217 822 4282 ia
841 4219 1071 4284 communiorem
1093 4218 1205 4281 lateam
1219 4217 1334 4303 popam
1350 4217 1444 4279 etiam

386 4338 450 4403 pru
474 4317 526 4381 lae
551 4319 762 4385 manmena
786 4332 936 4407 sueaaptue
960 4329 1010 4385 aa
1064 4321 1186 4401 Quibus
1211 4320 1315 4383 verbis
1340 4318 1444 4382 innuit

393 4420 568 4497 Cornelius,
598 4422 780 4508 episcopum
809 4422 897 4487 illurn
926 4422 980 4509 qui
1014 4422 1228 4486 Novatianum
1265 4441 1335 4484 eum
1372 4419 1444 4482 aliis

393 4520 518 4585 duobus
541 4522 669 4609 collegis
695 4525 908 4601 ordinaverat,
934 4547 955 4588 a
981 4546 1015 4586 se
1039 4524 1219 4608 depositum
1244 4543 1323 4597 esse,
1350 4528 1384 4584 et
1410 4520 1442 4583 iu
1515 4574 1521 4583 .

392 4623 546 4688 laieorum
568 4625 709 4689 ordinem
733 4626 908 4690 redactum.
959 4627 1042 4690 Cum
1064 4625 1147 4688 enim
1169 4621 1442 4687 excommunicare
