3700 5667
392 652 456 713 1582
726 648 1105 713 ΑΝΝΟἸἈΤΙΟΝΕΞ

393 821 435 884 tis
451 821 656 905 consignavit,
670 820 778 905 paucis
792 819 863 884 istis
876 817 1060 903 praemissis,
1076 818 1160 881 Μίαν
1174 817 1210 895 δὴ
1224 818 1280 881 οὖν
1295 820 1331 881 ἐκ
1348 824 1450 898 κοινῆς

392 924 510 1003 γνώμης
529 924 558 985 oi
576 923 624 984 ἐπὶ
646 922 734 985 ταύτὸ
755 919 1023 1003 συγκεκροτημένοι
1044 917 1184 997 ποιμένες
1205 917 1449 1002 διαχαρόξαντες

394 1022 557 1100 ἐπιστολὴν
572 1026 613 1089 είς
630 1025 792 1102 πρόσωπον
808 1027 861 1085 τοῦ
875 1048 908 1086 τε
920 1020 1074 1100 Ῥωμαίων
1090 1021 1252 1084 ἐπισκόπου
1267 1026 1445 1095 Διονυσίου,

394 1126 441 1187 καὶ
464 1127 602 1205 Μαξίμου
624 1131 676 1189 τοῦ
698 1124 758 1189 κατ’
774 1123 1017 1204 Ἀλεξάνδρειαν,
1034 1123 1083 1186 ἐπὶ
1103 1120 1203 1188 πάσας
1224 1121 1447 1200 διαπέμπονται

393 1230 445 1293 τὰς
466 1229 617 1310 ἐπαρχίας·
641 1229 694 1307 τὴν
709 1229 805 1291 αὐτῶν
820 1227 953 1305 σπουδὴν
967 1231 1028 1292 τοῖς
1042 1230 1117 1289 πᾶσι
1129 1227 1266 1305 φανερὰν
1280 1226 1445 1290 καθιστάν-

392 1350 449 1395 τες·
474 1329 591 1392 καὶτοῦ
613 1330 737 1391 Παύλου
756 1328 811 1406 τὴν
830 1327 1014 1407 διάστροφον
1029 1327 1222 1407 ἐτεροδοξίαν·
1246 1325 1396 1409 ἐλέγχους
1411 1352 1446 1393 τε

394 1431 442 1493 καὶ
457 1429 614 1510 ἐρωτήσεις
633 1431 667 1495 ἃς
683 1435 757 1509 πρὸς
776 1429 866 1493 αὐτὸν
883 1427 1122 1506 δνακεκινήκασι·
1145 1429 1193 1490 καὶ
1211 1428 1256 1492 ἐτι
1272 1429 1327 1492 τὸν
1344 1429 1446 1493 πάντα

392 1534 464 1611 βίον
479 1557 511 1595 τε
531 1532 578 1595 καὶ
597 1533 707 1612 τρόπον
726 1536 778 1594 τοῦ
796 1531 902 1610 ἀνδρὸς
921 1532 1118 1611 διηγούμενοι·
1141 1532 1173 1608 ἐξ
1187 1532 1229 1593 ὦν
1244 1530 1362 1610 μνήμης
1376 1532 1442 1595 ἐνε·

394 1658 445 1695 κεν
461 1639 558 1698 καλῶς
575 1633 612 1697 ἂν
631 1635 697 1715 ἔχοι
712 1635 819 1698 ταύτας
836 1634 933 1695 αὐτῶν
948 1634 997 1695 ἐπὶ
1015 1638 1067 1695 τοῦ
1082 1633 1229 1712 παρόντος
1243 1636 1378 1696 διελθεῖν
1389 1636 1445 1700 τδς

393 1733 505 1815 φωνάς.
531 1733 705 1811 Ἐπιστολή.
732 1738 936 1819 ΔΙΟΝΥΣΙῼ
950 1733 1008 1796 διο.
1049 1734 1155 1796 Onmoe
1172 1733 1275 1817 itaquo
1292 1733 1329 1796 in
1348 1754 1444 1796 ιιπτιπς

391 1836 560 1920 οοηρνοραίί
585 1834 739 1910 atuaticos,
756 1855 850 1897 meum
871 1856 905 1896 ca
927 1834 1075 1897 οοοινιυιιὶ
1094 1834 1240 1897 samia
1259 1833 1307 1897 ad
1324 1834 1445 1917 Diony·

392 1939 472 2001 sium
498 1939 645 2000 Ιίουιοοσ
669 1934 754 1999 ardre
780 1936 960 2021 ορίςοορυιη,
984 1946 1012 1999 ct
1037 1937 1082 1999 ad
1103 1937 1281 2000 Muciorum
1304 1935 1443 2000 Alcaco·

340 2097 342 2101 .
393 2038 518 2102 cirinum
531 2038 715 2122 scripserunt
729 2037 902 2121 ηνὶειοίοηιε
924 2058 1048 2120 eamque
1067 2038 1112 2100 αιί
1128 2059 1226 2102 omncs
1244 2037 1355 2101 deindo
1371 2058 1444 2122 pro·

394 2143 512 2205 cinciae
525 2140 780 2204 transmiserunt:
804 2149 867 2202 tum
885 2149 920 2202 ct
937 2140 1072 2204 audam
1090 2161 1181 2203 cuum
1199 2162 1237 2204 αο
1250 2140 1444 2226 ιίίίίριπίίσιις

393 2243 527 2309 omnibus
547 2244 738 2307 dccdrraroat
748 2269 764 2316 ,·
786 2253 850 2306 tum
871 2252 904 2306 ut
919 2265 1096 2327 ροτυοττιιυι
1116 2243 1216 2307 Pauli
1237 2244 1357 2328 ἄορτιιο,
1376 2264 1444 2307 eon-

385 2347 558 2432 futatioacr
582 2368 694 2431 quoq-oe
718 2354 746 2408 ct
770 2344 986 2429 δίςρυνοιίοοιτ
1013 2344 1159 2409 adnuae
1186 2345 1275 2409 illam
1298 2344 1441 2418 tobiam

394 2457 587 2532 comamque
608 2447 735 2510 Ιιουιίτιίο
757 2447 852 2509 citam
873 2467 910 2508 σο
931 2467 1025 2508 onmes
1047 2455 1233 2532 οορουοτοτιί.
1278 2449 1382 2511 Pom
1395 2447 1444 2532 ip-

395 2561 489 2615 οουιοί
515 2550 639 2613 itonam
662 2546 760 2621 cerda,
785 2547 830 2611 ad
849 2557 1031 2632 μορσίμους
1053 2559 1242 2632 ροτίονυιτιυι
1267 2550 1444 2613 memorium

395 2675 454 2716 που
468 2652 686 2717 incommodae
694 2651 801 2734 suerit
814 2650 863 2714 tio
880 2651 1003 2733 referre.
1032 2649 1186 2734 Epistola.
1210 2650 1443 2725 DIONYSIO‚

398 2757 454 2818 &a
501 2755 715 2837 Hieronymus
736 2752 847 2826 tradit,
864 2760 900 2815 ut
921 2752 1015 2815 medo
1035 2752 1111 2824 dixi,
1130 2752 1343 2817 Malchiouem
1360 2754 1444 2818 hano

398 2855 563 2939 epistolam
584 2877 623 2916 ex
639 2874 775 2937 persona
792 2851 904 2935 synodi
922 2851 1094 2935 scripsisse,
1108 2854 1193 2937 quod
1208 2853 1335 2937 quidem
1351 2877 1445 2941 prop·

397 2964 448 3018 ter
467 2954 685 3018 testimouium
708 2953 904 3036 Hieronymi,
926 2953 1093 3017 verisimile
1114 2954 1249 3030 videtur,
1268 2957 1325 3020 sed
1347 2958 1388 3021 de
1409 2977 1445 3020 re

398 3057 471 3120 silet
492 3055 656 3118 Eusebius.
702 3054 845 3139 Opellam
863 3077 938 3118 vero
956 3064 1031 3122 aute
1048 3078 1099 3120 me
1115 3057 1311 3134 Geliandius,
1326 3059 1445 3143 partim

398 3183 438 3223 ex
459 3158 609 3232 Eusebio,
625 3158 743 3242 partim
763 3179 837 3220 vero
858 3180 899 3222 ex
921 3158 1056 3222 Leontio
1074 3157 1251 3243 Byzantino
1273 3171 1445 3245 sumptum,

398 3270 487 3328 tomo
502 3260 545 3326 iii.
561 3259 754 3324 Bibliotheca
772 3282 837 3323 suae
852 3262 927 3326 PP.
945 3260 1096 3344 inscripto
1113 3260 1304 3326 Malchionis
1319 3264 1447 3327 nomine

401 3386 464 3428 una
482 3385 553 3427 curn
570 3362 686 3426 Valesii
704 3362 788 3426 notis
808 3361 934 3446 adjecit.
979 3362 1128 3424 Ceterum
1144 3384 1253 3425 vocem
1267 3362 1445 3441 Ἐπιστολὴ,

402 3487 497 3549 quam
521 3486 560 3527 ex
583 3463 708 3547 scriptis
730 3463 795 3525 suis
817 3461 978 3525 codicibus
1000 3462 1125 3525 addidit
1141 3462 1298 3539 Valesius,
1317 3464 1349 3526 in
1373 3463 1445 3527 dod.

400 3567 499 3632 Socii.
525 3588 579 3629 seu
603 3566 693 3628 Bodl.
717 3566 839 3634 inveni;
870 3565 1074 3649 praetermisit
1097 3574 1204 3630 antem
1227 3566 1392 3631 Strothius
1414 3566 1448 3631 in

400 3690 458 3730 sun
482 3667 609 3729 Eusebii
634 3667 783 3741 editione,
806 3688 906 3749 neque
932 3675 1024 3730 extat
1047 3667 1114 3731 haee
1140 3669 1290 3749 ἐπιγραφὴ
1312 3669 1345 3731 in
1368 3670 1446 3733 MS.

401 3766 540 3848 Norfolc.
587 3767 697 3850 Neque
719 3768 751 3828 in
771 3768 878 3830 codice
894 3768 1233 3841 Mediae-Formam,
1249 3792 1343 3854 quern
1360 3770 1449 3835 ultra

401 3866 619 3950 septingentos
639 3889 740 3930 annos
759 3868 855 3930 fuisse
876 3871 1029 3951 scripturn
1050 3872 1146 3935 refert
1161 3872 1304 3935 Jacobus
1322 3872 1449 3937 Grono-

400 3990 478 4032 vius.

445 4072 483 4135 P.
499 4061 574 4156 363.
590 4071 611 4134 l.
628 4074 657 4134 6.
679 4071 760 4150 πάση
780 4073 816 4158 τῇ
836 4073 892 4135 ὑπὸ
908 4075 961 4135 τὸν
981 4076 1109 4153 οὐρανὸν
1129 4078 1270 4155 καθολικῇ
1288 4075 1448 4161 ἐκκλησία]

402 4172 485 4237 Orta
507 4172 644 4236 fortasse
668 4179 717 4236 est
740 4173 876 4236 formula
899 4175 1048 4252 solennis,
1074 4200 1144 4258 quae
1173 4186 1265 4243 extat
1289 4186 1322 4242 et
1351 4200 1450 4263 supra

403 4299 435 4359 p.
451 4292 526 4358 473.
549 4297 587 4337 ex
605 4273 739 4337 Paulino
760 4274 812 4337 illo
834 4276 866 4336 in
887 4277 985 4360 Fspiet
1005 4278 1049 4340 cd
1064 4279 1168 4342 Ochae.
1185 4280 1205 4342 i.
1224 4299 1272 4364 23.
1295 4285 1347 4343 τοῦ
1361 4282 1449 4361 etiay-

404 4376 601 4455 γελίοο-τοῦ
625 4374 819 4456 κηρυχθέντος
844 4379 877 4438 ἐν
900 4377 982 4455 πόση
1005 4383 1040 4456 τῇ
1065 4381 1158 4444 κτίσει
1182 4383 1217 4458 τῇ
1241 4380 1298 4444 ὑπὸ
1323 4382 1377 4444 τὸν
1399 4383 1449 4443 οὐ·

403 4477 504 4554 ρανόν.

447 4575 528 4642 Ibid.
555 4575 572 4637 l.
596 4601 626 4656 ι).
657 4580 800 4662 Νικόμας]
828 4582 1046 4660 Νικομαδιανὸς
1075 4585 1199 4645 Gaias-i
1221 4595 1254 4647 et
1282 4585 1451 4649 Ooaieldmi
