3700 5667
583 643 634 706 m
659 644 690 706 S.
708 643 939 707 connum
966 645 1287 708 FRAGMENTA.
1342 600 1345 606 ¹
1416 647 1459 710 rr

405 805 493 870 illum
508 805 615 880 vellet,
635 815 749 890 utpote
768 804 879 869 nefarii
902 804 1082 870 schismatis
1102 813 1277 883 auctorem,
1298 827 1318 869 a
1340 805 1457 889 populo

404 915 538 993 rogatus
560 908 645 971 idem
659 907 833 985 Cornelius,
852 906 966 971 laicam
989 907 1017 970 ci
1040 907 1289 971 communionem
1313 906 1456 983 indulsit,

405 1010 512 1074 idest
542 1016 579 1074 ut
606 1009 692 1073 inter
717 1011 814 1075 laicos
839 1009 1097 1084 communicaret,
1124 1007 1276 1093 permisit,
1331 1007 1455 1093 Reliqui

405 1133 480 1175 vero
503 1110 641 1196 episcopi
671 1110 725 1194 qui
755 1111 970 1175 Novatianum
998 1109 1234 1183 ordinaverant,
1261 1130 1323 1170 non
1354 1108 1455 1171 solum

404 1212 553 1298 depositi,
564 1234 672 1276 rerum
684 1212 781 1276 etiam
789 1235 810 1277 a
821 1210 1040 1276 communione
1049 1210 1149 1274 totius
1161 1208 1299 1273 ecclesiae
1315 1209 1456 1293 separati

404 1320 490 1377 sunt.
550 1312 606 1377 Ita
634 1311 813 1397 Cyprianus
848 1314 880 1377 in
911 1310 1058 1397 Epistola
1085 1311 1128 1374 ad
1158 1310 1379 1374 Antonianum
1415 1312 1455 1375 de

405 1414 580 1499 Trophimo
605 1414 737 1498 loquens
762 1416 921 1500 episcopo,
943 1413 996 1498 qui
1020 1435 1092 1475 cum
1114 1412 1251 1475 schisma
1273 1412 1399 1476 fecisset
1422 1412 1456 1476 in

404 1515 538 1580 ecclesia
567 1515 723 1591 Romana,
753 1523 866 1602 postea
894 1515 1055 1579 confessus
1088 1536 1238 1590 errorem,
1265 1521 1299 1577 et
1327 1515 1456 1577 turbam

404 1617 540 1682 fratrum
566 1640 645 1701 quos
668 1617 847 1682 abduxerat
872 1639 978 1681 secum
1003 1616 1035 1679 in
1060 1615 1225 1679 ecclesiam
1250 1616 1412 1691 reducens,
1435 1637 1457 1679 a

404 1718 551 1783 Cornelio
574 1727 741 1804 susceptus
766 1728 824 1783 est.
879 1721 938 1785 Sic
963 1728 1072 1793 lernen,
1100 1716 1211 1799 inquit,
1239 1717 1389 1780 adimimus
1414 1724 1457 1782 cal

407 1819 596 1905 Turpilium,
612 1830 645 1884 ul
666 1820 761 1883 himas
780 1821 981 1897 rmum-articul,
995 1842 1053 1884 nou
1072 1820 1161 1905 quusi
1180 1819 1274 1882 locum
1294 1821 1458 1884 sacerdotis

404 1931 536 2006 maipa.
597 1922 694 1986 Huuc
725 1923 942 2009 Trophimum,
973 1922 1059 1984 illum
1086 1921 1188 2004 ipsum
1215 1943 1283 1984 esse
1308 1921 1455 1984 existimo

404 2026 522 2108 dequo
538 2024 644 2088 inhac
660 2022 794 2108 epistola
813 2024 955 2108 loquitur
970 2023 1146 2096 Cornelius,
1164 2043 1259 2085 unum
1280 2044 1320 2084 ex
1341 2023 1379 2085 iis
1400 2022 1454 2106 qui

405 2125 619 2190 Novatianum
642 2126 876 2189 ordinaverant.
932 2127 1018 2189 Nam
1043 2123 1219 2207 Cyprianus
1241 2123 1328 2185 illurn
1352 2145 1455 2187 sacer-

404 2227 525 2303 dotem,
540 2228 573 2291 id
594 2235 645 2292 est
664 2227 843 2312 episcopum
860 2238 973 2300 vocat;
998 2235 1031 2291 et
1051 2225 1285 2289 fraternitatem
1306 2226 1392 2309 prius
1412 2226 1454 2289 ab

403 2329 535 2394 ecclesia
548 2330 744 2394 abstraxisse
758 2337 919 2399 testatum
944 2329 1057 2393 deinde
1079 2347 1238 2389 reversum
1259 2348 1331 2389 cum
1353 2327 1455 2390 humi-

403 2430 496 2496 litate
510 2432 635 2497 venum
657 2432 794 2518 petiisse,
812 2439 844 2496 et
859 2454 880 2496 a
894 2429 1040 2494 Cornelio
1060 2429 1102 2493 ad
1125 2429 1239 2492 laicam
1261 2431 1454 2494 communio-

402 2553 476 2596 nem
490 2542 681 2619 susceptum.
727 2535 830 2598 Porro
848 2533 931 2596 alter
945 2554 984 2594 ex
999 2531 1154 2616 episcopis
1169 2531 1222 2615 qui
1239 2531 1454 2597 Novatianum

403 2635 602 2710 ordinarunt,
619 2636 786 2702 Evaristus
806 2636 900 2700 fuisse
915 2634 1051 2708 videtur,
1069 2642 1106 2697 ut
1126 2633 1239 2717 colligo
1260 2656 1299 2697 ex
1319 2634 1454 2719 epistola

404 2734 542 2801 Cornelii
565 2740 673 2823 Papae,
690 2760 760 2823 quac
783 2737 866 2802 inter
881 2734 1032 2820 Cypriani
1056 2734 1217 2819 Epistolas
1232 2737 1285 2813 48.
1304 2736 1452 2799 habetur.

404 2836 443 2900 In
465 2838 547 2901 actis
570 2839 781 2923 supposititiis
801 2837 945 2921 martyrii
962 2836 1132 2900 Novatiani
1156 2857 1226 2919 quae
1249 2837 1390 2900 citantur
1411 2837 1453 2901 ab

404 2936 539 3025 Eulogio
559 2939 593 3002 in
609 2940 662 3002 lib.
674 2941 714 3003 vi.
739 2939 937 3004 Novatianus
957 2939 1122 3022 episcopus
1138 2938 1248 3001 Romae
1264 2939 1368 3002 factus
1384 2962 1452 3004 esse

404 3039 521 3104 dicitur
542 3062 563 3103 a
583 3041 706 3105 duobus
729 3041 894 3125 episcopis,
917 3039 1071 3103 Marcello
1088 3039 1284 3123 Aquileiensi
1307 3051 1341 3104 et
1365 3041 1452 3125 Aga·

402 3162 567 3205 memnone
583 3141 771 3205 Trevirensi.
818 3143 967 3207 Cetemm
985 3141 1017 3203 iu
1036 3141 1143 3204 codice
1161 3141 1244 3204 Man
1265 3139 1351 3204 bled.
1370 3141 1451 3206 Fulr.

402 3250 436 3307 et
452 3243 560 3307 Savilii
575 3242 691 3327 legitur
706 3243 945 3323 ἐκοινωνήσαμεν
961 3245 999 3308 ὡς
1014 3244 1126 3327 λαϊκῷι
1150 3264 1245 3326 quam
1261 3242 1451 3326 scripturam

402 3344 567 3428 amplexus
587 3351 637 3407 est
652 3343 965 3428 christophorsonus.
1014 3344 1083 3427 [Ab
1098 3345 1147 3406 ed.
1165 3344 1204 3405 R.
1221 3343 1332 3426 Steph.
1349 3345 1450 3427 parti-

402 3444 473 3508 cula
499 3446 537 3511 ὧι
561 3445 698 3529 aberat]
733 3446 896 3509 Vanasrus.
952 3444 1146 3528 Episcopum
1176 3444 1263 3507 illum
1289 3444 1452 3508 existimat

403 3544 550 3609 Valesius
573 3545 789 3630 Trophimum,
819 3548 859 3610 de
889 3570 952 3631 quo
976 3546 1153 3631 Cyprianus
1182 3546 1213 3608 in
1239 3545 1383 3629 Epistola
1402 3566 1449 3609 ιο.

401 3656 553 3732 sequente
574 3647 615 3710 ad
639 3648 859 3713 Antonianum
883 3649 974 3733 plura
996 3649 1117 3712 scribit.
1164 3649 1226 3711 Sed
1250 3670 1320 3731 quae
1345 3649 1387 3712 ibi
1411 3649 1451 3712 de

402 3747 461 3813 hoc
491 3748 664 3834 Trophimo
694 3749 872 3836 Cyprianus
909 3751 1077 3834 eloquitur,
1110 3750 1274 3834 aegcrrime
1311 3772 1381 3813 cum
1412 3750 1451 3814 iis

400 3857 643 3934 componantur,
657 3873 727 3933 quae
742 3873 825 3914 nunc
840 3851 1007 3915 Cornelius
1021 3853 1061 3915 dc
1078 3851 1246 3915 Novatiani
1266 3852 1450 3915 ordinatore

400 3958 520 4013 namet.
574 3951 698 4037 Quippe
720 3975 790 4017 curn
814 3954 1028 4024 Antonianus‚
1051 3954 1255 4017 mendacibus
1279 3952 1449 4017 Novatiani

399 4049 515 4115 litteris
530 4062 717 4130 commotus,
734 4078 755 4118 a
770 4054 929 4139 Cypriano
944 4055 1038 4118 scribi
1054 4056 1113 4118 sibi
1130 4056 1282 4140 petiisset,
1295 4054 1449 4117 Cornelius
1515 4130 1517 4133 Ι

398 4174 460 4238 qua
474 4154 591 4219 ratione
609 4155 768 4241 Trophimo
781 4166 809 4220 el
828 4157 1009 4239 tlumficalia
1026 4159 1237 4221 cotumaciam:
1261 4156 1406 4218 rescribit
1422 4156 1449 4217 is

398 4255 514 4340 praesul
529 4276 560 4319 n.
570 4275 600 4338 9.
617 4255 795 4321 Cornelium
810 4258 898 4321 otullu
912 4257 1015 4334 libelli,
1031 4269 1064 4322 ul
1080 4259 1206 4343 quidum
1212 4257 1369 4340 justitam,
1384 4254 1449 4319 lale

398 4357 582 4422 maumam
596 4379 654 4423 oeae
668 4384 678 4429 ‚·
702 4358 756 4422 aad
768 4380 859 4443 aequa
871 4381 938 4423 cunt
953 4361 1107 4445 episcopie,
1120 4363 1173 4446 qui
1186 4359 1447 4443 sacrificaverunt,

395 4459 693 4525 communicationem
706 4459 885 4544 marileffum
900 4462 1060 4525 rrrbcuisse.
1105 4463 1185 4525 Tum
1203 4482 1289 4524 num.
1305 4481 1354 4523 10.
1376 4460 1448 4523 sub-

394 4559 485 4643 jicit;
509 4562 599 4626 Nam
619 4570 648 4625 el
668 4562 705 4625 de
731 4561 900 4646 Trophimo,
921 4563 959 4626 de
982 4585 1038 4647 quo
1064 4562 1120 4626 tibi
1144 4561 1236 4628 emili
1260 4562 1447 4637 desiderasti,

440 4686 506 4727 voh·
523 4686 569 4727 111.
917 4687 928 4725 1
