3700 5667
401 638 446 702 38
750 630 1101 699 ANNOTATIONES

401 804 449 871 vel
464 805 541 868 nihil
556 804 700 869 interest.
723 805 894 870 Ooosraar.
939 803 1020 868 Hmo
1035 803 1170 889 epistola
1183 810 1261 869 ante
1275 804 1447 870 editionem

402 906 627 972 Manutianam
642 906 808 970 dicebatur
828 928 896 970 esse
911 905 1061 990 prriani
1080 905 1123 969 ad
1138 904 1329 971 Cornelium.
1376 906 1449 970 Ma·

400 1008 508 1073 nutius
523 1008 711 1073 emendavit.
758 1007 940 1071 Manutium
956 1014 1083 1071 secutus
1098 1018 1147 1070 est
1163 1006 1332 1071 Pamelius.
1380 1008 1448 1071 lta·

401 1133 462 1196 que
477 1111 590 1174 salsum
611 1118 660 1174 est
680 1110 764 1193 quod
784 1109 832 1173 ait
847 1108 1006 1194 Rigaltius
1021 1108 1198 1173 Pamelium
1217 1108 1265 1172 ita
1284 1108 1449 1193 scripsisse

400 1233 440 1276 ex
454 1210 643 1293 conjectura.
677 1208 759 1272 Nam
772 1216 805 1272 et
816 1208 884 1292 ipse
899 1208 1057 1272 Pamelius
1068 1209 1219 1273 admonet
1234 1209 1448 1275 selectionem

399 1310 485 1374 illam
501 1309 655 1373 invenisse
670 1309 702 1372 in
717 1309 825 1373 codice
840 1308 1088 1373 camberonensi
1110 1317 1143 1374 et
1166 1310 1199 1373 in
1218 1309 1358 1374 editione
1373 1312 1448 1374 Ma-

399 1411 541 1476 nutiana.
594 1411 717 1474 Eadem
746 1419 839 1475 extat
864 1410 896 1474 in
918 1411 999 1474 libro
1014 1411 1208 1487 Oorbeiensi,
1232 1411 1264 1474 in
1287 1433 1350 1495 quo
1372 1420 1449 1497 post

398 1514 495 1578 verba
508 1535 549 1577 ex
564 1513 617 1576 illo
631 1512 730 1577 allata
744 1535 765 1576 a
780 1512 921 1597 Rigaltio
933 1512 1095 1597 sequitur:
1115 1513 1276 1577 Cornelias
1287 1514 1449 1598 Cypnbao

389 1615 496 1699 fratri
509 1614 646 1678 saonem.
692 1614 814 1678 Eadem
834 1623 926 1678 extat
947 1614 1044 1678 etiam
1064 1613 1097 1677 in
1116 1614 1197 1678 libro
1212 1614 1447 1700 Gratianopoli-

399 1724 477 1781 tano
492 1723 526 1781 et
540 1716 571 1779 in
587 1738 650 1779 uno
666 1737 736 1779 meo
747 1724 865 1792 vetere,
877 1715 908 1778 in
921 1738 995 1800 quo,
1005 1725 1041 1780 ut
1053 1717 1085 1779 in
1097 1716 1278 1781 corbeiensi
1291 1717 1445 1802 scriptum

399 1824 466 1881 est:
502 1818 664 1902 Incipiaaat
686 1818 834 1902 rescripta
859 1817 992 1880 Cornelii
1014 1817 1059 1880 ad
1082 1818 1273 1901 Cypriacam
1296 1818 1334 1880 de
1354 1818 1445 1882 mdia-

399 1920 529 1984 matteis.
567 1919 650 1983 Octo
665 1919 746 1982 illius
760 1926 868 1982 vetera
883 1918 1076 2002 exemplaria
1091 1917 1199 1981 habui.
1238 1918 1335 2003 Angli
1347 1941 1446 1982 uuum

399 2029 527 2087 tantum
555 2021 736 2086 habuerunt
765 2043 805 2084 ex
830 2019 1023 2084 bibliotheca
1047 2019 1233 2083 Bodleiana.
1285 2020 1444 2085 Caeterum

399 2123 485 2188 nulla
500 2123 601 2186 sancti
623 2121 773 2206 martyris
793 2121 929 2205 epistola
947 2120 1075 2205 gravius
1095 2120 1214 2184 afflicta
1233 2120 1294 2185 luit
1313 2143 1371 2205 per
1389 2144 1444 2185 au·

399 2224 523 2288 daciam
549 2231 691 2287 veterum
717 2222 917 2286 librariorum
944 2245 1040 2306 quam
1066 2222 1139 2286 ista.
1165 2223 1335 2286 Banuzms.
1390 2223 1444 2287 Ri-

398 2323 515 2408 galtius
536 2323 593 2399 ait,
610 2323 701 2386 Herio
721 2323 854 2407 epistola
875 2323 1040 2387 conamilis
1062 2323 1119 2387 illa
1141 2323 1275 2400 adeon,
1289 2347 1381 2408 qaam
1402 2325 1447 2388 od

398 2422 577 2489 Fabianum
598 2447 619 2488 a
636 2425 774 2488 Cornelio
792 2426 939 2509 arreptam
952 2424 1057 2509 facim
1078 2426 1169 2508 refert
1183 2423 1443 2489 Ereeeb.H1’.st.vi.

398 2547 467 2610 cap.
483 2545 535 2609 43.
550 2524 605 2588 abi
626 2535 654 2590 ot
666 2525 850 2609 fortissimis
870 2524 1085 2609 confemcridua
1108 2526 1354 2589 adaaermerantur
1383 2528 1444 2591 Ur-

398 2625 496 2690 laaua
509 2636 537 2690 et
551 2626 697 2690 Sidonias
711 2637 739 2691 et
753 2627 922 2690 Macimua.
948 2626 1077 2691 Fames.
1111 2627 1257 2712 Epistola
1271 2635 1321 2691 est
1336 2628 1444 2714 lingua

398 2731 513 2795 Graeca
527 2730 656 2814 scripta,
672 2731 762 2816 cujus
776 2737 927 2813 excerpta
942 2736 1015 2813 post
1030 2728 1112 2792 hanc
1128 2728 1294 2812 epistolam
1309 2752 1445 2815 sequun-

398 2841 461 2895 tur.
507 2830 545 2893 In
561 2831 668 2894 codice
683 2839 818 2914 utroque
838 2852 908 2893 meo
928 2837 1015 2894 recte
1034 2830 1194 2915 inscriptae
1212 2841 1287 2896 sunt
1301 2832 1444 2916 epistolae

398 2932 534 2996 Latinae.

441 3035 479 3097 P.
494 3051 541 3113 17.
552 3033 571 3095 l.
583 3052 631 3114 15.
644 3031 862 3115 sustinuimus]
880 3034 992 3096 Codex
1003 3032 1168 3098 Remensis
1183 3035 1285 3099 sancti
1298 3036 1442 3122 Dionysii

396 3134 488 3200 addit
503 3133 714 3216 oelpadcrem.
739 3132 909 3197 Bsnuzrus.

442 3235 527 3299 lbid.
543 3236 584 3298 de
597 3233 637 3297 iis
660 3234 905 3318 confessoribus]
925 3235 1079 3311 Maximo,
1097 3234 1290 3313 Nicostrato,
1306 3239 1441 3314 coetcris,

396 3356 532 3421 quorum
553 3334 674 3399 mentio
696 3342 745 3399 est
770 3334 803 3398 in
828 3335 982 3420 Epistolis
995 3357 1050 3417 41.
1066 3344 1099 3401 et
1113 3357 1167 3417 42.
1214 3338 1310 3403 Hunc
1332 3349 1442 3404 autem

397 3440 616 3504 Nicostratum
627 3437 718 3501 valde
729 3444 808 3522 puto
822 3437 981 3502 diversum
995 3460 1064 3502 esse
1079 3439 1121 3502 ab
1137 3461 1175 3503 eo
1190 3440 1244 3524 qui
1259 3441 1443 3506 nominatur

395 3541 428 3605 in
444 3540 590 3625 Epistola
603 3541 655 3618 48.
703 3541 801 3622 (Haec
821 3548 871 3604 est
889 3540 1026 3605 Cornelii
1042 3540 1197 3626 Epistola,
1214 3565 1310 3627 quam
1329 3546 1441 3609 statim

395 3649 472 3706 ante
486 3640 624 3714 adduxi3
649 3662 797 3704 numeros
811 3653 919 3706 autem
936 3641 1136 3706 Pamelianos
1151 3642 1299 3709 Baluzius
1313 3655 1442 3712 secutus

395 3743 471 3822 est.)
495 3742 662 3804 Banuzrus.
771 3767 778 3781 ·

439 3841 521 3905 Ibid.
536 3841 556 3903 l.
571 3843 617 3903 16.
634 3839 769 3905 hominis
784 3842 901 3928 callidi]
921 3842 1104 3919 Novatiani‚
1116 3853 1153 3909 ut
1168 3869 1208 3909 ex
1222 3846 1281 3911 hac
1293 3849 1363 3932 ipsa
1376 3851 1442 3934 epi-

394 3943 478 4007 stola
493 3943 597 4029 palam
613 3950 682 4015 est;
705 3964 769 4027 quo
783 3943 933 4008 libentius
948 3952 1058 4008 notam
1074 3946 1253 4012 Constantii
1270 3949 1350 4014 bene
1371 3951 1439 4015 lon·

393 4069 468 4132 gam
484 4044 584 4120 omisi,
600 4044 711 4129 inqua
729 4068 750 4109 a
764 4046 832 4109 viro
851 4046 887 4109 cl.
904 4046 1067 4131 operosius
1086 4050 1256 4133 probatum
1278 4059 1336 4127 est,
1353 4052 1440 4118 haud

394 4147 509 4234 exponi
529 4147 645 4211 ‹lebere
664 4146 751 4210 istud
770 4148 810 4210 de
825 4146 952 4211 Novato
967 4147 1222 4234 Carthaginiensi
1242 4153 1439 4236 presbytero,

393 4248 574 4312 schismatis
589 4246 691 4311 altero
705 4247 924 4331 antesignano.

437 4348 521 4410 Ibid.
536 4348 557 4409 l.
574 4367 625 4427 24.
643 4355 801 4410 tumorem
815 4347 903 4410 illum
920 4349 1034 4412 horum
1055 4352 1210 4415 mollitum
1226 4354 1294 4436 jam
1315 4355 1437 4417 adnuu-

392 4447 533 4529 tiabant]
550 4446 778 4510 Revocavimus
789 4455 928 4512 veterem
939 4450 1117 4527 lectionem,
1130 4452 1289 4536 (tumorem
1301 4455 1437 4532 illorum,

391 4548 496 4612 torum
516 4546 672 4610 mollitiam
691 4546 888 4629 omitiaboat)
905 4573 1000 4635 quam
1022 4553 1190 4617 Manutius
1208 4554 1436 4631 eliminaverat,
