3700 5667
486 652 535 715 IN
562 653 780 716 DIONYSII
808 653 921 717 ΗΘΜ.
948 652 1264 719 Exrnnr'runr.
1334 655 1399 721 387

356 832 592 896 commemorat,
621 823 704 907 quod
736 844 827 887 renam
856 825 1062 888 anticameram
1092 825 1296 889 monarchiam
1326 825 1399 908 (τῶν

357 922 437 985 ὅλων
459 924 492 986 τὸ
514 925 711 1009 μοναρχικὸν)
726 934 897 988 statuerent.
944 926 993 989 Ne
1015 927 1144 1010 Apelles
1164 926 1291 1009 quidem
1310 925 1399 988 Mar-

356 1022 454 1087 cionis
479 1025 649 1110 discipulus
674 1026 706 1088 in
731 1026 895 1110 colloquio,
920 1029 1098 1111 quodcum
1122 1028 1254 1090 Redono
1278 1026 1400 1103 habuit,

355 1123 437 1189 hanc
466 1127 597 1192 inficiari
628 1151 723 1192 ausus
753 1139 802 1193 est
832 1130 1033 1205 monarchiae,
1059 1152 1114 1192 seu
1144 1128 1227 1192 unici
1255 1127 1400 1211 principii

355 1226 541 1293 doctrinam.
596 1233 672 1315 Ipse
699 1231 816 1315 quippe
841 1231 974 1293 Redone
1000 1239 1082 1294 teste
1111 1231 1195 1314 opud
1223 1229 1397 1292 Eusebium

353 1328 405 1392 lib.
422 1353 449 1393 v.
467 1354 493 1395 ο.
516 1353 562 1417 ¹3·
577 1355 671 1395 annnam
685 1334 878 1418 principiani
898 1354 955 1395 essa
973 1331 1087 1395 dicabat
1104 1333 1180 1395 sicat
1194 1342 1220 1394 et
1239 1342 1341 1394 nostra
1357 1352 1401 1393 re-

355 1430 435 1515 tipn‘o.
468 1434 665 1497 Athanasius
681 1435 825 1498 similiter
840 1435 895 1498 Or.
911 1456 943 1513 4.
959 1440 1044 1496 cont.
1061 1434 1174 1497 Arion.
1189 1455 1219 1495 n.
1241 1454 1266 1495 1.
1282 1432 1313 1495 in
1330 1432 1401 1496 Deo

348 1534 477 1616 propris
502 1535 707 1597 monarchiam
732 1558 790 1599 esso
815 1536 938 1619 probat.
990 1535 1033 1599 Et
1056 1537 1088 1598 in
1111 1537 1264 1600 Oratione
1290 1547 1400 1598 eontra

355 1642 476 1715 gentes,
492 1658 563 1698 cum
584 1637 637 1719 qui
658 1637 872 1700 monarchiam
895 1637 1068 1720 negaverit,
1085 1637 1202 1700 atheon
1219 1636 1398 1699 habendum

356 1756 425 1798 esse
440 1758 502 1799 non
517 1738 649 1801 obscure
664 1739 757 1802 docet
772 1739 821 1802 his
837 1740 951 1813 verbis,
963 1739 1064 1817 ὥσπερ
1080 1738 1226 1818 ἐλέγομεν
1241 1738 1294 1815 τὴν
1309 1748 1400 1799 nona·

357 1839 480 1916 θεότητα
511 1841 666 1918 ἀθεότητα,
693 1843 784 1906 οὕτως
813 1841 926 1921 ἀνάγκη
953 1841 1007 1916 τὴν
1037 1840 1224 1920 πολυαρχίαν
1254 1840 1402 1919 ἀναρχίαν

357 1938 443 2002 εἶναι.
475 1940 611 2005 Basilius
635 1943 687 2006 lib.
712 1944 751 2005 de
777 1943 859 2027 Spir.
885 1942 918 2005 S.
942 1964 1010 2025 cap.
1032 1943 1079 2003 18.
1102 1941 1162 2004 hoe
1184 1941 1243 2003 sibi
1267 1941 1402 2024 proban-

357 2041 431 2103 dum
462 2042 622 2125 proponit,
651 2043 792 2126 qrrornaa’o
824 2045 857 2106 in
889 2045 955 2106 Deo
988 2054 1015 2106 et
1045 2064 1188 2128 pesonae
1218 2042 1401 2125 profitaaar,

356 2163 408 2205 naa
426 2144 518 2227 pinrn
542 2146 726 2207 rrronarcbice
750 2145 856 2230 deperio
882 2145 1003 2216 cncidit,
1030 2146 1078 2208 καὶ
1101 2145 1134 2206 τὸ
1160 2146 1284 2222 εὐσεβὲς
1308 2145 1404 2223 δόγμα

356 2249 406 2322 τῆς
426 2246 590 2327 μοναρχίας
609 2246 643 2307 οὐ
664 2247 820 2309 διαπίπτει.
869 2246 991 2309 Eadem
1013 2253 1062 2309 est
1083 2245 1228 2329 Gregorii
1249 2244 1402 2308 Nazianz.

357 2346 503 2409 doctrina
524 2355 593 2410 tum
616 2346 708 2410 Orat.
725 2366 775 2430 23.
797 2356 865 2410 tum
886 2348 977 2411 Orat.
994 2363 1045 2430 37.
1067 2347 1120 2409 ubi
1143 2345 1302 2430 objectum
1326 2344 1401 2406 illud

357 2551 392 2613 οὐ
416 2552 586 2633 πολυαρχία
610 2551 642 2613 τὸ
667 2553 883 2630 δοξαζόμενονς
914 2553 1029 2615 Monet
1053 2560 1086 2615 et
1111 2550 1285 2635 Gregorius
1309 2549 1402 2633 Nyss.

358 2652 413 2716 Or.
429 2653 549 2716 catech.
566 2675 592 2716 e.
607 2675 637 2737 3.
660 2663 693 2716 nt
707 2675 801 2737 usqne
814 2654 996 2718 νοοοανοάία
1011 2653 1182 2717 dominatus
1196 2651 1355 2714 scindatur
1369 2650 1403 2712 in

357 2753 491 2817 diversas
505 2755 648 2818 dissectas
662 2756 847 2819 divinitates.
885 2757 948 2819 His
964 2755 1099 2819 concinit
1114 2752 1251 2836 Cyrillus
1265 2751 1288 2814 J
1290 2751 1403 2815 erosol.

357 2856 478 2919 catech.
503 2861 532 2919 6.
567 2859 608 2919 In
634 2856 810 2919 nronaretia
834 2868 934 2920 antem
952 2856 1170 2942 praedicanda,
1195 2854 1298 2937 inquit
1326 2852 1401 2937 Epi-

358 2956 493 3040 phanius
507 2957 582 3020 haer.
599 2960 650 3021 62.
668 2980 698 3019 n.
715 2978 745 3041 3.
767 2979 825 3021 non
847 2959 1042 3023 oberramus:
1066 2959 1119 3022 sed
1134 2980 1197 3020 arro
1216 2957 1403 3020 Trinitatem

351 3058 571 3140 predicamus.
614 3058 759 3122 Aliorum
781 3059 876 3124 mitto
898 3084 937 3126 ea
959 3063 998 3124 dc
1019 3084 1053 3124 re
1074 3058 1273 3124 testimonia:
1297 3058 1403 3121 allatis

358 3165 485 3223 tantum
508 3160 592 3223 addo
615 3160 690 3222 illud
716 3162 888 3243 Augustini
911 3163 967 3226 lib.
989 3182 1039 3237 20,
1064 3169 1149 3225 cont.
1174 3160 1283 3223 Faust.
1307 3181 1332 3222 c.
1357 3178 1402 3239 19.

359 3263 468 3327 Discat
483 3284 551 3346 ονρο
567 3264 599 3324 F
597 3273 710 3333 anans,
727 3262 773 3324 ent
786 3264 890 3345 petias
907 3264 958 3326 itti
977 3264 1030 3347 qni
1050 3262 1112 3343 ejas
1132 3262 1240 3324 titteris
1259 3260 1403 3323 denema-

358 3372 420 3438 tar,
442 3363 623 3426 rrwrnarctia
649 3364 817 3445 apriniorsam
843 3384 895 3425 nos
919 3385 954 3425 aa
976 3361 1112 3447 pratitas
1137 3383 1195 3424 raon
1219 3359 1325 3423 tabere
1346 3360 1403 3421 &c

358 3464 528 3526 Oorsrnxr.

405 3566 441 3627 P.
455 3582 528 3648 374.
545 3565 565 3627 l.
581 3567 631 3627 18.
648 3565 832 3650 δοξάζοντας]
849 3566 928 3650 Reg.
944 3563 1138 3641 ἀοξάσαντας.
1155 3562 1251 3627 Basil.
1266 3561 1402 3641 δοξάζον-

359 3691 418 3739 τες,
434 3675 467 3729 et
481 3666 543 3729 alia
559 3687 654 3728 manu
670 3692 716 3746 γρ.
733 3666 924 3743 δοξάσαντας.
950 3663 1180 3726 Mourraacon.

405 3768 485 3832 lbid.
501 3769 520 3832 l.
534 3790 563 3850 9.
580 3769 681 3849 ὥσπερ
697 3769 731 3832 ἔν
746 3771 879 3834 sciuros
893 3764 1076 3849 γενομένων]
1094 3763 1303 3848 Blaspbemiae
1319 3761 1402 3837 huie,

360 3892 454 3954 quam
479 3878 590 3953 postea
615 3868 714 3932 Arius
739 3869 833 3954 impie
857 3868 1080 3953 propugnavit,
1103 3867 1283 3952 oppositam
1309 3865 1403 3928 fidem

360 3973 519 4053 professus
553 3992 621 4032 esse
651 3977 747 4052 atque
779 3970 937 4033 Arianum
967 3970 1084 4053 dogma
1113 3969 1217 4052 palam
1247 3967 1403 4050 respuisse

362 4071 571 4134 Ariminensis
593 4071 714 4133 concilii
736 4072 881 4154 patribus
904 4072 988 4133 visus
1010 4078 1059 4133 est
1078 4069 1209 4146 Valens,
1227 4091 1296 4132 eum
1321 4076 1404 4132 teste

361 4175 557 4257 Hieronymo
583 4173 655 4235 dial.
683 4185 765 4234 cont.
794 4172 925 4235 Lucifer.
953 4171 1064 4234 callide
1087 4170 1246 4244 clamavit,
1273 4171 1311 4232 Si
1336 4170 1403 4252 qais

359 4276 473 4338 tinnit
494 4283 664 4336 anetarum
674 4272 785 4358 fitia-m
806 4274 869 4337 Dei
888 4282 922 4335 nt
940 4282 1009 4335 sant
1029 4281 1131 4334 caera
1152 4280 1311 4343 creatnrce,
1327 4292 1405 4338 aaa.

359 4377 455 4440 tiana
468 4378 518 4438 sit.
550 4374 616 4436 Ubi
632 4396 706 4436 vero
721 4374 772 4437 ille
787 4397 858 4438 cum
873 4373 966 4437 sociis
977 4374 1101 4458 jactare
1116 4373 1224 4456 eoepit,
1238 4392 1268 4435 se
1282 4372 1404 4435 Filiam
1488 4410 1490 4415 ·

358 4500 417 4541 non
432 4486 602 4541 creatnrrans
617 4496 746 4559 αοροοοα,
762 4476 816 4538 sed
833 4475 963 4538 amiam
977 4474 1079 4538 ceteris
1097 4473 1266 4545 creaturis‚·
1290 4474 1404 4538 merito

360 4580 621 4645 contestabantur
646 4577 785 4662 episcopi
812 4579 871 4639 hae
896 4577 1008 4640 fraude
1034 4576 1145 4653 delusi,
1172 4577 1225 4659 qni
1251 4576 1315 4639 sina
1341 4597 1407 4639 aon·

834 4696 925 4762 3⁰²
