3700 5667
393 719 435 781 18
692 716 939 794 RELIQUIAE
953 712 1142 780 'SACRAE.

392 885 581 969 legationem
603 886 841 962 mandaverant,
857 886 978 971 placuit
1000 885 1114 949 audiri.
1161 885 1222 965 Qui
1244 906 1317 948 curn
1338 884 1434 949 venis-

393 1004 473 1071 sent,
489 1004 524 1060 et
545 1019 565 1060 a
587 997 781 1082 presbyteris
803 1019 875 1081 quae
896 1005 1062 1079 gesserant
1083 996 1296 1081 exigerentur,
1311 996 1436 1060 novissi-

392 1128 442 1170 me
468 1106 553 1190 quod
581 1128 638 1191 per
659 1128 768 1170 onmes
790 1105 938 1170 ecclesias
961 1106 1077 1170 litterae
1101 1105 1265 1170 calumniis
1286 1114 1320 1169 et
1342 1105 1436 1169 mals·

394 1217 488 1282 dictis
509 1217 613 1302 plenoe
633 1238 742 1280 oerum
764 1217 890 1281 nomine
910 1216 1094 1300 frequenter
1114 1214 1218 1279 mism
1240 1214 1387 1290 lusissent,
1405 1222 1438 1279 et

393 1350 475 1415 pene
496 1349 606 1393 omues
626 1328 775 1393 ecclesias
796 1327 1048 1413 perturbassent,
1064 1326 1294 1391 circumventos
1315 1347 1350 1389 se
1372 1332 1460 1391 esses

393 1436 641 1513 affimcverant,
663 1459 722 1502 uec
748 1437 824 1522 quid
850 1436 882 1499 in
905 1435 977 1500 istis
1001 1435 1117 1499 litteris
1139 1435 1256 1499 inesset
1277 1457 1312 1498 se
1333 1435 1438 1510 scisse,

393 1545 617 1611 tantummodo
642 1545 862 1630 subscripsisse
890 1544 1065 1609 calliditate
1094 1543 1162 1629 ejus
1187 1543 1436 1612 circumductust

394 1653 586 1719 summisisse
597 1677 631 1718 se
642 1677 767 1739 quoque
779 1654 981 1719 schismatica
992 1663 1026 1719 et
1036 1654 1165 1718 haeresis
1177 1662 1324 1717 arretores
1334 1654 1437 1730 luisse,

394 1771 431 1828 ut
445 1772 633 1846 paterentur
646 1764 675 1828 ei
690 1786 804 1829 manus
818 1764 908 1847 quasi
924 1764 957 1826 in
971 1763 1188 1848 episcopatum
1203 1761 1331 1847 imponi.
1367 1762 1439 1843 Qui,

393 1894 465 1937 oum
480 1873 548 1937 htec
563 1881 598 1936 et
612 1882 730 1937 caetera
744 1872 790 1935 eis
809 1872 943 1935 luissent
963 1872 1166 1955 exprobrata,
1182 1880 1219 1935 ut
1238 1871 1441 1935 abolerentur
1453 1884 1485 1923 ¹⁰

394 1992 428 2049 et
442 1984 483 2046 de
497 1983 649 2047 memoria
663 1982 850 2047 tollerentur
865 1980 1026 2065 deprecati
1042 1990 1125 2044 sunt.

438 2094 532 2157 Omni
555 2093 653 2178 igitur
670 2106 745 2158 actu
765 2094 806 2157 ad
829 2115 879 2157 me
899 2092 1034 2177 perlato,
1050 2092 1169 2176 placuit
1191 2092 1335 2156 contrahi
1356 2115 1441 2176 pres·

395 2204 562 2287 byterium.
624 2204 809 2268 Adsuerunt
837 2203 935 2267 etiam
969 2202 1107 2287 episcopi
1142 2203 1290 2286 quinque,
1321 2203 1373 2286 qui
1408 2210 1442 2267 et

395 2310 489 2373 hodie
515 2318 688 2394 praesentes
714 2310 852 2387 luerunt,
877 2322 913 2375 ut
939 2311 1067 2374 firmato
1092 2311 1232 2386 consilio,
1256 2310 1331 2393 quid
1358 2311 1442 2374 circa

395 2440 564 2503 personam
583 2440 691 2484 eorum
713 2419 873 2483 observari
894 2420 1025 2484 deberet
1045 2441 1197 2482 consensu
1218 2418 1357 2481 onmium
1377 2426 1442 2481 sta·
1454 2427 1486 2486 ¹5

396 2536 550 2595 tueretur.
596 2529 640 2594 Et
655 2538 692 2594 ut
711 2545 833 2594 motum
852 2531 992 2594 omnium
1011 2539 1045 2595 et
1065 2529 1227 2594 consilium
1248 2529 1442 2615 singulorum

397 2641 607 2726 dignosceres,
629 2640 727 2704 etiam
752 2640 929 2704 sententias
950 2647 1077 2703 nostras
1098 2638 1218 2725 placuit
1240 2639 1272 2702 in
1294 2640 1443 2704 notitiam

396 2759 535 2815 vestram
549 2749 700 2836 perferriz
723 2770 803 2833 quas
817 2756 851 2811 et
865 2747 1026 2833 subjectas
1045 2747 1139 2832 leges.
1185 2747 1248 2811 His
1267 2748 1315 2812 ita
1332 2748 1444 2833 gestis,

396 2861 429 2923 in
459 2858 689 2945 presbyterium
707 2866 871 2965 ¹venerunt
897 2858 1073 2929 Maximus,
1094 2857 1257 2935 Urbanus,
1283 2858 1442 2933 Sidonius,

397 2978 432 3033 et
446 2968 587 3054 plerique
603 2970 718 3033 ira-tres
733 2969 786 3053 qui
802 2992 835 3032 se
850 2970 896 3033 eis
910 2970 1133 3053 adjunxerant,
1150 2969 1280 3032 summis
1298 2968 1444 3052 precibus
1456 2990 1491 3029 ιο

398 3080 625 3156 desiderantes,
640 3088 678 3144 ut
698 3101 736 3143 ea
757 3102 827 3164 quae
846 3089 922 3144 ente
942 3081 1069 3145 fuerant
1087 3087 1179 3163 geste
1201 3080 1234 3141 in
1256 3078 1444 3143 oblivionem

399 3190 560 3266 oederent,
575 3189 721 3274 nullaque
736 3212 844 3254 eorum
861 3191 980 3256 mentio
995 3191 1185 3262 haberetur;
1203 3189 1335 3274 proinde
1346 3197 1445 3274 atque

399 3298 426 3363 si
447 3299 523 3363 nihil
542 3308 627 3363 esset
641 3299 689 3364 vel
711 3298 911 3364 commissum
927 3299 977 3361 vel
997 3299 1128 3373 dictum,
1144 3298 1276 3361 invicem
1297 3298 1445 3363 onmibus

399 3412 548 3489 remissis,
563 3434 618 3476 cor
643 3412 794 3474 mundum
816 3416 850 3473 et
873 3430 986 3495 purum
1005 3410 1073 3493 jam
1093 3409 1162 3472 Deo
1184 3409 1382 3483 exhiberent,
1397 3430 1445 3472 se-

400 3529 532 3603 quentes
555 3520 766 3606 evangelicum
796 3541 902 3584 vocem
933 3520 1099 3594 dicentem,
1123 3519 1252 3581 aBeatos
1276 3539 1332 3581 esse
1347 3539 1493 3602 puross5

398 3630 495 3704 cordo,
510 3630 652 3713 questam
667 3630 728 3717 ipsi
743 3631 843 3692 Deum
858 3628 1009 3693 oidcbmst.
1047 3629 1139 3709 Quod
1154 3636 1225 3692 eret
1239 3649 1445 3712 consequens,

400 3739 503 3801 omnis
522 3738 573 3801 hic
591 3746 683 3802 actus
704 3738 820 3822 populo
842 3739 947 3802 suerat
969 3739 1181 3816 insinuandus,
1197 3745 1282 3803 utet
1303 3738 1388 3822 ipsos
1403 3740 1447 3802 vi·

402 3832 514 3912 ‘terent
529 3847 562 3909 in
576 3844 707 3910 ecclesia
721 3846 912 3912 constitutos
933 3869 1012 3930 quos
1033 3856 1176 3911 errantes
1195 3862 1229 3911 et
1248 3846 1448 3931 palabundos

401 3958 523 4024 tamdiu
543 3956 688 4020 viderant
708 3964 741 4020 et
762 3955 919 4020 dolebant.
966 3956 1106 4036 Quorum
1122 3957 1285 4020 voluntate
1307 3957 1448 4041 cognita,

401 4090 535 4153 magnus
556 4066 767 4131 fraternitatis
787 4088 957 4130 concursus
977 4067 1080 4130 laetus
1100 4075 1159 4130 est.
1206 4065 1282 4131 Una
1296 4089 1358 4131 vox
1376 4076 1448 4132 erat
1457 4088 1497 4146 30

402 4178 541 4242 omnium
556 4176 677 4261 gratias
692 4175 762 4238 Deo
784 4175 959 4259 egentium,
973 4175 1123 4258 gaudium
1143 4176 1282 4259 pectoris
1300 4176 1448 4260 lacrymis

401 4287 623 4370 exprimentes,
639 4287 884 4371 complectentes
899 4306 953 4348 eos
974 4286 1064 4368 qussi
1084 4286 1177 4349 hodie
1198 4308 1294 4369 poena
1312 4286 1448 4349 carceris

401 4397 535 4467 luissent
549 4396 683 4460 liberati.
731 4396 775 4460 Et
790 4404 827 4459 ut
842 4396 985 4479 'ipsorum
1006 4396 1134 4480 propria
1149 4397 1245 4461 verba
1265 4396 1445 4481 designem:

850 4642 865 4671 ⁸
876 4632 939 4687 Mat.
953 4649 975 4681 r.
988 4636 1013 4683 ll..
