3700 5667
484 696 549 757 158
825 691 1177 756 ANNOTATIONES

528 864 564 927 P.
582 880 649 948 105.
661 863 681 927 l.
694 883 743 944 24.
761 862 852 926 Felix
867 863 907 926 de
919 862 1178 947 Caesaraugusta]
1197 861 1283 925 Hinc
1295 860 1452 925 Batonius
1467 861 1529 925 col-

483 966 561 1051 legit
584 965 670 1028 illum
694 965 790 1028 inisse
815 965 997 1050 episcopum
1022 965 1362 1049 Caesamugustauum3
1398 964 1528 1048 ejusque

482 1066 673 1130 sententiam
688 1065 825 1150 amplexi
839 1071 915 1129 sunt
933 1065 1103 1150 scriptores
1123 1087 1229 1130 rerum
1245 1065 1526 1149 Arragonensium.

483 1169 546 1233 Sed
570 1167 656 1231 illam
679 1167 819 1251 graviter
840 1167 986 1252 exagitat
1008 1167 1198 1231 Franciscus
1221 1167 1367 1231 Bivarius
1389 1166 1421 1229 in
1444 1188 1528 1230 corn·

481 1269 644 1334 mentariis
672 1268 736 1331 suis
764 1269 806 1331 ad
835 1268 1004 1332 chronicon
1034 1269 1161 1342 Dextri,
1191 1276 1225 1333 et
1254 1268 1419 1333 contendit
1443 1267 1527 1331 hunc

483 1372 622 1437 Felicem
645 1393 707 1433 non
730 1370 825 1434 fuisse
847 1371 1038 1456 episcopum,
1063 1372 1119 1434 sed
1144 1372 1365 1457 presbyterum
1388 1370 1526 1434 Vallatae

483 1473 634 1537 Urbicum
656 1472 689 1535 in
711 1473 861 1548 Vaccaeis,
884 1480 1073 1557 argumento
1098 1480 1226 1557 sumpto
1249 1495 1289 1536 ex
1310 1495 1346 1535 eo
1369 1472 1526 1535 chronico.

482 1575 567 1639 Sane
589 1583 713 1639 certum
734 1582 784 1638 est
806 1573 945 1637 Felicem
967 1595 1029 1636 non
1052 1574 1158 1637 vocari
1180 1574 1362 1659 episcopum
1381 1597 1402 1638 a
1417 1573 1527 1658 Cypri-

481 1699 554 1741 ano.
600 1676 663 1740 Sed
679 1699 718 1739 ex
733 1676 828 1739 modo
849 1674 1005 1739 scribendi
1022 1676 1212 1759 Cyprianico
1235 1676 1326 1740 facile
1341 1683 1374 1740 et
1391 1675 1526 1760 proclive

481 1787 532 1844 est
553 1779 734 1843 existimare
754 1778 841 1841 illum
862 1799 901 1841 ea
915 1776 1074 1862 dignitate
1091 1779 1276 1842 decoratum
1291 1778 1397 1842 fuisse.
1443 1778 1526 1841 Nam

480 1882 699 1967 episcoporum
736 1879 789 1963 qui
824 1879 991 1943 concilium
1027 1900 1098 1943 cum
1132 1878 1290 1963 Cypriane
1326 1878 1526 1943 celebrarunt

480 1985 565 2069 apud
589 1982 816 2068 Carthaginem
841 1981 1015 2066 dignitates
1040 2002 1106 2043 non
1129 1989 1272 2046 recenset
1303 1982 1446 2046 notarius
1471 1981 1526 2066 qui

479 2094 553 2150 acta
568 2083 763 2168 conscripsit,
779 2083 834 2145 sed
850 2090 977 2146 tantum
996 2081 1124 2145 nomina
1146 2104 1256 2146 eorum
1270 2090 1304 2148 et
1319 2084 1444 2147 urbium
1459 2085 1525 2168 qui-

479 2188 539 2251 bus
554 2186 598 2249 illi
613 2185 838 2270 praesidebant,
852 2183 913 2246 hoc
935 2184 1030 2247 modo
1046 2183 1133 2269 (pag.
1149 2188 1217 2266 92.)
1236 2185 1377 2249 Caecilius
1390 2183 1410 2247 d
1425 2186 1524 2260 Bilta,

480 2288 609 2350 Primam
634 2285 654 2348 ὰ
677 2286 849 2370 Mispiapc,
871 2284 1065 2370 Polycctpcs
1089 2283 1128 2350 ob
1151 2285 1330 2350 Adrumeto.
1356 2294 1390 2351 et
1415 2287 1460 2350 sic
1485 2286 1524 2349 de

479 2389 613 2452 caeteris.
659 2387 772 2470 Itaque
796 2386 870 2449 licet
896 2384 1073 2470 Cyprianus
1099 2387 1260 2472 scripserit
1284 2395 1412 2452 tantum
1434 2388 1526 2452 Folia

479 2490 516 2552 dc
540 2490 783 2574 Caesaraugusta,
804 2486 965 2550 silentium
986 2486 1054 2571 ejus
1076 2508 1140 2550 non
1162 2486 1277 2571 probat
1300 2487 1439 2551 Felicem
1461 2509 1524 2551 non

478 2591 575 2655 fuisse
589 2591 778 2675 episcopum.
825 2589 901 2654 Una
919 2610 970 2651 res
989 2589 1206 2653 difficultatem
1226 2589 1304 2667 mihi
1322 2589 1447 2653 videtur
1468 2590 1525 2653 ha·

478 2694 562 2767 bere,
586 2693 744 2778 quomodo
766 2691 931 2776 episcopus
954 2690 1259 2776 Caesaraugustanus
1280 2692 1421 2776 potuerit
1448 2692 1524 2756 scri-

478 2797 555 2860 bere
576 2796 618 2859 ad
640 2794 833 2878 Cypriannm
855 2793 895 2856 de
917 2815 1013 2858 causa
1035 2792 1183 2857 Basilidis
1205 2801 1238 2857 et
1262 2793 1433 2871 Martialis,
1451 2816 1523 2856 curn

477 2899 597 2963 vicinus
620 2918 729 2961 eorum
753 2917 816 2959 non
841 2903 937 2971 esset,
963 2896 1079 2981 quippe
1103 2895 1197 2980 longo
1221 2896 1386 2960 intervallo
1412 2897 1453 2960 ab
1477 2897 1527 2960 eis

478 3002 650 3087 sejunctus,
675 3020 777 3082 neque
805 2998 969 3082 probabile
992 2998 1035 3062 sit
1062 2997 1214 3061 Sabinum
1239 3005 1273 3062 et
1296 2997 1445 3075 Felicem,
1469 3000 1522 3084 qui

477 3102 564 3166 brevi
587 3099 773 3184 compendio
796 3106 946 3183 poterant
968 3099 1115 3184 trajicere
1136 3100 1169 3163 in
1185 3101 1339 3179 Africam,
1363 3102 1526 3185 proiectos

477 3227 546 3269 esse
560 3205 602 3268 ad
617 3203 745 3266 ultimos
758 3201 987 3287 Hispaniarum
1003 3202 1081 3265 lines
1095 3210 1133 3266 ut
1147 3224 1206 3287 per
1219 3210 1343 3267 montes
1352 3204 1526 3288 Pyrenaeos

476 3307 560 3372 irent
575 3307 616 3371 ad
633 3304 837 3390 Cypriannm.
884 3303 917 3368 si
933 3325 1041 3368 verum
1061 3312 1145 3369 esset
1165 3305 1249 3388 quod
1266 3305 1300 3368 in
1319 3327 1462 3370 sermone
1482 3307 1522 3371 de

476 3416 588 3473 sancto
601 3407 773 3472 Laurentio
789 3407 871 3472 dixit
886 3415 1015 3472 sanctus
1024 3407 1209 3471 Vincentius
1221 3408 1360 3472 Ferrarii
1376 3417 1523 3474 sanctum

476 3511 619 3596 Xystum
636 3511 759 3592 Papam
774 3511 943 3574 vadentem
957 3510 998 3573 ad
1014 3509 1236 3573 celebrandum
1251 3509 1416 3573 concilium
1431 3510 1523 3574 'I'ole-

475 3619 587 3676 tanum
616 3610 769 3675 transisse
802 3632 859 3695 per
892 3612 1181 3696 Caesaraugustam,
1212 3611 1298 3675 istud
1335 3612 1522 3677 confirmare

475 3710 619 3775 fortassis
638 3719 748 3793 posset
767 3710 829 3774 iter
851 3711 961 3775 Sabini
979 3720 1013 3775 et
1029 3711 1143 3775 Felicis
1161 3733 1218 3797 per
1232 3712 1520 3795 Caesaraugustam.

476 3813 540 3877 Sed
563 3813 649 3876 istud
675 3835 738 3876 non
761 3813 887 3877 aliunde
914 3820 1042 3876 constat
1066 3834 1161 3897 quam
1186 3835 1226 3876 ex
1251 3835 1394 3877 sermone
1418 3815 1520 3880 sancti

475 3913 648 3978 Vincentii.
692 3914 715 3977 J
717 3937 769 3978 am
788 3915 873 3999 quod
888 3915 928 3977 de
944 3914 1071 3977 Vallata
1087 3913 1231 3978 Urbicua
1244 3913 1318 3978 istic
1339 3937 1378 3978 ex
1394 3917 1520 3979 Dextro

474 4017 572 4081 refert
594 4016 749 4093 Bivarius,
771 4016 803 4079 id
826 4037 899 4079 vero
922 4036 1037 4077 vanum
1060 4022 1121 4093 est,
1141 4015 1189 4079 uti
1212 4023 1246 4079 et
1268 4016 1344 4078 illud
1367 4017 1452 4101 quod
1473 4017 1522 4080 ait

474 4119 559 4203 apud
585 4118 777 4203 Cypriannm
807 4140 866 4201 pro
894 4117 1125 4200 Coeacrcupusto
1154 4117 1215 4201 legi
1245 4117 1359 4181 debere
1394 4117 1521 4181 Vallata

482 4217 625 4293 Urliccm,
642 4241 738 4303 quam
760 4219 844 4282 locat
867 4239 930 4280 non
951 4217 1044 4301 longe
1066 4218 1107 4281 ab
1125 4218 1286 4282 Asturica.
1331 4218 1441 4282 Nimia
1463 4218 1521 4280 mi-

473 4320 556 4384 seria
570 4328 620 4384 est
635 4321 789 4384 audacem
805 4342 874 4384 esse
889 4319 1048 4384 hominem
1064 4318 1166 4382 nimis.
1198 4320 1368 4382 Bacurius.

517 4420 600 4483 Ibid.
617 4420 636 4482 l.
653 4441 706 4504 31.
721 4420 747 4483 si
768 4419 829 4483 sibi
849 4419 896 4482 vel
916 4420 998 4484 laico
1016 4421 1090 4505 dcc]
1109 4421 1237 4485 Videsis
1258 4430 1367 4487 notam
1387 4422 1430 4484 ad
1450 4419 1518 4484 init.

473 4520 644 4613 superioris
660 4520 764 4604 Epist.
780 4521 954 4605 Synodicae.

516 4612 878 4707 Ibid.l.33.lutu1enca
901 4622 1054 4706 convivia]
1074 4622 1141 4687 Ubi
1164 4624 1204 4687 de
1224 4623 1418 4709 idolothytis
1438 4622 1521 4686 vesci
