3700 5667
490 656 534 719 82
829 652 1210 716 ANNOTATIONES

537 821 622 885 Ibid.
638 820 704 884 ἀντὶ
718 822 770 882 τοῦ
781 817 953 882 εἰπεῖν-τὸ
972 815 1080 898 Ἀμήν]
1099 815 1230 898 “Supra
1244 813 1370 897 scripsit
1387 812 1540 887 Valesius,

491 930 513 961 “
531 923 604 986 Hoc
619 927 678 996 est,
694 919 779 1004 quod
801 917 895 1001 paulo
917 925 994 980 ente
1009 915 1091 980 dixit
1106 914 1270 980 Oomelius
1283 922 1359 978 ente
1381 918 1432 975 τοῦ
1455 914 1540 976 εὐλο-

493 1035 513 1056 “
529 1022 625 1105 γεῖν.”
660 1020 799 1084 Minime.
811 1041 893 1083 vero.
924 1017 1037 1101 Neque
1052 1016 1136 1080 eninr
1152 1017 1248 1081 verbe
1260 1015 1313 1079 ille
1327 1014 1542 1098 procedentia

491 1125 559 1189 duri
573 1130 625 1188 τοῦ
646 1124 783 1204 εὐλογεῖν
798 1122 840 1186 ed
860 1120 958 1184 laicos
977 1118 1138 1203 pertinent
1153 1117 1366 1196 λαμβάνοντας
1383 1116 1435 1179 τὸν
1450 1118 1541 1195 ἄρτον

491 1227 540 1289 καὶ
554 1226 608 1288 τὸν
623 1223 715 1302 οἶνον,
731 1223 795 1287 imo
806 1221 1082 1295 adNovatmuum,
1097 1219 1151 1303 qui
1167 1220 1327 1299 ηὔλόγησε,
1343 1219 1363 1281 i.
1375 1240 1402 1280 e.
1418 1224 1456 1281 ut
1473 1217 1540 1301 ipse

493 1326 641 1392 Valesius
656 1325 836 1411 paulopost
850 1323 949 1397 dicit;
973 1330 1011 1387 ut
1024 1321 1078 1386 alii
1090 1342 1205 1405 panem
1216 1330 1250 1384 et
1261 1320 1367 1382 vinum
1378 1341 1541 1383 consecra·

492 1430 551 1495 bet
572 1427 837 1512 respondentibus
858 1425 947 1490 laicis
968 1425 1011 1489 ad
1030 1423 1116 1487 illam
1136 1422 1404 1486 consecrationem
1424 1421 1539 1484 Amen.

492 1530 604 1614 Neque
614 1528 693 1593 sutis
704 1534 791 1593 recte
803 1527 899 1592 vertit
908 1525 1057 1590 Valesius
1071 1524 1228 1608 supremi
1239 1523 1355 1589 ἐπιδοὺς
1368 1521 1539 1602 ἀναγκάζει,

492 1631 566 1696 don
587 1653 654 1695 oum
676 1629 783 1708 trudit,
806 1629 927 1693 mucius
945 1627 1074 1691 uminis
1093 1623 1320 1689 benedictionis
1342 1624 1412 1686 loco
1428 1623 1541 1705 jrwors

492 1733 577 1819 sopit.
612 1730 714 1802 Quasi
724 1753 798 1796 vero
806 1731 878 1795 laici
892 1728 1145 1794 benedictionem
1159 1727 1320 1791 fecerent!
1347 1725 1538 1790 Hmnrcnsn.

536 1836 574 1897 Ρ.
588 1849 638 1915 27.
653 1832 675 1897 l.
692 1853 739 1896 11.
764 1832 800 1896 ὃν
823 1833 872 1897 καὶ
895 1834 1009 1909 Μωσῆς
1031 1831 1048 1893 ὁ
1073 1827 1226 1912 μακάριος]
1259 1826 1310 1890 De
1333 1828 1394 1891 hoo
1426 1827 1540 1910 Moyse

493 1935 647 2000 Romenae
670 1933 758 1998 urbis
777 1934 964 2018 presbytero
979 1930 1156 2017 Cyprianus
1179 1929 1212 1993 in
1237 1928 1378 2014 epistolis
1400 1928 1541 2013 loquitur

492 2035 618 2119 saepius.
664 2035 730 2099 Hic
749 2042 822 2119 post
837 2034 1018 2120 passionem
1033 2031 1170 2097 Fabiani
1186 2031 1279 2096 Rom.
1294 2030 1383 2094 urbis
1402 2030 1540 2115 episcopi

492 2134 593 2199 Decio
608 2155 638 2203 2.
662 2142 696 2199 et
719 2137 825 2200 Grato
842 2138 931 2201 Coss.
953 2156 1038 2200 enno
1060 2133 1181 2199 Christi
1205 2152 1276 2215 250.
1298 2131 1541 2215 comprehensus

491 2244 542 2301 est
562 2258 626 2300 uns
648 2257 720 2300 oum
743 2236 889 2303 Maximo
910 2236 1098 2321 presbytero
1119 2241 1154 2298 et
1177 2233 1363 2298 Nicostrato
1385 2232 1539 2312 diacon03

491 2346 525 2404 et
539 2338 700 2422 conjectus
719 2337 752 2402 in
767 2360 936 2415 carcerem,
952 2338 995 2402 ibi
1017 2337 1184 2402 defunctus
1205 2342 1265 2413 est,
1281 2356 1354 2399 cum
1372 2335 1541 2399 mansisset

491 2441 524 2505 in
545 2461 672 2504 carcere
691 2460 815 2505 menses
828 2440 872 2506 xi.
887 2441 956 2505 dies
970 2439 1013 2503 xi.
1035 2446 1072 2503 ut
1091 2438 1208 2522 legitur
1230 2438 1263 2501 in
1277 2437 1378 2502 veteri
1396 2436 1479 2500 libro
1501 2438 1541 2500 de

496 2540 705 2605 Pontificibus
729 2541 891 2607 Romanis.
936 2541 1029 2623 Quod
1051 2539 1219 2604 confirmat
1244 2538 1342 2603 etiem
1363 2537 1541 2623 Cyprianus

492 2641 526 2706 in
545 2641 691 2727 Epistola
711 2662 722 2705 ι
727 2663 758 2727 5.
781 2644 824 2709 ad
847 2643 994 2728 Moysem
1017 2648 1050 2706 et
1073 2639 1253 2704 Maximum
1277 2639 1481 2723 presbyteros
1503 2647 1538 2703 et

492 2751 616 2810 ceteros
629 2746 833 2824 confessores,
848 2746 904 2810 ubi
921 2745 1006 2810 inter
1020 2748 1127 2808 cetera
1140 2741 1209 2806 haec
1223 2740 1312 2805 dicit.
1356 2742 1445 2804 Eoot
1461 2762 1542 2805 nunc

491 2846 694 2931 magristrum,
724 2857 751 2913 et
779 2847 909 2913 romulos
936 2848 999 2911 sios
1017 2843 1219 2930 proconsules,
1241 2864 1356 2908 ouum
1380 2842 1542 2927 dictitatis

492 2946 659 3030 iussionibus
683 2958 710 3012 et
733 2949 890 3015 duodecim
908 2947 1050 3032 foecibus
1075 2947 1253 3032 pumuntur.
1299 2946 1379 3010 Ecce
1406 2945 1542 3031 <leonitas

493 3046 615 3112 rohais
637 3049 671 3112 io
692 3048 773 3113 uobis
792 3048 912 3113 tonos-is
933 3049 1031 3113 annui
1054 3050 1195 3115 claritate
1213 3049 1335 3132 sicum
1356 3057 1407 3125 est,
1429 3057 1456 3111 et
1471 3048 1542 3129 jum

493 3149 633 3214 erineo
645 3152 723 3215 ocni
737 3149 892 3216 ubuum
905 3151 1052 3215 oiruulm
1068 3151 1203 3216 oiuiiois
1219 3150 1327 3236 plotio
1340 3149 1542 3214 diuturnitate

492 3258 677 3335 truncorum
697 3262 748 3317 ost.
772 3252 941 3317 Vsnrsrns.
986 3252 1026 3316 ln
1042 3253 1195 3338 Epistolis
1212 3255 1260 3316 16.
1275 3260 1309 3317 et
1322 3269 1373 3336 25.
1392 3250 1541 3337 Cypriani

493 3352 535 3416 ad
554 3352 639 3417 hune
655 3354 791 3439 Moysen
808 3361 842 3419 et
861 3355 964 3419 socios
983 3355 1190 3431 consessores,
1205 3376 1327 3418 necnon
1348 3353 1381 3417 in
1396 3352 1543 3436 Epistola

494 3454 545 3516 26.
565 3455 747 3519 eorumdem
767 3455 982 3521 confessorum
1001 3456 1044 3521 ad
1059 3455 1264 3541 prrieuum,
1283 3454 1407 3538 Moysis
1426 3474 1542 3517 nomen

492 3553 526 3617 in
554 3556 659 3638 capite
688 3565 867 3623 ceterorum
896 3565 1082 3622 constanter
1117 3557 1325 3641 praeponitur.
1384 3555 1481 3619 Hune
1509 3556 1543 3618 in

493 3677 619 3719 carcere
634 3657 818 3724 defunctum
829 3659 980 3724 Valesius
994 3659 1168 3735 existimat,
1184 3658 1360 3742 nititurque
1374 3657 1424 3721 his
1438 3657 1544 3721 verbis

494 3756 685 3822 Bucheriani
699 3760 837 3844 catologi
852 3760 883 3824 in
896 3761 1059 3825 Fabiano:
1082 3762 1159 3824 Post
1170 3770 1291 3824 modun
1305 3760 1367 3842 ejus
1377 3759 1540 3841 (Fabiani)

493 3858 614 3940 Moyses
632 3868 661 3922 ot
676 3861 837 3925 Mecinus
851 3862 1022 3946 prebyter-i
1043 3872 1071 3927 ct
1085 3864 1281 3927 Nicostratus
1300 3862 1447 3926 dumnoc
1467 3883 1542 3924 coin·

487 3958 630 4043 pruteni
650 3970 730 4038 susat,
744 3971 773 4025 ot
794 3963 829 4026 in
849 3984 997 4027 carcerem
1017 3965 1111 4028 missi.
1157 3966 1205 4028 Eo
1226 3974 1353 4049 tempore
1372 3962 1544 4048 superomit

492 4062 634 4127 Necatus
660 4084 697 4127 eu
721 4064 847 4148 Afit'ou,
876 4074 905 4128 ot
929 4067 1085 4149 eqourum
1109 4067 1321 4130 Nocotionum
1344 4074 1373 4129 et
1397 4064 1543 4150 quudom

492 4163 678 4246 confusores,
700 4175 862 4251 postquem
887 4166 1005 4249 Moyses
1029 4168 1065 4231 in
1089 4189 1209 4232 carcero
1230 4167 1390 4251 defunctus
1414 4174 1466 4241 cst,
1490 4166 1545 4250 qui

484 4265 555 4348 suit
574 4264 619 4329 idi
634 4288 744 4331 metues
757 4268 882 4331 x1.diss
895 4291 940 4330 ιι.
986 4269 1050 4332 Sed
1071 4268 1253 4350 catalogum
1274 4267 1338 4332 illic
1358 4274 1543 4331 accuratum

494 4387 558 4429 non
580 4389 650 4432 esse
671 4369 719 4432 vel
741 4369 813 4433 hino
836 4370 1003 4453 probatur,
1029 4370 1114 4454 quod
1139 4369 1312 4434 Novatiani
1337 4368 1476 4433 schisma
1499 4368 1545 4432 sio

493 4475 605 4534 narrat
626 4476 665 4535 ut
687 4470 793 4555 Moysi
814 4478 918 4536 morte
941 4471 1109 4557 posterius,
1125 4472 1200 4536 crim
1219 4473 1259 4535 ee
1282 4469 1426 4535 anoerim
1447 4469 1544 4532 luisse

492 4568 597 4649 palem
620 4570 670 4634 hic
687 4572 854 4637 Cornelius
877 4580 1026 4638 testetur.
1072 4573 1106 4637 Si
1123 4576 1198 4637 verb
1217 4572 1411 4658 Cyprianum
1432 4591 1545 4634 consu·
