3700 5667
505 664 569 729 174
834 663 1225 729 ANNOTATIONES.

502 830 526 918 ᾧ
550 837 601 911 τῆς
626 837 742 913 φθορᾶς
766 834 987 914 λελυτρῶμεθα·
1012 833 1046 897 τὸ
1071 836 1103 897 δὲ
1128 833 1335 912 πνευματικὸν,
1353 832 1509 898 τουτέστιν
1532 830 1557 898 oi

503 936 694 1017 κεχρίσμεθα.
709 934 897 999 Nazianzen.
915 935 1007 1001 Orat.
1021 957 1075 1016 41.
1090 935 1254 1016 μυστήριον
1268 936 1373 1018 ἔχρισέ
1386 961 1435 1016 με.
1454 937 1556 1023 Ohry·

501 1046 579 1100 sost.
600 1037 633 1099 in
655 1036 759 1121 Epist.
781 1038 823 1102 ad
845 1037 933 1101 Heb.
953 1037 1048 1101 Rom.
1069 1037 1142 1102 nti.
1165 1036 1245 1122 μύρῳ
1265 1039 1369 1120 χρίεις,
1392 1040 1441 1102 καὶ
1460 1037 1557 1103 πάλιν

501 1139 646 1204 δυσωδίας
665 1145 810 1219 πληροῖςς
836 1138 969 1212 Revera,
991 1139 1256 1224 quemadmodum
1278 1138 1435 1202 Dominus
1454 1145 1556 1204 testa-

501 1247 564 1315 tur,
590 1240 673 1303 Mat.
696 1239 781 1303 xxiii.
805 1260 853 1320 19.
876 1241 979 1304 altare
1001 1241 1181 1306 sanctificat
1202 1263 1317 1305 munus
1338 1242 1424 1326 quod
1445 1263 1555 1327 super·

501 1341 688 1426 imponitur,
715 1342 762 1406 ita
786 1342 840 1428 qui
868 1364 931 1405 non
957 1343 1078 1407 habent
1101 1344 1204 1407 altare
1230 1352 1287 1407 aut
1313 1343 1553 1420 eucharistiam,

502 1464 560 1506 nec
587 1442 767 1506 unctionem
792 1443 990 1527 spiritualem
1013 1445 1131 1508 habere
1156 1452 1298 1529 possunt.
1353 1444 1399 1509 Et
1423 1444 1554 1530 quidem

501 1545 680 1629 argumenti
709 1544 804 1628 hujus
833 1546 896 1610 vim
924 1546 1091 1610 admisisse
1121 1547 1269 1611 videntur
1297 1547 1554 1612 adversariarum

501 1648 643 1733 partium
663 1648 802 1732 patroni,
818 1648 975 1732 siquidem
995 1649 1081 1732 apud
1101 1648 1268 1713 haeretioos
1289 1649 1479 1733 baptizatos,
1494 1668 1555 1733 per

501 1772 652 1813 manuum
668 1749 902 1834 impositionem
921 1750 1119 1835 recipiendos
1140 1751 1335 1816 statuebant.
1380 1751 1436 1814 Ad
1450 1750 1555 1816 uneti·

501 1873 593 1915 onem
618 1851 814 1936 spiritualem
839 1853 907 1917 haeo
934 1852 1061 1915 omuino
1084 1862 1212 1917 revooat
1236 1853 1277 1917 D.
1301 1853 1474 1938 Augustiu.
1496 1853 1553 1919 lib.

500 2068 564 2121 tuos
586 2067 626 2120 est
648 2058 682 2120 iu
702 2055 827 2121 Actibus
847 2057 1056 2142 Apostolorum
1078 2080 1108 2121 x.
1124 2060 1178 2143 38.
1203 2059 1353 2137 Quoniam
1374 2059 1463 2122 uouit
1483 2080 1555 2123 eum

500 2161 586 2224 Deus
604 2159 729 2243 Spiritu
742 2168 853 2223 soooto.
878 2160 951 2223 Nou
971 2159 1073 2243 utique
1092 2158 1151 2223 oleo
1173 2158 1298 2235 visibili,
1313 2160 1367 2224 ssd
1384 2160 1461 2224 douo
1478 2182 1554 2245 yru-

500 2263 562 2339 ti‹r‚
579 2262 662 2345 quod
680 2261 795 2325 visibili
817 2262 1009 2346 sipuifiootur
1030 2272 1179 2346 uopswotto
1201 2284 1258 2345 quo
1279 2261 1444 2346 baptizatos
1465 2263 1555 2348 mpii

499 2364 633 2427 eeclesia.
665 2362 795 2427 Faunus.
845 2363 886 2426 In
911 2364 1110 2426 emendando
1135 2364 1195 2427 hoo
1221 2363 1291 2428 looo
1316 2364 1417 2429 seouti
1442 2386 1554 2430 sumus

500 2467 533 2529 in
548 2465 658 2551 primis
676 2465 866 2549 scripturam
881 2466 954 2530 libri
969 2465 1178 2530 corbeiensis.
1209 2466 1337 2552 [Posuit
1352 2466 1500 2532 Baluzius
1518 2469 1554 2533 in

500 2569 561 2632 hoo
573 2569 642 2631 looo
653 2568 862 2644 emendando,
873 2568 1057 2632 uuoltoristio
1067 2577 1108 2631 est
1119 2566 1302 2632 uodo-oleo
1312 2569 1347 2631 in
1357 2567 1455 2633 auos
1464 2591 1554 2634 sono-

500 2671 635 2756 tiflooto]
666 2671 730 2734 Sex
748 2670 819 2733 libri
838 2670 1048 2752 manusoripti
1068 2679 1101 2734 et
1116 2679 1239 2734 veteres
1257 2670 1412 2735 editiones
1429 2672 1554 2739 habent

500 2774 594 2837 ouum
613 2775 648 2837 io
667 2773 764 2837 altori
785 2774 1017 2856 sottotifiootum.
1040 2772 1208 2838 Manutius
1227 2773 1352 2858 posuit:
1378 2774 1477 2838 Porro
1493 2796 1554 2840 ou·

501 2885 557 2939 tom
577 2875 759 2938 eucharistia
781 2885 833 2950 est,
849 2875 929 2938 uodo
943 2874 1090 2960 baptizoti
1108 2885 1276 2959 unpustor,
1290 2875 1384 2939 oleum
1401 2877 1437 2940 in
1452 2877 1554 2942 ultori

500 2978 730 3058 soootifiootum.
755 2976 823 3060 [Ita
834 2983 867 3040 et
879 2977 956 3041 odit.
969 2978 1115 3062 prinoeps
1130 2986 1164 3041 et
1178 2977 1249 3042 alise
1260 2977 1402 3061 ejusdem
1411 2979 1547 3064 tatutis]

501 3079 718 3163 Hieronymus
741 3078 773 3141 in
797 3078 922 3162 dialogo
946 3081 1097 3143 adversus
1119 3079 1337 3144 Luciferianos
1359 3080 1408 3145 ait
1430 3081 1552 3167 baptis·

501 3202 587 3244 mum
617 3202 681 3243 non
710 3202 779 3243 esse
809 3180 1000 3245 tradendum
1031 3181 1099 3245 sine
1127 3181 1328 3245 eucharistia.
1374 3183 1466 3263 Quod
1495 3183 1552 3248 diu

500 3283 627 3347 duravit
650 3283 682 3346 in
706 3282 837 3347 ecelesia
852 3282 925 3358 Dei,
939 3290 977 3349 ut
999 3293 1162 3348 ostensum
1182 3306 1204 3349 a
1225 3284 1317 3347 uobis
1338 3294 1389 3349 est
1409 3285 1442 3348 in
1464 3287 1552 3352 notis

500 3388 543 3451 ad
565 3385 761 3470 Reginonem
783 3408 814 3470 p.
829 3402 905 3471 551.
921 3390 995 3469 657.
1018 3394 1052 3452 et
1074 3387 1107 3449 in
1128 3387 1214 3451 notis
1235 3388 1277 3450 ad
1300 3387 1497 3473 capitularia
1516 3410 1550 3471 p.

505 3491 598 3574 1236.
644 3490 683 3552 In
706 3488 838 3552 coneilio
857 3488 1012 3573 ngensi
1035 3489 1242 3553 Hussitarum
1263 3490 1350 3573 apud
1369 3489 1550 3555 Ooohlaeum

500 3591 553 3654 lib.
573 3615 602 3654 v.
624 3591 765 3655 historiae
791 3591 999 3655 Hussitarum
1024 3592 1188 3656 decretum
1213 3600 1263 3655 est
1289 3599 1326 3655 ut
1349 3591 1550 3657 eueharistiae

499 3691 678 3755 communio
708 3693 802 3755 detur
831 3692 1018 3756 infantibus.
1073 3693 1154 3756 Haeo
1184 3700 1322 3757 tautum.
1368 3693 1413 3757 Et
1442 3705 1551 3758 tamen

500 3793 656 3856 Odorious
679 3793 863 3877 Raynaldus
885 3817 937 3857 an.
960 3815 1052 3874 14²¹·
1075 3797 1103 3877 ξ.
1124 3814 1172 3860 12.
1193 3796 1303 3862 scribit
1325 3796 1401 3859 illud
1423 3795 1464 3860 ab
1487 3795 1550 3861 illis

500 3899 659 3956 statutum
682 3915 751 3956 esse
773 3893 857 3957 oiroa
879 3893 1018 3959 infantes
1039 3896 1199 3980 baptismo
1220 3897 1417 3981 perlueudos.
1454 3896 1550 3977 Quod

499 4016 608 4058 verum
626 4017 690 4057 uon
709 4004 767 4059 est.
813 3995 895 4060 Haeo
914 3997 998 4060 euim
1017 3999 1142 4063 additio
1157 3999 1314 4082 Ruynaldi
1329 4020 1393 4061 non
1407 4005 1500 4063 extat
1514 3998 1550 4063 in

499 4100 630 4162 decreto
645 4098 766 4181 synodi.
797 4099 923 4163 AEneas
938 4100 1062 4184 Sylvius
1076 4101 1108 4164 in
1123 4102 1249 4186 dialogo
1264 4109 1376 4166 eontra
1388 4100 1550 4166 Bohemos

498 4210 533 4265 et
547 4201 730 4277 Taburitas,
744 4200 797 4284 qui
813 4200 918 4263 editus
933 4209 983 4266 est
997 4201 1081 4265 inter
1096 4201 1178 4265 illius
1193 4201 1355 4286 epistolas,
1370 4201 1435 4266 ait:
1462 4204 1550 4267 Vetus

498 4304 774 4366 doctissumorum
787 4303 999 4385 iusooiosuit‚
1011 4305 1065 4389 qui
1079 4314 1165 4368 uotos
1178 4313 1212 4367 ut
1226 4305 1261 4367 io
1272 4305 1366 4368 lucem
1380 4302 1547 4382 omittunt,

497 4425 565 4466 mou
587 4403 763 4488 baptizatos,
785 4426 852 4468 otoo
875 4404 987 4469 ultoris
1010 4416 1194 4469 sacramento
1217 4404 1395 4487 rofioiedout,
1418 4406 1500 4491 quod
1519 4417 1549 4471 st

498 4527 547 4568 oos
568 4506 657 4568 uiuit
670 4507 788 4588 soooro,
804 4507 858 4590 qui
872 4506 1015 4571 domomos
1032 4518 1122 4593 atquo
1141 4507 1276 4591 iofoutos
1292 4508 1337 4571 od
1354 4507 1549 4572 molamuiae

496 4605 661 4675 titaouou
683 4609 801 4672 uocatu.
850 4608 889 4672 In
911 4610 1167 4694 responsionibus
1190 4610 1403 4674 Armeuorum
1426 4611 1469 4674 ad
1490 4611 1547 4675 ob·
