3700 5667
394 636 436 696 42
740 628 1092 694 ANNOTATIONES

392 804 482 867 initio
508 803 695 888 episcopatus
723 803 781 865 mei
808 803 977 877 statuerim,
1000 799 1082 863 nihil
1103 800 1167 863 siue
1189 798 1312 862 consilio
1342 808 1441 874 cestro,

392 916 420 969 et
441 906 505 968 sire
524 925 663 968 comeum
679 903 789 987 plebis,
812 907 875 967 meet
894 904 1047 989 privatim
1065 902 1208 965 sectentit
1226 922 1338 985 perere.
1362 900 1440 964 Cou-

393 1031 500 1072 STANT.

437 1114 475 1175 P.
493 1111 541 1174 18.
556 1110 576 1175 Ι.
594 1126 645 1194 25.
671 1111 781 1173 Beatos
795 1111 864 1193 esse]
884 1109 925 1170 ln
946 1106 1041 1170 MSS.
1058 1105 1145 1170 Oolb.
1166 1112 1200 1169 et
1215 1104 1308 1168 corb.
1325 1125 1442 1180 vocem,

394 1212 490 1277 beatos
518 1235 576 1277 esse
597 1234 693 1297 puros
718 1212 812 1287 eorde,
843 1210 923 1295 quod
943 1210 1013 1292 jam
1043 1209 1112 1285 (seu
1142 1207 1299 1291 quonium)
1330 1214 1444 1290 sperem

393 1313 571 1376 Dominum.
631 1314 668 1375 ln
698 1312 846 1396 Cypriani
883 1311 964 1373 libro
998 1308 1040 1372 iii.
1071 1309 1112 1372 ad
1144 1308 1311 1389 Quirinum
1340 1331 1368 1371 c.
1394 1327 1443 1388 79.

393 1416 538 1478 cumdem
556 1415 707 1478 Matthaei
729 1414 833 1478 locum
854 1414 898 1477 sic
917 1413 1022 1496 legere
1042 1418 1111 1475 est:
1144 1411 1236 1474 Beati
1252 1409 1300 1491 (iu
1315 1417 1442 1473 vetusto

394 1517 502 1581 codice
517 1516 606 1581 Oolb.
627 1517 758 1595 Felices)
782 1516 890 1578 retundi
912 1515 1007 1590 corde,
1031 1514 1173 1599 quoniam
1194 1512 1256 1597 ipsi
1277 1513 1378 1574 Deam
1400 1513 1444 1574 vi·

394 1618 512 1683 deluat.
547 1619 719 1684 Cousranr.
780 1619 917 1682 Veteres
947 1617 1102 1681 editiones
1136 1624 1170 1679 et
1199 1615 1337 1699 quinque
1372 1613 1444 1677 libri

394 1728 517 1784 veteres
548 1721 679 1799 habent,
709 1721 790 1805 quod
808 1721 879 1804 jam
907 1729 1025 1804 spereat
1054 1719 1231 1782 Dorticum.
1277 1717 1445 1781 Remensis

395 1824 497 1888 sancti
514 1824 673 1909 Dionysii,
688 1825 830 1909 quoniam
845 1824 905 1907 ipsi
918 1831 1035 1906 mereret
1049 1821 1083 1884 ie
1099 1822 1208 1883 Deum.
1231 1819 1401 1882 Baccarus.

437 1925 520 1989 lbid.
537 1926 556 1988 Ι.
568 1947 620 2011 30.
645 1948 814 1989 concursus
837 1926 941 1988 lactus
966 1925 1027 2008 est]
1056 1924 1109 1986 Ad
1131 1922 1306 2000 ecclesiam,
1328 1922 1360 1985 in
1382 1943 1446 2006 qua

393 2028 513 2113 recepti
529 2030 723 2092 confessores
739 2034 822 2103 sunt,
839 2033 876 2089 ut
891 2033 999 2089 censet
1013 2025 1050 2088 cl.
1069 2022 1236 2087 Marshall.

439 2127 521 2190 Ibid.
537 2128 556 2190 l.
570 2147 624 2213 32.
641 2127 749 2214 hodie]
774 2127 867 2191 Gorb.
886 2126 958 2189 MS.
974 2125 1027 2187 lec
1041 2125 1090 2188 die
1116 2126 1265 2208 [uterque
1284 2125 1447 2188 maasiae

394 2226 473 2312 die].
506 2229 559 2291 Nil
574 2227 761 2292 incommodi
777 2234 827 2291 est
842 2226 874 2289 in
889 2225 1042 2289 vocabulo
1056 2227 1159 2289 lodie:
1182 2226 1257 2310 quia
1268 2226 1442 2299 Cornelius,

394 2338 431 2393 ut
454 2330 536 2392 inlra
558 2331 758 2407 testificatur,
781 2330 881 2393 eedem
903 2329 987 2403 lorii,
1011 2328 1109 2392 eodem
1132 2339 1283 2404 momento,
1304 2350 1367 2413 quo
1392 2328 1447 2393 illa

394 2439 487 2516 gesta
505 2439 589 2508 sunt,
607 2433 674 2496 haea
697 2433 817 2517 scripta
839 2433 879 2496 ad
896 2431 1091 2515 Cyprianum
1113 2430 1289 2495 transmitti
1312 2433 1445 2496 curavit.

396 2533 472 2597 Alia
495 2535 633 2618 quadam
657 2535 781 2599 ratione
804 2533 981 2618 Cyprianus
999 2532 1102 2616 Epist.
1118 2552 1171 2615 51.
1187 2555 1242 2596 seu
1257 2554 1310 2615 54.
1334 2533 1447 2597 iisdem

395 2637 626 2700 confessoribus
651 2637 695 2701 sio
715 2637 913 2720 gratulatur:
948 2637 1059 2697 Postea
1082 2656 1172 2718 quam
1196 2657 1245 2698 cos
1267 2635 1305 2698 da
1328 2657 1447 2700 carcero

388 2739 568 2823 prodeuntes
582 2740 786 2803 sclisnmtieas
800 2749 826 2802 et
840 2739 997 2802 hereticas
1011 2759 1097 2800 error
1110 2737 1233 2821 accepit,
1249 2738 1293 2801 sic
1307 2760 1353 2802 res
1366 2747 1442 2815 erat,

395 2843 483 2925 qsmsi
498 2852 594 2905 cestra
606 2843 706 2926 picria
721 2843 754 2904 in
770 2863 888 2905 carcere
903 2841 1108 2903 remansisset:
1131 2840 1196 2903 illic
1211 2841 1291 2904 enim
1305 2842 1444 2906 resedisse

395 2945 487 3006 uestri
506 2945 636 3007 corriris
656 2944 790 3028 diprzitos
807 2943 974 3016 ridebatur,
991 2942 1111 3027 quande
1125 2942 1235 3005 milites
1252 2943 1366 3008 Christi
1387 2968 1446 3009 roa

395 3045 440 3107 ad
457 3045 609 3107 ecclesium
626 3044 662 3106 cle
676 3064 792 3105 carcere
807 3044 951 3118 redirent,
965 3044 999 3106 in
1018 3066 1104 3128 quem
1119 3045 1212 3127 prius
1232 3067 1299 3108 crem
1318 3047 1445 3111 ascheim

396 3145 486 3208 laede
514 3156 541 3208 et
567 3144 771 3229 protelati-one
798 3145 953 3207 ‘omisserit
1007 3145 1073 3208 Ubi
1104 3144 1249 3209 Cornelio
1278 3147 1446 3212 concinens

396 3247 583 3332 Cyprianus,
613 3247 807 3310 consessores
837 3269 900 3309 non
930 3254 1057 3310 tantum
1086 3247 1296 3325 schismatico,
1328 3251 1384 3313 sed
1413 3257 1446 3314 et

397 3350 549 3414 haeretico
579 3373 686 3414 errore
720 3357 832 3434 captos
864 3349 1027 3434 praedicat.
1089 3350 1185 3413 Unde
1220 3351 1367 3436 colligere
1394 3362 1445 3418 est

398 3452 569 3517 Novatiani
598 3452 745 3517 haeresim
774 3452 858 3515 circa
887 3452 1119 3536 poenitentiam,
1149 3452 1247 3537 ipsius
1276 3454 1447 3518 schismate

397 3577 597 3639 nequaquam
634 3555 841 3639 posteriorem
878 3553 1032 3638 originem
1070 3553 1226 3618 habuisse.
1271 3555 1446 3622 Oousrnnr.

399 3658 450 3718 Ex
479 3656 556 3719 loeis
592 3656 734 3740 pluribus
764 3656 906 3740 epistolae
937 3655 1072 3720 Cornelii
1104 3656 1146 3719 ad
1179 3655 1326 3735 Fabium,
1356 3659 1446 3743 cujus

397 3779 472 3819 mox
493 3756 591 3819 affero
611 3755 801 3839 fragmenta,
815 3757 847 3819 id
870 3756 946 3819 mihi
970 3758 1122 3841 persuasi,
1138 3760 1384 3823 controversiam
1407 3760 1447 3825 de

397 3857 587 3943 poenitentia
616 3857 769 3933 extitisse,
797 3867 970 3943 antequam
999 3859 1039 3922 de
1064 3859 1248 3944 episcopatu
1275 3861 1446 3926 Novatiaui

398 3960 504 4042 palam
518 3967 676 4044 ageretur,
694 3958 846 4044 quidquid
862 3961 913 4025 ille
929 3962 969 4025 do
984 3983 1021 4024 ao
1037 3983 1166 4026 munere
1181 3964 1287 4027 animo
1298 3986 1355 4027 suo
1371 3973 1447 4028 tunc

398 4063 515 4126 celaret
527 4086 536 4138 3
567 4061 711 4126 abditam
735 4062 819 4124 enim
843 4063 939 4126 fuisse
963 4085 1001 4125 oo
1028 4069 1171 4148 temporo
1195 4086 1296 4149 neque
1320 4067 1448 4132 omniuo

397 4163 556 4247 cognitam
579 4163 786 4248 cupiditatem
809 4165 888 4247 ejus,
904 4164 971 4247 ipse
989 4186 1114 4249 quoque
1136 4166 1183 4230 ait
1198 4166 1372 4246 Cornelius,
1388 4169 1441 4254 qui

396 4278 535 4329 accusat.

441 4365 619 4446 P.19.l.1.
643 4367 824 4452 episcopum
848 4369 1055 4434 sanctissimae
1082 4371 1254 4435 Catholicae
1287 4373 1440 4459 ecclesia]

398 4464 571 4529 Ecclesiam
590 4467 677 4530 urbis
692 4468 804 4531 Romae
819 4468 870 4531 hic
885 4471 1002 4554 signari
1020 4480 1112 4538 extra
1134 4474 1265 4537 dubium
1288 4482 1347 4538 est.
1393 4475 1446 4538 En

397 4567 493 4632 verba
516 4567 615 4651 ipsius
635 4568 770 4633 Cornelii
797 4569 829 4631 in
851 4571 986 4656 epistola
1010 4576 1103 4637 modo
1124 4576 1218 4639 dicta.
1256 4579 1272 4638 ὁ
1297 4577 1446 4655 estiensis
