3700 5667
396 1098 445 1198 S.
479 1097 929 1203 GREGORIUS
971 1096 1301 1201 NEOOAES.

744 1339 956 1386 -4—

432 1522 468 1592 S.
489 1521 754 1605 HIERONYMUS,
772 1517 849 1593 Lib.
867 1521 924 1594 De
950 1518 1047 1592 Viris
1064 1518 1276 1606 Illrolrr'dua

688 1672 764 1741 cap.
784 1646 855 1717 lxv.
874 1671 909 1740 p.
929 1644 1012 1717 146.

332 1764 774 1906 THEODORUS‚q11i
805 1821 929 1905 postea
956 1811 1150 1907 Gregorius
1178 1811 1379 1905 appellatus

217 1989 221 1996 .
330 1945 395 2019 est,
426 1935 669 2009 Neocaesareae
700 1933 808 2007 Ponti
838 1936 1044 2029 Episcopus,
1072 1934 1263 2006 admodum
1296 1932 1381 2007 ado-

331 2057 476 2143 lescens,
498 2061 543 2131 ob
570 2058 687 2131 studia
713 2059 916 2132 Graecarum
944 2070 981 2131 et
1010 2057 1218 2132 Latinarum
1245 2060 1381 2132 littera-

331 2206 420 2265 mm,
447 2184 491 2253 de
517 2183 742 2277 Cappadocia
771 2185 982 2277 ¹‘Berytum
1008 2193 1046 2254 et
1073 2183 1156 2254 inde
1184 2184 1379 2255 Caesaream

333 2305 528 2377 Palaestina.
559 2310 709 2389 transiit,
734 2310 862 2399 juncto
896 2308 963 2378 sibi
995 2308 1103 2378 fratre
1132 2308 1380 2379 Athenodoro.

332 2429 492 2514 Quorum
521 2455 602 2501 cum
631 2433 810 2526 egregiam
839 2431 995 2501 indolem
1023 2431 1169 2501 vidisset
1196 2430 1381 2525 Origenes,

331 2554 492 2626 hortatus
515 2565 570 2625 est
593 2578 653 2626 eos
675 2553 745 2626 l’ad
768 2530 1038 2648 philosophiam,
1056 2556 1092 2625 in
1115 2578 1185 2648 qua
1209 2554 1381 2648 paulatim

331 2678 462 2748 Christi
486 2677 593 2748 iidem
617 2678 923 2762 subintroducens,
942 2679 995 2749 sui
1020 2703 1161 2772 quoque
1187 2687 1381 2749 sectatores

333 2803 496 2873 reddidit.
557 2804 835 2897 ⁰Quinquennio
864 2805 986 2897 itaque
1016 2803 1147 2874 eruditi
1179 2802 1224 2873 ab
1255 2825 1298 2873 eo
1328 2826 1383 2872 re-

334 2929 527 2998 mittuntur
547 2924 619 2999 lad
641 2942 791 3000 matrem
820 2930 859 3018 (f.
878 2930 1025 3022 patriam
1046 2936 1126 3022 post
1149 2924 1336 3018 Suidam);
1361 2949 1383 2997 e

335 3052 462 3145 quibus
478 3052 683 3123 Theodorus
701 3054 936 3145 proficiscens,
950 3055 1172 3137 ’πανηγυρικὸν
1194 3054 1384 3138 εὐχαριστίας

335 3178 473 3269 scripsit
503 3176 673 3272 Origeni:
717 3188 754 3248 et
788 3188 983 3249 convocata
1015 3178 1136 3271 grandi
1173 3177 1383 3267 frequentia,

335 3301 411 3394 ipso
433 3323 573 3394 quoque
598 3300 754 3396 Origene
780 3311 962 3394 praesenta,
987 3301 1161 3383 recitavit,
1186 3299 1245 3391 qui
1271 3322 1384 3391 usque

336 3427 441 3497 hodie
458 3436 588 3497 exstat.
641 3425 789 3520 Scripsit
807 3422 865 3496 fet
881 3431 1071 3511 μετάφρασιυ
1088 3426 1124 3494 in
1144 3422 1384 3495 Ecclesiasten

335 3550 477 3620 brevem
505 3549 661 3641 quidem,
687 3549 748 3620 sed
776 3549 879 3620 valde
907 3548 1048 3618 utilem.
1103 3547 1151 3617 Et
1178 3546 1255 3617 aliae
1280 3546 1385 3638 hujus

336 3675 442 3767 vulgo
465 3675 628 3744 feruntur
648 3674 861 3767 ⁸Epistolae,
881 3673 943 3745 sed
962 3674 1136 3767 praecipue
1157 3673 1256 3767 signa
1277 3682 1386 3764 atque

336 3795 542 3881 ”miracula
562 3822 640 3892 quac
659 3801 736 3890 jam
762 3800 948 3892 episcopas
974 3821 1056 3869 cam
1082 3797 1197 3869 malta
1222 3797 1386 3868 ecclesia-

337 3947 412 3994 mm
432 3922 543 4018 gloria
561 3926 787 4017 perpetravit.

378 4121 391 4151 ¹¹
409 4107 490 4165 Idem
506 4107 543 4165 de
558 4107 701 4185 Gregorio
719 4107 853 4167 Socrates
867 4108 906 4166 iv.
921 4108 970 4177 ¹27.
991 4111 1019 4164 lv
1032 4113 1069 4184 τᾷ
1083 4106 1189 4182 sopire
1203 4111 1296 4177 νόμους
1309 4107 1386 4176 ἐμάν-

337 4215 407 4269 θανε.
437 4211 495 4269 Sed
512 4213 675 4290 Gregorius
689 4213 751 4291 ipse
766 4212 795 4269 in
807 4212 1010 4271 Eucharistico
1025 4211 1061 4270 ad
1073 4209 1223 4288 Originem
1240 4229 1305 4287 pag.
1317 4207 1386 4266 186.

336 4336 395 4393 seq.
411 4317 495 4374 testis
513 4315 644 4394 locuples
660 4329 706 4374 est
726 4316 879 4395 Berytum,
894 4335 953 4393 quo
967 4315 1064 4393 legum
1081 4313 1168 4372 Rom.
1185 4312 1386 4372 discendarum

337 4441 437 4479 caussa
451 4420 599 4485 tendebat,
615 4420 787 4498 prateriisse
801 4440 832 4478 se
846 4418 984 4497 Origeuis
996 4417 1101 4496 gratia,
1116 4427 1146 4476 et
1162 4416 1321 4475 Caesaream
1336 4415 1388 4476 nd.

338 4524 458 4583 volasse.
501 4526 547 4583 De
569 4526 678 4603 Beryto
699 4523 856 4581 Phoenicise
878 4524 959 4589 urhe,
979 4522 1085 4581 celebri
1106 4520 1176 4580 olim
1195 4519 1387 4598 jurisconsul-

338 4643 433 4687 torum
456 4628 611 4696 academia,
627 4628 774 4688 eruditum
795 4648 888 4707 nuper
907 4626 1014 4687 librum
1035 4627 1065 4685 in
1085 4626 1178 4686 lucem
1193 4624 1286 4686 edidit
1300 4625 1388 4685 Jaco-
