3700 5667
426 673 732 763 memorre.
750 675 896 739 snex.
915 676 986 741 nr.
1004 679 1069 741 An
1087 678 1295 743 snsmrn.
1340 681 1407 750 aea

361 839 474 902 Tiliani
495 841 668 923 interprete
685 839 839 916 Herveto,
854 864 912 925 pro
934 843 1165 923 εὐαγγελιστῶν,
1181 845 1267 928 quod
1287 846 1408 910 habent

362 943 448 1006 edita
480 944 625 1020 Correilic,
656 966 776 1008 necnon
807 944 878 1007 edd.
910 944 1064 1007 Parisinae
1092 951 1161 1007 tum
1193 946 1408 1010 Oomnwatarii

361 1046 493 1108 Zoaarcc
511 1047 551 1108 ad
572 1045 689 1108 calcem
712 1047 746 1106 S.
768 1044 909 1129 Greporii
925 1047 1057 1108 Neocoes.
1076 1047 1216 1130 Operam,
1229 1047 1285 1110 ubi
1307 1047 1408 1112 Oano-

362 1149 502 1210 nicnrum
533 1148 748 1231 Epistularum
776 1156 885 1210 textus
911 1145 1149 1212 Commentario
1178 1149 1406 1233 praemittitur;

361 1261 429 1311 turn
444 1249 576 1312 alterius
591 1249 862 1313 Commentatoris
878 1248 1084 1312 Balsamonis.
1123 1249 1173 1312 Ex
1189 1252 1304 1336 quibus
1318 1251 1408 1316 scho-

362 1351 463 1413 liastis
490 1351 633 1412 Zonaras
660 1350 710 1414 ille
739 1350 867 1414 ineunte
896 1350 1011 1413 saeeulo
1037 1351 1233 1431 duodecimo,
1259 1353 1409 1419 Balsamo

362 1461 488 1515 eentum
511 1462 583 1537 post
608 1475 708 1516 annes
734 1454 852 1517 floruit.
899 1454 991 1534 Quod
1017 1454 1058 1517 ad
1084 1455 1213 1518 verbum
1239 1455 1409 1541 ᾐσθημένος

361 1556 489 1630 attinet,
505 1551 654 1616 Laeta-ze
677 1564 709 1618 et
730 1556 838 1619 Maeci
858 1556 1061 1638 editionesque
1077 1557 1237 1619 Parietinae
1252 1557 1321 1640 jam
1342 1579 1407 1620 me-

362 1664 494 1716 moratae
510 1653 660 1716 exhibent
675 1657 861 1734 αίσθόμενος,
879 1657 1067 1719 Ηανιίνίιινο
1086 1657 1273 1737 αίσθήμενος,
1290 1680 1343 1722 rear
1362 1681 1407 1723 ce-

362 1755 440 1817 dices
459 1755 566 1838 scripti
584 1754 768 1839 ᾑσύημένως.
814 1757 1009 1840 Βαοονιρύιιιιτ
1027 1779 1086 1841 ego
1108 1766 1142 1821 et
1160 1758 1407 1844 reliquentem

360 1858 485 1941 scriptos
506 1863 634 1919 secutus
657 1878 736 1920 sum.
783 1857 846 1921 Hie
868 1859 967 1923 habet
987 1861 1210 1940 εὐαγγελιστῶν
1230 1863 1409 1941 αἰσθόμενος

362 1957 540 2032 Pedalium,
556 1959 587 2020 in
610 1982 673 2042 quo
692 1981 765 2022 mox
783 1961 873 2025 deest
894 1962 949 2041 ἤδη
972 1973 1046 2046 pest
1068 1964 1261 2042 ἀνεστηκότα,
1277 1971 1311 2027 et
1332 1964 1410 2044 πρωὶ

362 2070 452 2124 extat
468 2083 526 2145 pro
541 2062 662 2140 πρωίας,
677 2070 713 2123 ut
726 2061 810 2124 infra
824 2084 854 2145 p.
872 2079 944 2143 227.
961 2061 1014 2123 lin.
1037 2082 1061 2123 1.

407 2164 444 2226 Ρ.
459 2181 532 2246 225.
548 2163 568 2225 l.
582 2181 609 2224 c.
627 2164 694 2229 ὠςὸ
713 2163 846 2248 Μάρκος]
866 2163 967 2248 Vulgo
990 2164 1049 2240 καὶ,
1066 2164 1120 2227 sed
1144 2165 1182 2230 ὡς
1204 2186 1243 2226 ex
1261 2164 1328 2228 fere
1348 2186 1409 2228 cm·

362 2265 449 2329 attare
481 2265 696 2348 rnaaascriptie
724 2265 836 2349 recepi.
896 2264 988 2329 Nune
1018 2265 1147 2330 firmant
1177 2267 1215 2332 ὡς
1241 2265 1409 2330 Pedalium

367 2372 550 2440 Grcccoram,
573 2375 605 2430 et
629 2366 747 2452 Sylloye
766 2368 921 2430 Cortonam
943 2367 1088 2431 Venetiis
1110 2368 1199 2432 edita
1218 2368 1260 2432 ab
1280 2368 1409 2454 Agapio

363 2473 475 2535 Grreco
491 2469 645 2532 monacho
660 2491 744 2533 anno
764 2470 854 2551 1787.

407 2574 488 2636 lbid.
512 2573 532 2634 l.
552 2593 582 2650 4.
607 2575 640 2650 τῇ
665 2574 875 2657 ἐπιφωσκούσῃ
899 2574 941 2637 εἰς
962 2575 1033 2650 μίαν
1056 2572 1237 2658 σαββάτων]
1263 2576 1304 2639 εἰς
1324 2575 1407 2652 μίαν,

363 2676 446 2759 quod
473 2675 570 2736 habet
596 2682 628 2736 et
655 2672 737 2736 infra
764 2673 934 2757 Dionysius
957 2673 1011 2735 lin.
1036 2677 1084 2736 16.
1109 2695 1167 2758 pro
1192 2675 1245 2757 μιᾷ
1269 2696 1308 2738 ex
1332 2676 1407 2739 Me.

365 2778 488 2839 Beroea.
516 2777 585 2858 158.
611 2785 644 2837 et
670 2775 797 2838 Coislr'a.
826 2794 894 2838 122.
919 2775 1004 2838 idem
1030 2797 1120 2838 sacro
1146 2775 1291 2839 Matrtoei
1315 2782 1408 2840 textu

362 2886 545 2961 prestante,
561 2877 674 2961 recepi,
690 2878 765 2939 dum
787 2877 892 2940 omnia
912 2877 1086 2943 omiserunt
1103 2877 1196 2942 codd.
1213 2880 1265 2941 86.
1285 2886 1318 2941 et
1335 2895 1407 2962 205.

363 2980 535 3063 Sequentia
564 3001 637 3042 vero
667 2978 870 3062 praetermisit
899 2979 1062 3064 Beveregii
1092 2979 1276 3062 Syriaticae,
1304 2978 1408 3062 μέχρις

363 3085 509 3159 ἀνατολῆς
534 3083 620 3159 ἡλίου
646 3086 695 3159 τῆς
723 3086 790 3160 μιᾶς
817 3083 994 3159 σαββάτων,
1022 3081 1232 3145 renitentibus
1262 3080 1407 3144 omnibus

362 3195 479 3268 prester
492 3185 538 3247 ecl.
555 3194 711 3267 atramque
727 3184 910 3246 Parisioam
926 3183 1020 3267 paulo
1040 3192 1116 3257 ante
1134 3192 1343 3246 memoratam
1358 3190 1407 3246 at-

362 3310 422 3370 que
446 3287 598 3349 Latinum
622 3286 827 3369 interpretem
849 3287 1023 3348 Her-oetam.
1064 3284 1199 3348 Concilio
1220 3284 1302 3347 edila
1325 3283 1408 3348 male

361 3390 555 3469 ὑπολάβωμεν
582 3413 640 3474 pro
666 3389 878 3467 ὑπολάβωμεν.
920 3387 1062 3450 Exhibet
1087 3386 1256 3450 Ροιίαίύνιιι
1281 3392 1350 3464 μιᾶς
1375 3412 1407 3448 σ.

363 3493 426 3555 Sed
443 3493 568 3575 Sylloge
585 3493 713 3555 Veneta
727 3493 779 3573 μιᾷ
796 3517 824 3554 σ.

407 3593 488 3655 lbid.
505 3592 524 3655 l.
542 3614 571 3676 9.
594 3593 770 3673 μικρολογία
793 3589 851 3675 τις]
879 3589 990 3654 Gbssoe
1011 3591 1070 3652 Va.
1087 3588 1207 3652 habent
1228 3589 1408 3670 μικρόλογοτ

360 3693 557 3776 scrupulosus.

406 3795 488 3856 lbid.
511 3795 531 3856 l.
552 3816 599 3857 10.
624 3799 650 3858 εί
673 3801 901 3876 σνμφωνοῦντες
922 3794 1031 3859 πάντες
1054 3796 1086 3855 ἐν
1110 3793 1207 3869 ἐκείνῃ
1229 3794 1262 3869 τῇ
1282 3791 1407 3854 νυκτὶ-

360 3898 426 3974 περὶ
441 3896 493 3973 τὴν
509 3900 588 3976 ὥραν
603 3897 806 3980 διαφέρονται]
828 3897 1011 3960 Lectionem
1026 3902 1225 3980 praesentem,
1240 3914 1336 3975 quam
1350 3914 1405 3976 ag-

360 3998 461 4061 noscit
482 4007 515 4063 et
536 4000 679 4061 Zonaras
699 3999 731 4061 in
749 4000 978 4073 Commentario,
995 3999 1080 4062 haud
1096 3996 1250 4061 debebam
1265 4015 1404 4057 commo·

360 4123 440 4177 vere,
462 4110 498 4164 ut
518 4101 586 4165 lraee
606 4101 887 4179 substituerentur,
908 4104 946 4167 ὡς
965 4102 1005 4181 μὴ
1025 4101 1264 4180 συμφωνούντων
1284 4096 1406 4160 πάντων

360 4204 393 4263 ἐν
417 4204 513 4288 ἐκείνῃ
536 4205 570 4287 τῇ
594 4205 673 4266 νυκτὶ
695 4203 728 4265 τὸ
751 4209 802 4266 τοῦ
824 4206 936 4283 κόσμου
960 4209 1024 4284 φῶς
1038 4204 1090 4265 τὸν
1106 4202 1215 4280 Κύριον
1229 4200 1310 4277 ἡμῶν
1333 4199 1406 4261 ἄνα·

357 4305 532 4367 τεταλκίναι
547 4305 600 4383 τὴν
616 4306 707 4383 αὐτὴν
721 4307 811 4386 ὤραν,
830 4307 877 4368 καὶ
895 4308 929 4368 ἓν
947 4306 1039 4388 τούτῳ
1055 4302 1256 4384 διαφέρονται,
1272 4300 1304 4363 id
1321 4299 1405 4384 quod

358 4403 432 4464 olim
442 4403 512 4480 leci,
522 4405 738 4488 praeeuntibus
751 4404 846 4468 tritas
857 4407 987 4469 Maste
999 4408 1048 4469 26.
1063 4414 1096 4469 et
1109 4405 1160 4466 86.
1173 4412 1206 4467 et
1219 4407 1258 4466 62
1261 4421 1291 4486 5.
1302 4403 1405 4467 Rarol.

357 4505 413 4566 sed
440 4526 522 4568 nunc
552 4513 691 4581 mutato,
716 4528 850 4590 quorum
878 4508 942 4571 duo
966 4507 1058 4592 primi
1085 4506 1290 4570 vetustissimi
1320 4513 1406 4583 sunt,

358 4606 415 4668 nisi
433 4607 519 4689 quod
536 4608 568 4669 ἓν
583 4613 669 4670 τοῦτο
686 4630 746 4691 pro
762 4611 902 4693 ἐντούτῳ
918 4609 1048 4693 praelert
1066 4609 1137 4673 Cocl.
1149 4612 1201 4676 τό.
1226 4608 1336 4672 Habet
1350 4631 1406 4672 au-
