3700 5667
639 1055 1070 1156 MALCHION.

750 1322 971 1353 ἡ..

434 1510 470 1580 S.
489 1506 753 1593 Hmnonrnus,
770 1507 847 1581 Lib.
865 1508 930 1581 De
955 1509 1051 1581 Vira'o
1067 1507 1276 1591 Illmlribua

687 1650 763 1717 cap.
781 1627 869 1697 lxxi.
888 1651 921 1719 p.
939 1626 1020 1698 160.

337 1753 649 1857 MALCHION,
677 1775 923 1845 disertissimus
950 1773 1189 1844 Antiochenae
1222 1772 1378 1842 ecclesia

334 1896 524 1988 presbyter,
559 1897 690 1989 quippe
724 1899 785 1989 qui
815 1900 853 1968 in
887 1900 1011 1969 eadem
1045 1899 1133 1968 urbe
1167 1897 1378 1967 rhetoricam
1504 1942 1506 1946 -

333 2017 580 2090 florentissime
609 2021 788 2102 docuerat,
817 2023 1003 2092 adversum
1034 2020 1186 2091 Paulum
1217 2020 1380 2091 Samosa-

333 2150 467 2223 tenum‚
489 2144 549 2235 qui
571 2141 809 2215 Antiochenae
832 2144 992 2214 ecclesiae
1016 2145 1199 2237 episcopus
1225 2143 1380 2236 “dogma

334 2263 540 2336 Artemonis
569 2266 789 2350 instaurarat,
819 2263 1106 2361 bexcipientibus
1135 2266 1280 2337 notariis
1310 2267 1380 2336 dis-

334 2389 494 2480 putavit:
528 2389 587 2480 qui
617 2388 776 2483 dialogus
807 2412 918 2480 usque
946 2390 1052 2461 hodio
1078 2399 1189 2461 extat.
1242 2389 1313 2461 Sed
1342 2398 1380 2461 et

333 2511 412 2582 alia·
442 2514 584 2606 grandis
623 2513 785 2605 Epistola
820 2536 867 2584 ex
904 2537 1055 2606 persona
1091 2515 1214 2609 synodi
1252 2514 1298 2584 ab
1336 2536 1379 2584 eo
1457 2575 1464 2589 .

336 2638 466 2727 scripta
498 2637 543 2706 ad
579 2635 788 2729 Dionysium
823 2647 861 2708 et
895 2638 1109 2723 Maximum,
1141 2638 1309 2708 Romanae
1342 2645 1381 2707 et

334 2758 585 2829 Alexandrina
608 2759 765 2830 ecclesiae
786 2761 968 2854 episcopos
992 2761 1165 2856 dirigitur.
1216 2760 1380 2832 οΕἸοιίιὶε

335 2882 400 2952 sub
417 2881 567 2953 Claudio
584 2893 621 2954 et
638 2882 845 2954 Aureliano.

375 3113 391 3144 ⁸
406 3104 551 3162 Eusebius
567 3123 594 3160 v.
609 3102 658 3162 28.
677 3115 818 3163 memorat
839 3105 1000 3178 σπούδασμα
1015 3106 1125 3165 vetusti
1146 3091 1296 3185 scriptoris
1316 3108 1381 3163 κατὰ

334 3212 380 3278 τῆς
392 3209 551 3281 Ἀρτέμωνος
567 3212 691 3283 αἱρέσεως
710 3213 887 3281 πεποναμένον
900 3211 932 3282 ἣν
945 3211 1017 3269 αὖθις
1030 3215 1046 3265 ὀ
1060 3214 1088 3267 e’n
1104 3215 1263 3283 Σαμοσάτων
1275 3217 1381 3269 Παῦλος

336 3313 391 3369 καθ’
412 3314 477 3383 ἡμᾶς
500 3315 697 3371 ἀνανεώσασθαι
719 3316 881 3388 πεπείραται.
934 3315 1075 3394 Episcopi
1099 3315 1277 3374 Antiocheni
1302 3316 1380 3394 apud

335 3416 460 3474 eundem
474 3418 524 3474 vii.
539 3418 589 3476 30.
608 3437 674 3496 pag.
689 3417 760 3477 282.
779 3418 816 3476 de
836 3417 930 3476 Paulo
948 3417 1060 3476 Samos.
1082 3423 1119 3494 τῷ
1134 3420 1163 3474 δι’
1175 3419 1288 3492 'aprino
1305 3419 1380 3476 οὗτος

335 3525 522 3589 ἐπιστελλέτω,
537 3527 578 3579 nol
592 3528 616 3579 ol
630 3528 662 3581 τὰ
674 3525 786 3598 Ἀρτεμᾶ
802 3529 960 3599 φρονοῦντας
972 3524 1057 3600 sos‘rrp
1070 3527 1280 3582 καινανείτωααν.
1323 3524 1379 3583 Fa·

336 3626 447 3685 cundus
461 3627 504 3687 iii.
519 3629 547 3686 2.
571 3628 762 3707 Manifestum
779 3639 820 3689 est
837 3630 911 3706 quod
925 3630 1130 3688 Samosatenas
1144 3629 1257 3688 Paulus
1273 3629 1381 3708 episco-

334 3752 391 3808 pus
405 3732 516 3811 quidem
520 3732 587 3811 suit
603 3733 780 3794 Ariliochenae
793 3735 916 3794 ecclesie
926 3734 1043 3794 Domini
1054 3735 1122 3801 Dei,
1140 3735 1275 3794 Theodoti
1289 3744 1381 3793 aulem

337 3847 362 3895 et
380 3838 537 3895 Artemonis
555 3858 649 3896 errore
666 3848 815 3917 egrotans,
830 3841 879 3920 qm'
895 3861 1002 3919 purum
1021 3840 1156 3898 nominem
1174 3841 1305 3898 diaernnt
1321 3859 1382 3899 esse

338 3943 491 4001 Dmninam
515 3943 615 4003 Jemm
641 3943 794 4003 Christum.
846 3945 895 4004 Sic
922 3944 1115 4004 Artemonem
1142 3945 1204 4004 sive
1229 3947 1380 4014 Arteman,

338 4048 462 4107 Paulum
481 4049 700 4108 Samosatenum
720 4061 750 4109 et
766 4051 925 4111 Photinum
941 4050 1020 4110 velut
1034 4051 1065 4108 in
1079 4051 1181 4110 heresi
1197 4051 1297 4109 eadem
1315 4069 1382 4108 con-

337 4152 479 4230 spirantes
495 4152 596 4231 jungit
617 4152 703 4212 Felix
721 4153 782 4213 III.
806 4154 884 4233 Papa
904 4154 935 4211 in
956 4152 1091 4232 Epistola
1110 4153 1148 4210 ad
1168 4152 1289 4211 Petrum
1309 4151 1382 4209 Ful·

337 4257 443 4316 lonenr.
486 4255 657 4316 Artemonis
670 4257 793 4316 hoeresin
806 4257 987 4336 oppugnarit
1001 4256 1096 4315 seculi
1111 4254 1231 4314 secundi
1244 4255 1280 4313 nd
1295 4254 1381 4314 finem

336 4361 482 4439 vergentis
504 4360 628 4438 scriptor
645 4371 729 4420 vetus
748 4361 785 4421 de
803 4380 862 4439 quo
881 4361 1029 4420 Eusebius
1042 4380 1072 4420 v.
1087 4359 1137 4419 28.
1154 4369 1185 4417 et
1199 4358 1288 4417 Caius
1304 4358 1382 4437 apud

338 4465 477 4525 Photium
493 4465 557 4526 cod.
568 4465 617 4524 48.
633 4467 718 4525 ΡαιιΙί
735 4463 914 4527 Samosaterii
930 4466 1045 4525 haeresis
1059 4466 1195 4525 damnata
1208 4464 1239 4523 in
1251 4464 1382 4523 Concilio

337 4569 523 4631 Antiocheno
540 4570 580 4628 A.
596 4569 665 4637 270.
709 4572 737 4629 Is
757 4571 910 4650 episcopus
932 4569 1094 4629 Antiochiae
1115 4569 1212 4628 factus
1232 4579 1295 4629 erat
1315 4583 1381 4648 post
