3700 5667
457 680 506 739 IN
533 680 564 741 S.
582 679 833 742 VICTORINI
862 681 1223 745 FRAGMENTUM.
1300 688 1363 753 469

318 849 443 932 quidem
464 850 495 910 in
517 847 610 913 Notis
632 849 674 912 ad
695 849 866 933 Epiphanii
885 852 1005 915 Hoeraa
1024 874 1063 916 m.
1087 874 1158 938 pag.
1177 855 1204 915 8.
1228 850 1362 914 eundem

318 972 427 1015 revera
451 950 642 1014 arbitratum
670 972 737 1015 esse
763 951 888 1024 statuit,
914 952 1077 1018 Christum
1101 978 1139 1018 ea
1162 962 1265 1027 noete,
1290 975 1361 1037 quar

316 1053 426 1116 seriam
456 1052 585 1116 tertiam
614 1051 766 1136 sequitur,
791 1075 811 1116 a
840 1054 965 1118 Judaeis
994 1064 1123 1141 raptum
1153 1057 1262 1133 fuisse,
1288 1077 1361 1120 cum

315 1153 410 1239 paulo
428 1161 504 1218 ante
524 1153 675 1237 pascham
695 1154 903 1229 celebrassem
927 1157 983 1220 sed
1002 1180 1064 1241 qna
1084 1159 1207 1223 ratione
1227 1158 1258 1221 id
1279 1157 1362 1221 arbi·

314 1266 420 1321 tratas
440 1257 482 1320 sit
498 1256 615 1332 nescio,
631 1278 702 1318 eum
718 1257 777 1319 hoe
794 1257 862 1342 ipso
877 1257 947 1321 loeo
962 1281 1090 1343 passum
1105 1284 1174 1325 esse
1190 1261 1361 1325 Dominum

313 1361 392 1424 feria
412 1369 504 1424 sexta
525 1360 723 1444 Epiphanius
743 1360 922 1436 tradiderit,
939 1362 1070 1445 perinde
1089 1372 1185 1447 atque
1203 1363 1270 1447 ipse
1291 1362 1361 1425 Vie-

313 1463 447 1525 torinna
493 1464 544 1525 De
574 1461 793 1526 observatione
823 1463 959 1527 tetradis
989 1478 1021 1527 et
1047 1487 1244 1549 parasceues,
1269 1465 1360 1549 plura

313 1564 354 1626 ad
371 1564 403 1627 S.
424 1567 557 1627 Pernen
574 1566 675 1627 Anax.
693 1572 862 1630 notaturus
876 1587 955 1628 sum.

358 1672 395 1732 P.
411 1672 486 1752 456.
504 1670 522 1733 l.
541 1688 590 1751 29·
615 1670 773 1733 tetradem
796 1670 837 1732 ob
859 1670 1071 1753 majestatem]
1097 1672 1241 1735 tetradem
1261 1674 1358 1739 habnt

316 1770 387 1834 MS.
404 1773 493 1854 eujus
507 1773 575 1835 loco
592 1771 718 1856 reponit
732 1772 847 1835 tetrade
860 1771 1039 1845 Walkerus,
1055 1794 1115 1856 ego
1129 1775 1252 1852 tetrade,
1268 1787 1305 1840 et.

357 1870 439 1935 Ibid.
456 1871 476 1934 l.
491 1893 543 1956 30.
564 1883 598 1936 et
619 1872 991 1957 tempora—decurrant]
1010 1872 1185 1936 Delendam
1201 1897 1268 1938 esse
1284 1898 1356 1959 par-

311 1973 441 2036 ticulam
464 1983 499 2049 et,
526 1974 573 2037 ait
594 1974 776 2050 Walkerus,
801 1983 834 2039 et
859 1975 990 2060 exejus
1015 1975 1174 2040 sententia
1195 1977 1359 2042 decurrunt

311 2098 369 2159 pro
384 2077 548 2140 deterrent
562 2077 761 2141 scribendum
776 2086 834 2143 est.
881 2078 945 2142 Sed
960 2088 993 2140 nt
1008 2099 1066 2162 pro
1080 2088 1107 2141 et
1122 2079 1229 2143 malim
1244 2081 1356 2166 legere,

310 2180 496 2245 drarnmn'tnti
511 2203 568 2265 pro
583 2181 789 2245 demandatae.

355 2283 438 2346 lbid.
461 2283 481 2346 l.
499 2301 551 2368 32.
577 2283 648 2347 ideo
672 2292 729 2348 aut
754 2283 951 2371 [stationem
976 2285 1049 2371 aut]
1075 2288 1357 2371 superpositionem

310 2386 458 2473 faeimus]
477 2385 605 2450 Videsis
620 2407 691 2470 quae
706 2387 802 2472 paulo
817 2396 893 2451 aute
909 2409 981 2472 pag.
996 2390 1069 2468 467.
1089 2391 1249 2454 annotavi.
1284 2391 1355 2455 MS.

309 2489 465 2553 referente
484 2487 631 2552 Walkeri
650 2490 845 2573 apographo,
861 2489 929 2553 idae
947 2501 1002 2554 net
1020 2493 1260 2576 superstitionem
1269 2495 1355 2578 soei·

307 2612 384 2654 nans.
432 2591 610 2676 Oorrigitur
630 2593 672 2656 ed
688 2593 775 2657 Gavii
795 2615 894 2675 marg.
911 2602 1010 2656 antam
1029 2616 1087 2679 pro
1104 2605 1169 2671 ant,
1185 2603 1219 2659 et
1237 2595 1269 2658 in
1287 2595 1356 2679 ipso

307 2695 492 2779 apographo
515 2695 653 2778 positum
675 2705 726 2758 est
746 2696 1008 2780 repertor-itionem
1030 2718 1088 2781 pro
1109 2699 1354 2781 superstitionem,

308 2796 393 2878 quod
417 2796 449 2858 in
475 2798 548 2860 MS.
573 2798 745 2861 seeundum
767 2796 924 2873 wadiari,
947 2810 985 2863 ut
1007 2798 1084 2873 dixi,
1108 2799 1354 2884 recognitionem

306 2896 431 2983 legitur,
447 2900 502 2962 sed
520 2900 551 2961 iu
571 2921 610 2962 eo
623 2921 734 2963 revera
753 2908 865 2964 extare
883 2901 1146 2986 mperperitionem
1160 2907 1301 2964 testatur
1315 2901 1353 2964 el.

307 3000 458 3065 Toddius.
499 3001 637 3087 Propter
649 3002 703 3066 illa
718 3025 855 3088 quoque,
867 3025 938 3086 quae
953 3025 1027 3066 mox
1042 3011 1219 3087 sequuntur
1233 3003 1287 3069 lin.
1304 3025 1352 3088 13.

306 3126 377 3189 pag.
394 3122 467 3188 457.
492 3106 562 3168 Hae
575 3126 688 3189 qntoqne
703 3105 849 3169 die-aut
869 3105 1042 3169 stationem
1056 3107 1122 3169 Deo
1136 3116 1191 3171 ant
1200 3107 1353 3189 jejrrninm

298 3206 446 3287 faetantes,
461 3207 538 3269 illud
553 3207 734 3270 addendum
750 3215 809 3283 est,
825 3206 911 3289 quod
926 3207 959 3268 iu
974 3213 1067 3271 textu
1083 3207 1180 3270 vides.

351 3307 388 3370 P.
404 3328 478 3389 457.
494 3307 515 3369 1.
533 3327 562 3370 2.
583 3329 620 3370 ae
639 3306 685 3371 sio
707 3307 794 3369 Deus
814 3306 988 3388 hominem]
1008 3306 1157 3374 Quatuor
1174 3306 1242 3369 haee
1257 3307 1354 3369 verba

306 3405 338 3467 iu
353 3406 430 3469 God.
449 3406 520 3468 MS.
541 3413 617 3470 ante
639 3406 693 3468 illa
714 3406 764 3468 die
784 3414 862 3467 serto
883 3405 989 3488 posita
1011 3412 1105 3483 suut3
1128 3407 1184 3470 aed
1205 3413 1354 3469 monente

308 3505 473 3579 Walkero‚
497 3507 600 3569 verbis
626 3506 659 3569 iu
685 3505 769 3570 hune
795 3505 938 3569 ordinem
964 3506 1049 3590 apud
1076 3506 1252 3570 Cavianum
1276 3527 1353 3590 apo-

304 3607 462 3690 graphum
477 3606 636 3671 restitutis
651 3607 739 3671 alara
752 3607 835 3670 fiunt
850 3606 966 3670 omnia.

350 3708 433 3772 Ibid.
456 3709 477 3772 1.
500 3726 531 3792 5.
556 3710 663 3794 quam]
690 3709 789 3773 Reate
814 3709 960 3773 additum
984 3731 1077 3794 qaam
1099 3710 1195 3774 fuisse
1219 3711 1252 3773 in
1277 3732 1353 3796 apo-

303 3809 426 3894 grapho
437 3811 572 3875 videtur.
608 3812 710 3876 Paulo
724 3819 797 3896 post
811 3811 978 3888 statuitur,
990 3834 1092 3897 nequo
1107 3820 1183 3877 aute
1198 3814 1351 3876 muudum

304 3911 476 3989 eonditum,
493 3935 550 3976 nee
572 3914 682 3977 diebus
704 3921 830 3977 sextum
852 3914 1113 3979 antecedentibus
1135 3914 1264 4000 angelos
1284 3936 1351 3978 ere·

304 4022 375 4077 atos
390 4013 496 4089 fuisse,
512 4015 567 4078 sed
586 4015 712 4079 demum
731 4022 823 4078 sexto
843 4015 905 4078 dis.
952 4013 1087 4079 Diversa
1106 4024 1215 4079 tamen
1236 4014 1350 4079 diversi

303 4114 446 4180 sentiunt
460 4116 500 4179 de
515 4138 643 4201 requae
658 4116 691 4179 in
705 4116 803 4180 saeris
814 4116 931 4180 litteris
946 4116 998 4178 vix
1010 4115 1137 4199 quidem
1152 4115 1273 4199 liquido
1287 4114 1349 4199 sig-

304 4217 462 4281 nifieatur.

347 4318 431 4382 lbid.
449 4319 469 4382 l.
486 4320 514 4381 6.
537 4320 671 4401 terram]
695 4317 747 4381 Sio
769 4317 841 4381 MS.
858 4325 892 4381 et
910 4317 942 4380 in
963 4316 1106 4401 margine
1126 4315 1258 4380 Gariani
1275 4338 1351 4400 apo-

300 4420 415 4503 graphi
438 4420 619 4506 suppletum
639 4427 689 4483 est
710 4418 834 4495 crearit,
849 4419 906 4482 sed
924 4417 1072 4481 Walksri
1092 4417 1226 4501 praefero
1247 4438 1351 4482 emau-

302 4520 473 4584 dationem.
524 4519 649 4584 Interea
674 4519 714 4583 de
737 4540 773 4583 re
795 4519 865 4603 ipsa
890 4542 932 4583 ex
954 4519 1108 4603 principio
1131 4519 1203 4583 libri
1230 4519 1352 4585 Genea

301 4620 386 4685 aliud
406 4623 481 4707 quid
497 4622 716 4706 colligendum,
733 4642 829 4704 quam
847 4621 934 4685 istud
951 4620 1216 4686 Victoriniauum.
1261 4621 1351 4685 Anto
