3700 5667
574 659 626 722 IN
650 661 685 722 S.
700 657 933 721 CORNELII
959 656 1277 720 FRAGMENTA.
1403 657 1448 719 88

395 826 509 902 lamus,
535 826 578 889 ad
606 825 819 888 imitationem
843 823 981 888 Cornelii
1010 823 1134 899 titulos,
1165 824 1282 908 qmbns
1311 822 1447 905 Moysen

395 935 544 1005 exornat,
557 950 617 1013 pro
630 928 764 992 dirersis
777 928 973 1011 temporibus
987 938 1103 991 mutat.
1148 928 1232 991 Nam
1251 929 1284 991 in
1300 927 1447 1012 Epistoh

402 1049 451 1093 ιο.
475 1030 621 1114 sequenti
643 1051 675 1092 n
692 1046 724 1114 5.
748 1029 919 1113 respiciens
941 1030 985 1093 ad
1009 1031 1043 1092 id
1066 1038 1204 1114 tempus,
1227 1052 1292 1114 quo
1317 1029 1447 1112 lloyses

396 1132 513 1196 oelebri
542 1131 717 1196 Noratiani
743 1131 898 1216 Epistola
923 1133 964 1195 de
991 1132 1105 1216 Lapsis
1134 1132 1331 1216 sirbsrripsit,
1357 1130 1447 1193 illurn

395 1235 1287 1320 madlwwssmpmtempommquo
1312 1232 1447 1317 ipsead

398 1338 618 1402 Antonianum
627 1337 799 1414 scribebat,
809 1337 964 1420 ssscjnsr
979 1347 1142 1420 mrum
1150 1336 1301 1422 appellat.
1324 1335 1447 1398 Verum

398 1461 500 1526 neque
528 1440 601 1504 inde
624 1439 798 1524 quidquam
826 1439 906 1502 eerti
932 1440 1085 1501 adrerms
1108 1438 1231 1501 Valesii
1254 1437 1447 1501 sententiam

398 1543 583 1606 eonfieitur:
606 1562 679 1605 eum
693 1540 871 1625 Cyprianus
887 1541 986 1605 etiam
1000 1562 1066 1614 eos,
1081 1541 1136 1625 qui
1150 1541 1212 1604 etsi
1227 1562 1291 1603 non
1306 1540 1398 1614 torti,
1413 1538 1447 1602 in

398 1665 525 1708 eareem
545 1652 655 1708 tamen
676 1643 776 1706 vitam
797 1643 923 1716 finiunt,
944 1650 1102 1726 martyres
1124 1643 1289 1706 habendes
1307 1650 1447 1704 censeat

399 1745 983 1831 Quamvisigiturinidpropendeam
997 1743 1448 1828 animantquiobeynpiu

398 1858 427 1912 s
453 1847 636 1912 admirabile
663 1848 848 1931 martyriam
875 1848 1126 1922 commendatur,
1151 1867 1225 1909 eum
1253 1845 1287 1907 in
1315 1844 1448 1908 dirersis

399 1957 630 2014 tormentorum
652 1949 822 2034 generibus
844 1958 1030 2012 constanter
1054 1946 1249 2032 perferendis
1270 1945 1449 2008 mirabilem

400 2075 435 2116 se
448 2052 628 2116 exhibuisse
641 2053 787 2116 credam:
810 2061 943 2135 propter
955 2050 1201 2114 diuturnitatem
1220 2056 1328 2111 tamen
1347 2045 1449 2109 drrfis-

400 2155 472 2219 simi
491 2153 636 2232 earoeris,
652 2175 716 2238 quo
732 2175 754 2218 a
767 2152 886 2217 (lbristi
906 2152 1102 2216 eoniessione
1124 2152 1166 2214 ad
1190 2158 1326 2213 mortem
1347 2169 1449 2231 usque

400 2257 554 2322 deterreri
569 2279 632 2320 non
644 2256 752 2332 valuit,
764 2255 925 2339 egregium
942 2264 975 2317 et
985 2254 1172 2317 admirabile
1186 2252 1248 2316 diei
1264 2251 1370 2336 potuit
1380 2251 1450 2334 ejus

401 2359 598 2445 martyrium.
644 2360 774 2443 Moyses
793 2366 903 2421 antem
922 2379 995 2420 cum
1015 2365 1142 2420 tantum
1166 2364 1251 2419 esset
1271 2355 1448 2439 presbyter,

403 2462 616 2526 Novatianum
641 2459 869 2524 communionis
896 2467 1056 2522 exsortem
1086 2458 1173 2533 feeit,
1197 2479 1259 2520 non
1285 2464 1450 2541 potestate

402 2570 501 2647 atque
513 2563 708 2626 auctoritate
724 2561 852 2645 judicis,
867 2561 923 2622 sed
943 2582 982 2622 ea
996 2560 1145 2622 mutiens
1159 2580 1223 2643 qua
1236 2558 1349 2642 cuique
1364 2556 1449 2620 lideli

402 2665 450 2729 nti
471 2665 545 2729 beet
558 2686 636 2750 erga
649 2686 714 2739 eos,
730 2684 865 2748 quorum
884 2663 964 2724 tides
982 2683 1131 2746 perversa
1147 2662 1277 2744 sitaque
1297 2659 1449 2744 pestilens

401 2767 569 2831 manifeste
588 2767 843 2850 deprehenditur.
867 2764 1043 2828 Cousrssr.
1090 2763 1263 2827 Usitatiori
1281 2763 1377 2825 mode
1395 2783 1450 2824 no·

403 2892 476 2933 men
491 2868 640 2933 scribitur
654 2873 785 2947 Μωυσῆς
800 2867 833 2930 in
847 2869 920 2930 MS.
936 2867 1073 2949 Norfole.

448 2971 488 3035 Ρ.
500 2986 550 3051 27.
566 2970 587 3034 l.
601 2990 650 3047 14.
673 2971 869 3048 ἆκοινόνητον
884 2968 1020 3053 ἐποίησε]
1044 2968 1209 3032 Masculus
1223 2967 1320 3030 vertit
1339 2987 1450 3029 essum-

401 3072 580 3136 mauieaoit.
628 3069 937 3154 christophorsonus
972 3091 1047 3133 vero
1074 3070 1218 3153 fideliam
1253 3069 1389 3132 masau
1423 3076 1452 3130 s

401 3174 604 3239 communiens
630 3172 799 3246 interdixit,
823 3174 907 3256 quod
937 3172 1021 3235 idem
1050 3179 1108 3235 est.
1163 3171 1235 3254 Ego
1263 3191 1338 3232 vero
1367 3169 1450 3231 hane

402 3270 699 3355 interpretationem
715 3270 851 3352 probare
866 3292 930 3333 non
944 3294 1083 3356 possum.
1128 3271 1239 3355 Neque
1253 3271 1338 3332 enim
1354 3271 1449 3353 bloy-

402 3394 454 3436 ses
483 3372 650 3456 presbyter
682 3371 737 3454 jus
772 3370 884 3434 habuit
920 3371 1212 3436 excommunicandi
1249 3371 1452 3454 presbyteros

402 3473 540 3558 eollegas
561 3494 652 3535 snos:
685 3473 740 3535 sed
763 3473 848 3557 qnod
872 3495 970 3538 unum
990 3474 1109 3560 potuit,
1134 3495 1169 3535 se
1190 3495 1211 3534 a
1233 3471 1452 3534 communione

403 3573 530 3637 illorum
559 3573 743 3658 separavit;
783 3596 854 3636 eum
883 3574 1002 3639 scilieet
1031 3575 1075 3637 illi
1106 3574 1232 3636 videndi
1261 3572 1329 3657 ejus
1357 3575 1451 3634 caust

403 3675 549 3739 venirent
563 3675 597 3737 in
611 3696 778 3738 esreerem.
826 3674 936 3740 Solent
955 3699 1050 3760 porro
1070 3676 1194 3760 antiqui
1215 3675 1387 3759 scriptores
1405 3674 1454 3737 ita

404 3776 490 3860 loqui
519 3777 560 3840 de
595 3778 814 3840 sacerdotibus
843 3777 896 3861 qui
934 3780 976 3842 ab
1004 3779 1138 3841 eliorum
1169 3776 1454 3840 communicatione

405 3877 580 3955 abstinent,
609 3880 699 3963 quasi
732 3879 791 3964 ipsi
822 3901 876 3942 eos
905 3903 925 3944 a
954 3881 1174 3944 communione
1205 3903 1263 3943 sua
1292 3884 1453 3963 separent.

407 3978 559 4044 Paulinus
594 3984 761 4067 presbyter
789 3983 820 4045 in
848 3982 916 4046 vita
952 3982 989 4044 B.
1014 3981 1185 4044 Ambrosii.
1248 3982 1356 4065 Ipsam
1386 4001 1455 4042 vero

405 4082 582 4145 Mammam
606 4105 627 4146 e
646 4084 859 4147 communionis
880 4084 1023 4147 artemio
1044 4082 1218 4167 meavit,
1238 4081 1401 4144 admonere
1421 4091 1456 4143 at

405 4183 491 4263 effwi
504 4185 663 4269 smaltis
674 4186 802 4248 Domiti
815 4186 864 4248 sui
877 4196 978 4271 speret
986 4186 1206 4270 penitentiam.
1252 4181 1313 4260 Qui
1331 4180 1456 4243 Paulini

406 4283 494 4348 loeus
515 4285 563 4349 ita
584 4284 807 4371 intelligendus
828 4294 878 4351 est
899 4297 937 4351 ut
959 4287 1035 4351 dixi.
1081 4286 1197 4368 Neque
1219 4284 1302 4346 enim
1318 4284 1456 4345 Ambra

407 4388 472 4451 sius
488 4388 666 4452 Maximum
684 4390 915 4473 Imperatorem
929 4411 950 4453 a
964 4388 1183 4452 communione
1202 4386 1302 4449 totius
1318 4385 1457 4449 ecelesias

409 4491 557 4574 sejunxit,
573 4512 646 4554 eum
667 4491 785 4554 nullum
804 4491 858 4575 jus
880 4491 913 4553 iu
935 4512 1007 4554 eum
1029 4490 1180 4553 haberet:
1209 4488 1264 4550 sed
1287 4495 1415 4550 tantum
1437 4510 1458 4549 a

411 4593 546 4658 Maximi
575 4599 610 4657 et
639 4592 856 4678 episooperum
886 4593 954 4677 ejus
983 4590 1201 4656 communione
1231 4588 1397 4662 abstinuit,
1420 4595 1458 4650 ut

908 4716 932 4756 lt
950 4713 968 4759 2
