3700 5667
494 649 559 715 162
842 645 1193 710 ΑΝΝΟΤΑΤΙΟΝΕ8

494 826 603 882 censet
619 814 808 880 pearsonius
823 816 856 880 in
868 817 982 881 Anasi.
1000 818 1093 902 Cypr.
1109 817 1218 881 adan.
1236 834 1307 898 252.
1326 818 1355 898 ξ.
1374 835 1421 899 ¹3·
1439 822 1543 877 vetus-

495 920 609 984 tissimi
627 919 764 1004 Ootadoyi
784 928 915 984 auctore
936 920 1046 994 allato,
1070 921 1159 1003 cujus
1179 919 1275 983 verba
1295 932 1369 981 sunt
1387 917 1420 979 in
1437 918 1543 979 Conte-

495 1022 558 1086 tio:
584 1024 659 1086 Post
680 1022 732 1085 too
752 1023 960 1086 Ceratumoeltis
980 1023 1130 1107 saputem
1152 1022 1197 1085 tbi
1219 1020 1406 1105 campionis
1428 1019 1542 1081 dormi-

496 1123 605 1189 tionem
639 1125 778 1209 aceolum
817 1135 962 1189 attamen
991 1126 1039 1188 vir
1064 1147 1199 1210 magnus
1229 1123 1333 1186 miuus
1362 1129 1449 1185 recto
1479 1134 1545 1184 sta-

497 1237 588 1292 tuere
602 1227 737 1303 videtur,
754 1227 900 1292 Cornelio
915 1235 1051 1291 mortem
1069 1237 1232 1291 cruentam
1253 1226 1457 1310 adscripsisse
1471 1246 1544 1308 pos·

501 1330 634 1394 teriores
656 1331 757 1416 magis
779 1353 874 1415 quam
898 1331 1142 1414 Hieronymum,
1157 1330 1217 1394 etsi
1237 1330 1269 1392 in
1285 1329 1365 1392 libro
1385 1330 1435 1391 De
1458 1327 1547 1389 Viris

498 1433 554 1496 Ill.
570 1433 740 1510 dicentem,
760 1432 794 1497 od
817 1433 975 1497 Christum
995 1433 1144 1514 martyrio
1164 1441 1338 1495 corortotum
1347 1431 1452 1513 fnisse
1473 1431 1545 1491 Ocr-

498 1535 635 1609 nolinm;
649 1535 799 1619 quoniam
812 1536 844 1598 in
859 1537 928 1598 Vita
941 1535 1042 1598 Pauli
1055 1535 1203 1598 Erunitce
1214 1534 1377 1597 abeodem
1388 1531 1546 1613 Hierony-

498 1658 551 1700 mo
574 1637 755 1721 conscripta
777 1637 837 1700 hoo
859 1637 999 1721 positum
1022 1643 1072 1699 est
1094 1658 1124 1720 p.
1146 1656 1218 1712 240.
1241 1635 1291 1699 ed.
1314 1634 1451 1698 Froben.
1475 1636 1546 1696 Cor·

497 1738 595 1802 nobiae
617 1741 732 1815 Eorum,
756 1739 931 1822 Cyprianus
955 1738 1148 1822 Oarttoyirw,
1162 1737 1256 1820 felici
1279 1757 1384 1799 miore
1406 1733 1547 1798 donanti

497 1849 575 1902 eunt.
607 1841 717 1917 Porro,
731 1862 924 1924 quanquam,
941 1841 974 1903 in
988 1841 1090 1924 Epist.
1106 1862 1164 1903 sua
1180 1843 1219 1919 67
1237 1840 1285 1902 vel
1301 1841 1353 1902 68.
1371 1838 1548 1922 Cyprianus

501 1940 637 2004 Lucium
648 1939 787 2005 Cornelii
803 1963 1027 2018 successorem,
1037 1943 1091 2026 qui
1106 1941 1251 2005 similiter
1265 1941 1298 2003 in
1312 1939 1440 2004 exilium
1454 1948 1548 2002 aetus

501 2065 564 2106 uon
579 2044 612 2106 in
623 2045 803 2126 Martyrum
816 2043 967 2127 Cotolopo,
980 2045 1035 2107 sed
1048 2044 1080 2106 in
1089 2043 1290 2127 Depositicne,
1305 2064 1360 2106 sou
1371 2041 1547 2125 sepultura,

499 2147 719 2230 Episcoporum
733 2146 902 2222 invenitur,
918 2145 1036 2210 deatum
1050 2155 1226 2227 martyrem,
1242 2154 1487 2208 commemorato
1507 2142 1548 2205 si-

500 2248 566 2311 mul
587 2247 744 2322 Cornelio,
768 2247 986 2331 appellaverit,
1009 2247 1143 2330 siletque
1169 2248 1209 2310 de
1234 2246 1387 2330 martyrio
1411 2243 1548 2310 Cornelii

500 2351 653 2414 Armenia
691 2350 833 2413 Chronici
869 2348 1037 2413 Eusebia-ni
1073 2349 1306 2433 interpretatio,
1337 2370 1400 2411 non
1436 2346 1548 2410 itidem

503 2452 763 2536 Hieronymiamu
779 2473 889 2515 eorum
904 2460 1013 2516 tamen
1028 2451 1220 2515 sententiam
1236 2451 1337 2535 magis
1356 2450 1548 2534 amplecten-

436 2593 451 2616 s
503 2555 577 2616 dam
604 2563 736 2637 propter
763 2555 953 2638 Hieronymi
980 2556 1076 2618 verba
1101 2554 1250 2627 arbitror,
1277 2553 1330 2637 qui
1355 2553 1462 2637 gladio
1488 2553 1546 2614 im·

503 2654 664 2737 paratorio
675 2655 814 2718 occisum
828 2678 896 2719 esso
908 2656 1089 2720 Cornelium
1104 2656 1286 2720 statuerint.
1317 2655 1455 2719 Cornelii
1467 2677 1549 2717 caie-

503 2757 637 2819 raodum
668 2779 804 2821 maiorem
837 2766 994 2823 memorat
1029 2781 1154 2843 quoque
1188 2758 1351 2822 Maximus
1385 2757 1552 2842 episcopus

504 2858 619 2922 saeculo
634 2859 746 2943 quinto
762 2861 975 2938 Taurinensis,
992 2861 1026 2923 in
1041 2860 1233 2924 Smnonidua
1246 2861 1323 2935 suis,
1338 2882 1416 2944 quos
1431 2860 1552 2943 primus

504 2961 605 3025 edidit
629 2962 837 3026 Muratorius.
885 2964 954 3025 Vid.
980 2964 1081 3027 Sorm.
1105 2964 1144 3026 iv.
1169 2986 1241 3048 pag.
1263 2966 1315 3042 46.
1339 2963 1417 3026 tomi
1444 2962 1552 3046 quarti

504 3062 656 3126 Artemon.
675 3061 882 3127 Arndrosiaooe
896 3063 1096 3128 Bibliotheca
1132 3066 1233 3128 Porro
1248 3064 1410 3127 decollatus
1423 3074 1463 3127 est
1480 3066 1551 3126 Cor-

504 3165 613 3241 nelios,
642 3165 689 3229 ait
721 3166 848 3249 quidem
881 3167 1076 3231 Anastasius
1112 3167 1374 3231 Bibliothecarius
1409 3167 1441 3229 in
1477 3167 1554 3229 Vitis

505 3269 625 3352 Pontis.
646 3271 733 3334 Eoris.
755 3292 786 3353 p.
809 3289 854 3332 ιο.
879 3271 926 3333 ed.
953 3270 1101 3354 Mogunt.
1123 3294 1152 3354 p.
1177 3289 1246 3353 193.
1270 3269 1345 3332 edit.
1370 3268 1462 3331 Rom.
1485 3269 1552 3345 sed,

505 3374 635 3458 perinde
657 3397 695 3438 ac
719 3374 962 3458 Martyrologia,
985 3396 1026 3437 ex
1048 3374 1129 3437 actis
1153 3395 1223 3456 quae
1244 3371 1425 3436 adulterina
1447 3372 1552 3435 viden·

505 3484 568 3541 tur.
619 3468 711 3541 Nunc
735 3500 810 3541 vero
836 3477 933 3562 digna
956 3476 1077 3560 putavi,
1103 3498 1173 3559 quae
1197 3475 1247 3538 hio
1271 3475 1491 3538 describantur
1517 3474 1551 3537 S.

507 3577 638 3644 Paoinni
658 3582 753 3645 verba
776 3580 829 3664 qui
850 3581 891 3642 ad
912 3580 1006 3642 finem
1026 3586 1175 3662 vergente
1195 3576 1308 3641 saeculo
1328 3585 1443 3660 quarto
1462 3577 1552 3660 Sym-

506 3683 678 3765 ponianum
694 3683 907 3746 Novatianum
923 3682 956 3744 in
972 3681 1118 3765 Epistola
1133 3704 1166 3744 11.
1182 3680 1229 3743 ita
1243 3680 1421 3763 compellat.
1466 3681 1553 3742 Nam

506 3784 585 3867 quod
605 3795 675 3847 onte
692 3806 820 3869 passum
844 3784 1086 3864 (Novatianum)
1103 3793 1199 3867 patae
1221 3793 1249 3847 et
1273 3783 1462 3866 Cypriacam
1483 3783 1554 3845 dis·

506 3884 562 3946 isee
584 3882 758 3970 suffunpim
781 3885 951 3949 Praecessit
974 3907 1024 3948 me
1047 3885 1246 3949 adversarius
1268 3906 1366 3959 meus,
1389 3884 1445 3971 [de
1467 3883 1554 3947 dicto

507 3984 579 4063 isto,
603 3987 688 4069 quod
711 3988 868 4071 prriano
890 3987 1048 4051 tributum
1072 3995 1131 4061 est,
1156 3987 1200 4049 nil
1223 3986 1299 4049 mihi
1324 3985 1463 4069 constat]
1486 3984 1556 4047 cide

507 4109 598 4171 quom
622 4089 780 4172 manifeste
804 4090 1005 4175 respondeum.
1050 4090 1244 4152 Novaria-nus
1268 4089 1452 4170 rimetyrium
1477 4109 1555 4149 nun·

507 4211 598 4273 quom
620 4191 701 4268 tulit,
714 4214 767 4256 acc
788 4215 823 4256 cc
844 4191 941 4256 cordia
964 4190 1125 4255 beatissimi
1143 4191 1293 4276 Cypriani
1312 4190 1453 4253 auditum
1472 4188 1557 4252 tund

508 4304 562 4356 aut
577 4293 682 4357 ledum
696 4305 745 4359 ost.
791 4295 895 4359 Habes
914 4317 982 4379 erpo
999 4295 1145 4379 epistolas,
1161 4293 1266 4378 quidus
1283 4294 1453 4357 Corrwlinm
1472 4290 1557 4354 urbis

507 4396 686 4479 episcopum,
704 4398 754 4460 oui
775 4407 893 4461 tuntum
912 4398 1109 4461 Nooatianns
1129 4397 1293 4473 inciderat,
1313 4396 1448 4460 inimicis
1462 4395 1555 4478 prin·

509 4496 625 4582 rapidas
654 4501 833 4564 rmistcatcm
860 4521 948 4584 supe,
978 4500 1140 4583 consessum
1167 4522 1256 4584 soepe,
1285 4508 1424 4562 casatum
1453 4499 1554 4580 refert,

506 4599 651 4683 plurimis
675 4602 895 4685 consessoribus,
918 4603 1069 4688 plui-imis
1097 4625 1208 4686 qaoque
1236 4600 1423 4684 anapestus
1450 4600 1557 4663 dacem
