3700 5667
455 1116 505 1209 S.
542 1114 960 1211 DlONYSIUS
1001 1114 1225 1207 ALEX.

726 1377 939 1408 ...4-.

424 1586 460 1656 S.
481 1585 744 1668 immamus,
762 1583 839 1655 Lib.
858 1583 915 1656 De
935 1582 1031 1656 Viris
1049 1584 1263 1672 Ill-ustribus,

669 1725 743 1793 cap.
762 1701 850 1770 lxix.
869 1725 902 1794 p.
923 1705 1006 1771 153.

320 1850 626 1966 DIONYSIUS
653 1895 932 1965 aAlexandnnae
958 1897 1054 1966 urbis
1082 1898 1266 1990 episcopus
1297 1901 1363 1970 sub

316 2017 470 2089 Heracle
504 2015 687 2089 hscholam
717 2023 927 2114 κατηχήσεων
957 2021 1139 2114 presbyter
1168 2023 1294 2103 tenuit,
1326 2031 1364 2092 et

315 2140 478 2235 Origenis
497 2143 599 2213 vaide
616 2145 761 2236 insignis
781 2145 921 2213 auditor
938 2144 1017 2213 fuit.
1065 2143 1158 2214 Sunt
1177 2145 1363 2236 ejus,—

316 2266 402 2336 cAd
427 2266 620 2337 Basilidem
645 2292 785 2360 quoque
806 2268 928 2338 multae
952 2264 1237 2361 epistolam—‘¹
1251 2267 1364 2337 Mori·

314 2401 372 2460 tur
389 2391 599 2461 duodecimo
618 2390 772 2462 Gallieni
791 2414 884 2462 anno
903 2389 990 2477 (An.
1005 2392 1070 2463 ch.
1086 2389 1185 2482 264.)

354 2623 370 2654 ⁸
384 2611 518 2670 Heracle
539 2631 685 2670 successor
704 2614 740 2668 A.
756 2613 826 2668 248.
843 2611 974 2691 Philippi
992 2613 1090 2671 tertio.
1133 2612 1243 2670 Euseb.
1258 2612 1296 2669 vi.
1310 2612 1363 2673 35.

313 2720 406 2792 Τρίτον
426 2721 455 2774 δὲ
475 2719 560 2795 τούτῳ
579 2723 637 2776 ἔτος
656 2719 695 2789 ἦν,
711 2720 765 2775 καθ
781 2720 796 2773 ὃ
815 2722 1026 2791 μεταλλάξαντος
1037 2719 1156 2793 Ἠρακλᾶ
1176 2722 1223 2775 τὸν
1240 2721 1302 2785 βίον
1320 2721 1362 2775 ε’πλ

313 2825 441 2879 ίκκαίδικα
458 2826 530 2878 ἔτεσι
548 2827 594 2893 τῆς
612 2827 788 2897 προστασίας,
802 2831 855 2880 τῶν
873 2824 926 2880 κατ’
940 2825 1137 2898 Ἀλεξάνδρειαν
1153 2829 1298 2895 ἐκκλησιῶν
1316 2826 1363 2895 τὴν

314 2931 458 3000 ἐπισκοπὴν
472 2929 610 2987 Διονύσιος
625 2932 811 3001 ὑπολαμβάνει.
834 2930 1012 2988 FABRICIUS.

352 3031 368 3074 b
381 3033 528 3091 Eusebius
542 3034 581 3090 vi.
595 3035 643 3090 29.
655 3054 721 3092 cum
733 3033 855 3091 dixisset
871 3033 1025 3091 Heraclnm
1041 3053 1078 3092 ex
1089 3034 1237 3093 catecheta
1252 3033 1361 3092 factum

314 3139 481 3216 episcopum
497 3138 731 3196 Alexandrinum
751 3140 780 3196 in
798 3139 893 3197 locum
908 3140 1061 3208 Demetrii,
1076 3139 1245 3216 subjungit:
1268 3143 1313 3210 τῆς
1334 3141 1363 3194 δι’

312 3248 363 3297 τῶν
376 3245 466 3298 αὐτόθι
483 3243 649 3314 κατηχήσεως
667 3245 715 3313 τὴν
728 3246 862 3317 διατριβὴν
876 3243 1022 3315 διαδέχεται
1038 3246 1185 3301 Διονυσίος·
1202 3241 1239 3300 είς
1255 3246 1296 3299 καί
1315 3243 1360 3298 οὗ·

311 3369 356 3404 τος
375 3352 428 3401 τῶν
447 3346 594 3420 Ὠριγίνους
615 3351 750 3420 γενόμενος
772 3351 913 3420 φοιτητῶν.
959 3345 1081 3404 Factum
1103 3347 1159 3404 hoc
1179 3346 1255 3404 circa
1273 3348 1310 3403 A.
1326 3345 1360 3403 (ί.

313 3451 381 3507 231.
404 3452 580 3508 Ferarcrus

350 3556 504 3613 cPlurima
524 3567 591 3614 ante
613 3569 821 3615 memoraverat
841 3558 1040 3635 Hieronymus
1059 3556 1241 3635 Dionysiana
1261 3577 1359 3636 opera,

310 3680 432 3736 quorum
448 3672 563 3719 tantum
578 3662 741 3738 fragments
755 3663 833 3742 apud
849 3663 1010 3721 Eusebium
1022 3661 1215 3719 Athanasium
1230 3661 1360 3740 aliosque

310 3766 465 3844 scriptores
478 3776 645 3844 supersunt.

348 3868 397 3912 ‘¹⁴⁴
413 3872 484 3929 Non
506 3872 643 3930 inmerito
664 3877 753 3931 sane”
770 3873 826 3947 (ait
845 3874 1010 3933 Ruinartus
1029 3876 1092 3931 Act.
1112 3874 1272 3951 Martyrum
1294 3875 1359 3932 Sia-

309 3978 387 4043 ceris,
403 3997 468 4055 pag.
486 3976 566 4050 176.)
593 3978 768 4056 “Dionysio
782 3979 970 4038 Alexandriae
989 3980 1135 4058 episcopo,
1157 3999 1244 4056 quem
1263 3979 1360 4037 Graeci

343 4092 439 4159 patres
468 4083 613 4160 Magnum
643 4085 817 4162 Dionysium
847 4085 1006 4164 appellant,
1037 4085 1118 4143 locus
1146 4085 1223 4142 inter
1247 4085 1359 4142 Christi

309 4195 327 4216 ‘⁴
343 4186 491 4265 Martyres
505 4186 684 4247 conceditur.
712 4188 853 4259 Quamvis
868 4190 945 4247 enim
957 4200 1175 4268 persecutorum
1187 4187 1285 4265 gladio
1299 4207 1358 4244 non

309 4299 326 4323 “
342 4293 529 4358 occubuerit;
552 4293 596 4350 bis
615 4305 712 4352 tamen
731 4316 784 4373 pro
799 4294 965 4353 Christiana
988 4294 1043 4353 iide
1060 4304 1170 4358 tentus,
1187 4293 1261 4351 etin
1279 4293 1358 4350 exsi-

308 4405 325 4426 “
341 4394 412 4453 lium
428 4408 510 4455 actus
524 4398 592 4467 fuit,
608 4411 694 4476 atque
709 4401 824 4459 nonnisi
840 4411 907 4478 post
922 4400 1055 4479 ingentes
1070 4411 1220 4475 superatos
1236 4397 1357 4466 labores,

307 4501 576 4579 “calamitatesque
598 4505 635 4561 ob
655 4504 721 4561 tidei
739 4504 911 4561 Christiana
933 4504 1142 4562 confessionem
1165 4502 1272 4581 saepius
1291 4521 1357 4577 per-

305 4617 323 4638 “
340 4628 437 4684 pessos
459 4608 547 4664 vitum
571 4608 656 4666 iiniit.
704 4608 790 4666 Unde
812 4629 828 4666 a
848 4609 959 4668 Graecis
980 4609 1034 4665 sub
1052 4609 1247 4681 Ἱερομόρτνρος
1269 4606 1359 4665 titulo
