3700 5667
515 698 581 765 272
858 690 1212 763 ANNOTATIONES

513 861 672 945 designari
698 860 873 947 episcopos,
898 872 935 927 ut
962 863 1047 947 apud
1070 862 1235 926 Justinnm
1262 863 1308 925 M.
1330 863 1566 930 Tertullianum

514 962 665 1046 aliosque,
678 962 802 1027 monuit
816 964 858 1028 ed
875 965 1033 1027 Cononem
1048 964 1204 1045 synopsin
1218 984 1308 1027 suem
1323 962 1347 1025 J
1348 965 1519 1028 ohnsouus.

558 1062 598 1124 P.
617 1081 634 1124 2
636 1083 689 1147 59.
705 1063 725 1125 l.
741 1080 773 1148 5.
797 1065 845 1127 καί
866 1063 1042 1148 πλεονεξία]
1069 1064 1220 1148 Sequitur
1239 1065 1325 1129 istud
1343 1064 1425 1129 seori
1440 1073 1564 1141 textus,

513 1167 586 1244 μηδὲ
606 1163 795 1244 ὀνομαζέσθω
814 1167 848 1228 έν
867 1167 936 1244 ὑμῖν
952 1164 983 1227 in
1000 1165 1146 1249 Gregorii
1163 1166 1209 1228 ed.
1225 1166 1392 1250 μνίηαιρινς
1410 1167 1495 1250 quod
1513 1174 1565 1230 tn-

514 1287 587 1328 rneu
605 1265 759 1329 omittunt
777 1266 885 1350 scripti
905 1266 1016 1329 codices
1032 1288 1137 1340 οννιινς,
1157 1267 1289 1351 perinde
1308 1276 1406 1352 etque
1426 1268 1566 1332 Concilio

514 1380 548 1432 et
566 1367 706 1451 Beverep.
729 1388 800 1430 enm
822 1376 950 1452 υίναριιο
975 1366 1111 1432 Versiono
1132 1369 1261 1432 Latino.
1302 1368 1394 1433 Idem
1418 1370 1565 1434 nesciunt

515 1468 685 1533 Pedalium
699 1490 737 1532 ee
753 1468 882 1554 θγίίορσ.

558 1569 641 1632 Ibid.
657 1568 677 1632 l.
694 1568 723 1633 8.
746 1571 763 1631 6
783 1572 842 1649 γὰρ
859 1566 969 1650 κθρπος
987 1575 1039 1631 τοῦ
1059 1568 1173 1654 φωτὸς]
1193 1569 1257 1632 Ρτο
1279 1570 1378 1649 φωτὸς
1398 1590 1562 1654 germane,

514 1678 551 1735 ut
566 1670 667 1735 critici
682 1669 762 1734 seori
776 1670 898 1747 volunt,
910 1670 1046 1734 leotione
1057 1675 1166 1734 textus
1180 1669 1351 1733 hodiernus
1362 1671 1447 1733 Noni
1460 1671 1564 1735 Testa·

513 1772 606 1835 menti
625 1792 734 1834 vocem
754 1773 919 1850 πνεύματος
937 1769 1045 1843 hebet,
1062 1791 1197 1853 quonum
1212 1771 1372 1836 consentit
1389 1793 1471 1835 unus
1491 1780 1564 1836 ten-

513 1882 584 1939 tum
601 1895 641 1936 ex
658 1873 804 1957 Gregorii
824 1874 979 1936 θανουιυιιι
993 1872 1090 1949 libris,
1107 1872 1161 1955 qui
1181 1880 1231 1936 est
1251 1873 1352 1936 oodex
1370 1872 1562 1939 Rewlinsou.

515 1977 587 2059 625.
618 1976 641 2037 J
643 1995 695 2038 em
713 1974 844 2037 taudem
866 1973 899 2036 in
913 1981 1040 2037 textum
1060 1994 1186 2037 seernm
1201 1975 1300 2055 φωτὸς
1315 1975 1434 2059 recepit
1450 1975 1561 2039 Gries-

514 2076 645 2140 bnohius
666 2097 738 2138 oum
759 2071 837 2139 eliis.
882 2074 1008 2139 Desunt
1031 2075 1100 2138 haee
1126 2073 1232 2138 omniu
1254 2075 1286 2137 iu
1309 2075 1386 2139 edit.
1411 2077 1563 2160 Gregorii

514 2178 655 2263 prineipe
675 2185 806 2262 propter
820 2198 928 2240 vocem
947 2179 1044 2260 Κυρίῳ
1062 2179 1241 2260 repetitum.
1287 2175 1370 2239 Mox
1383 2176 1460 2241 illud
1477 2181 1563 2242 ἐστιν

513 2284 591 2342 ente
607 2277 768 2359 εὐάρεστον
782 2299 800 2340 e
815 2287 897 2341 tantu
914 2278 1034 2361 sumpsi
1054 2299 1141 2341 ιαονο
1161 2285 1195 2341 et
1211 2278 1367 2341 nanuum
1383 2289 1444 2343 octo
1460 2279 1562 2357 libris,

514 2380 582 2444 solo
604 2379 761 2443 renitente
784 2379 883 2443 codiee
905 2397 977 2462 205.
1022 2379 1115 2443 Nune
1136 2378 1323 2463 praestitisse
1345 2381 1436 2444 video
1461 2382 1563 2461 φωτὸς

514 2487 548 2545 et
563 2483 647 2543 ἐστιν
661 2479 831 2544 Ριιίαίίυυι
844 2479 1056 2564 θρίὼροιιηιιο.

559 2583 596 2645 P.
614 2583 687 2645 260.
703 2581 723 2645 l.
741 2601 771 2645 ν.
792 2581 980 2665 ἀναστάτων]
998 2581 1196 2645 Phevorinus
1211 2581 1244 2644 iu
1258 2582 1388 2645 Lettino:
1410 2580 1561 2647 'Andera-

514 2707 574 2755 τος,
599 2685 615 2745 6
642 2682 908 2764 κατεστραμμένος,
931 2680 950 2761 ἢ
976 2684 993 2744 6
1018 2683 1249 2762 πεπορθημένας,
1276 2685 1293 2745 6
1319 2681 1367 2745 διά
1392 2709 1460 2746 τινα
1486 2710 1561 2763 συμ-

514 2788 613 2866 φορδν
635 2783 653 2863 ἢ
677 2787 769 2863 δίκην,
796 2786 967 2847 καταλιπὼν
990 2783 1045 2862 τὴν
1067 2786 1189 2857 οἰκείαν,
1215 2786 1264 2848 καὶ
1287 2787 1321 2849 ἐν
1343 2789 1379 2863 τῇ
1403 2786 1561 2867 ἀλλοδαπῇ

514 2887 731 2965 διαγενόμενος.

558 2984 641 3046 Ibid.
658 2982 676 3063 ἢ
695 2985 942 3068 πεφονευμένων]
965 2985 1064 3049 Haud
1082 2987 1254 3049 tacendum
1271 2986 1331 3049 hoo
1346 2995 1405 3063 est,
1419 2985 1561 3070 partiou-

513 3084 577 3148 lnm
607 3083 625 3162 ὴ
651 3106 799 3169 respuere
824 3086 993 3163 Zonaram,
1015 3095 1048 3150 et
1074 3088 1216 3172 exeeptis
1244 3088 1387 3151 θοιιοίίίίι
1411 3089 1559 3171 Gregorii

513 3187 679 3265 editiones,
700 3187 887 3271 emptosque
908 3209 985 3252 mooe
1006 3210 1124 3261 omnesr
1149 3211 1251 3273 ueqne
1276 3189 1373 3252 etiem
1397 3189 1560 3253 inventum

512 3289 608 3354 fuisse
623 3289 720 3354 videri
735 3290 777 3353 eb
791 3290 919 3354 Ηονυοίο
934 3290 1010 3354 illud
1029 3289 1047 3368 ἢ
1066 3299 1142 3355 aute
1157 3293 1366 3374 αἰχμαλώτων,
1382 3291 1435 3374 qni
1450 3291 1558 3363 vertit,

512 3389 593 3454 ίνσνί
612 3393 760 3475 saviente
782 3414 819 3457 en
840 3394 985 3478 sanquine
1009 3402 1036 3455 et
1053 3394 1192 3477 pernicie
1217 3413 1383 3456 mersorum
1407 3392 1561 3455 hominum

512 3495 713 3578 captivorum,
729 3495 964 3577 interfectorum.
1005 3497 1055 3558 At
1070 3516 1144 3558 vero
1159 3495 1207 3557 vel
1222 3494 1394 3570 inventum,
1406 3493 1456 3556 vel
1470 3494 1560 3557 eddi·

512 3601 590 3670 tum,
609 3603 779 3679 utrumqne
798 3595 860 3658 fuit
879 3596 920 3659 ab
941 3594 1195 3679 OEeolempadio,
1210 3603 1247 3658 ut
1268 3615 1308 3657 ex
1330 3594 1472 3658 versione
1490 3596 1559 3678 ejus

512 3701 611 3776 petet.
658 3694 812 3757 Nesciunt
825 3693 843 3771 ἢ
858 3709 934 3758 aute
949 3693 1180 3773 πεφονευμένων
1194 3693 1362 3779 Pedalium
1376 3715 1414 3755 ee
1430 3694 1558 3779 Sylhqe.

556 3793 641 3855 Ibid.
667 3793 687 3855 l.
710 3811 740 3876 5.
772 3798 811 3877 τῷ
839 3794 932 3877 λαῷ]
964 3795 1099 3856 Zonnrae
1132 3794 1395 3858 Commentarius:
1432 3792 1488 3858 Ἐν
1517 3801 1559 3881 τῷ

512 3895 601 3977 καιρῷ
616 3897 667 3970 τῆς
681 3899 739 3956 τῶν
752 3896 907 3974 μαρτύρων
923 3893 996 3976 (sor.
1014 3892 1192 3974 βαρβάρων)
1210 3896 1385 3972 λεηλασίας,
1402 3900 1480 3963 τινὲς
1499 3904 1559 3960 τῶν

511 3997 727 4075 διαφυγόντων,
745 3997 878 4073 ἐπῆλθον
895 4000 959 4061 ταῖς
978 3994 1082 4058 οίκίαις
1100 3998 1159 4056 τῶν
1180 3995 1489 4076 αἰχμαλωτισθέντων,
1510 4000 1558 4061 καὶ

510 4097 649 4178 ἥρπασαν
670 4100 708 4160 τὰ
732 4097 800 4178 περὶ
824 4102 899 4178 (eor.
922 4099 1017 4179 παρὰ]
1039 4101 1098 4158 τῶν
1119 4103 1284 4177 βαρβάρων
1308 4097 1557 4177 καταλειφθέντα.
1598 4157 1601 4162 .

510 4198 577 4278 περὶ
598 4199 710 4261 τούτων
732 4199 786 4261 οὖν
809 4199 964 4278 ἐρωτηθεὶς
987 4199 1003 4260 6
1027 4195 1121 4277 μέγας
1144 4198 1228 4264 οδτος
1251 4194 1356 4276 πατὴρ,
1382 4200 1487 4279 φησὶν,
1511 4200 1559 4264 ὅτι

510 4303 595 4361 πᾶσα
608 4296 771 4376 πλεονεξία
789 4303 825 4384 τῇ
841 4300 906 4381 θείη
925 4302 1028 4384 γραφη]
1045 4300 1252 4380 ἀπηγόρευται,
1269 4302 1317 4362 καὶ
1331 4299 1366 4361 οὐ
1381 4299 1507 4361 δυνατὸν
1522 4301 1558 4362 έν

509 4403 562 4481 μιᾷ
579 4401 723 4485 ἐπιστολῇ
739 4405 916 4480 περιλαβεῖν
931 4401 992 4462 ὅσα
1005 4400 1072 4480 περὶ
1086 4402 1262 4477 πλεονεξίας
1275 4401 1293 4477 ἡ
1308 4400 1410 4480 γραφὴ
1424 4399 1555 4476 διέξεισι,

510 4501 662 4578 συντόμως
682 4503 713 4562 δὲ
732 4502 836 4579 φησὶν,
854 4503 899 4563 ὅτι
919 4507 975 4567 πᾶς
993 4500 1183 4579 πλεονέκτης,
1200 4500 1373 4581 ἑκκήρυκτος
1387 4505 1438 4578 τῆς
1454 4502 1557 4579 ἔκκλη-

510 4599 578 4664 σίας
593 4601 685 4663 ἐστίν·
709 4601 775 4663 ἀντὶ
789 4606 841 4664 τοῦ
856 4603 1029 4681 ὰπόβλητος
1044 4604 1092 4665 καὶ
1106 4604 1274 4683 θλλότριος.
1295 4603 1557 4681 ἀποκηρύσσεσθαι
