3700 5667
505 654 553 717 IN
576 654 609 718 S.
625 654 839 719 OORNELH
864 654 1161 719 FRAGMENTA.
1314 657 1354 718 81

309 821 529 885 Novatianum
558 829 796 884 consecrantem
817 830 931 885 contra
957 822 1121 886 Valesium
1147 822 1287 886 ostendit
1313 823 1355 885 ad

307 923 368 986 loc.
392 921 439 985 vir
464 923 501 984 cl.
534 921 722 985 Heiniohen.
756 923 809 1005 qui
840 922 968 1005 quidem
997 925 1127 986 verbum
1159 923 1353 1003 κατεράσεται

307 1046 367 1109 pro
397 1022 625 1102 καταράσοαντο
654 1024 823 1086 revocavit.
877 1022 957 1087 Cum
987 1046 1061 1087 vero
1087 1047 1196 1088 omnes
1224 1024 1354 1087 Eusebii

308 1123 442 1199 codices,
467 1123 552 1186 haud
576 1130 710 1207 excepto
731 1122 841 1208 Regio,
868 1124 955 1187 aliud
978 1126 1111 1188 suadere
1133 1125 1251 1188 referat
1275 1125 1356 1187 Bur·

308 1233 414 1299 tonus,
435 1223 654 1303 καταράοσαιτο
676 1223 801 1287 videtur
823 1225 1034 1300 retinendum,
1051 1227 1127 1289 dum
1150 1248 1222 1289 cum
1245 1225 1357 1288 Heini-

307 1327 409 1390 cheno
424 1328 502 1410 αὐτῷ
516 1324 606 1388 unice
618 1349 725 1389 verum
741 1349 820 1403 esse,
833 1334 866 1390 et
880 1328 920 1390 ad
937 1328 1014 1390 nihil
1030 1328 1089 1390 nisi
1105 1329 1146 1391 ad
1162 1328 1353 1412 praecedsns.

310 1429 478 1508 Κορνήλιον
497 1428 696 1490 referendum
714 1429 869 1492 existimo.
916 1429 1130 1493 Novatianum
1149 1438 1258 1493 autern
1278 1430 1353 1493 ade·

307 1531 391 1616 gissa
412 1530 547 1603 videtur,
574 1536 611 1592 ut
636 1539 743 1593 censet
765 1530 981 1607 Constantius,
1009 1532 1195 1614 quotidiana
1225 1553 1354 1594 suorum

308 1632 455 1707 defectio,
466 1641 501 1695 ut
511 1631 734 1716 jusjurandum
745 1632 804 1695 hoc
816 1632 967 1716 exigeret.
992 1634 1084 1712 Quod
1094 1634 1221 1717 quidem
1232 1633 1354 1698 interca

304 1735 527 1818 jusjurandum
550 1735 682 1817 profano
706 1741 739 1797 et
762 1743 911 1798 exactum
935 1743 969 1798 et
994 1736 1115 1812 datum,
1135 1735 1272 1799 schisma
1294 1736 1354 1799 hoc

308 1837 487 1900 luctuosum
502 1843 689 1919 perpetuum
704 1836 851 1900 faciebat.

353 1938 391 2000 P.
405 1954 455 2020 27.
471 1938 489 1999 l.
503 1960 534 2017 4.
551 1939 617 2001 ἀντὶ
631 1943 683 2001 τοῦ
696 1939 866 2001 εἰπεῖν-τὸ
881 1937 992 2022 Ἀμὴν]
1007 1937 1079 2001 Ηοα
1094 1945 1143 2001 est
1159 1938 1243 2021 quod
1259 1938 1354 2021 paulo

307 2053 384 2103 ante
399 2039 480 2102 dixit
496 2039 660 2103 Cornelius
678 2039 743 2101 ἀντὶ
765 2045 817 2102 τοῦ
833 2040 979 2120 εὐλογεῖν.
1028 2040 1154 2102 Fideles
1177 2039 1261 2102 onim
1284 2062 1356 2102 cum

308 2140 533 2204 eucharistiam
564 2141 603 2203 do
633 2162 728 2203 manu
759 2142 934 2205 sacerdotis
969 2141 1157 2226 acciperent,
1189 2149 1357 2225 postquam

307 2242 475 2327 presbyter
490 2241 573 2304 inter
594 2241 785 2304 tradendum
808 2242 934 2307 dixerat
952 2266 1058 2328 corpas
1072 2243 1212 2320 Barcini,
1229 2265 1358 2327 respon·

307 2344 384 2407 dere
409 2343 553 2406 solebant
577 2346 686 2419 Arrun,
711 2351 747 2406 ut
767 2352 906 2407 testatur
921 2344 960 2408 B.
977 2345 1166 2408 Ambrosius
1190 2344 1221 2406 in
1244 2344 1299 2407 lib.
1315 2344 1355 2409 iv.

307 2446 349 2508 de
364 2444 577 2508 Sacramentis
592 2467 661 2528 cap.
677 2464 708 2527 5.
724 2445 808 2528 Eryo
823 2467 881 2508 noa
898 2448 985 2510 otiose
1003 2470 1070 2511 curn
1089 2449 1212 2532 scorpio,
1229 2447 1356 2511 torticia

308 2548 415 2621 Αιιιοα,
428 2546 498 2628 jam
512 2547 547 2609 in
561 2546 674 2629 spirit-u
696 2547 835 2629 cortfitens
849 2546 929 2629 qood
948 2546 1085 2631 αοοὶγὶαο
1107 2568 1213 2630 corpas
1228 2546 1354 2610 otrtsrt.

308 2650 398 2712 Dicit
415 2647 472 2712 tibi
492 2649 648 2720 saccrdoc,·
681 2670 787 2732 corpus
810 2646 937 2710 Christi.
980 2648 1026 2710 Et
1047 2658 1080 2711 tu
1101 2648 1180 2711 dicis
1194 2652 1303 2725 Anias,
1320 2648 1358 2712 id

307 2760 350 2814 ost
363 2773 476 2813 aarum.
521 2751 737 2833 Hieronymus
752 2751 794 2813 ad
811 2748 1051 2812 Pammachium
1066 2751 1216 2812 adversus
1231 2772 1355 2813 errores

306 2852 332 2915 J
333 2851 444 2916 oannis
459 2851 751 2936 Hierosolymitani.
798 2852 866 2929 Qua
882 2852 1063 2915 αοιιοοὶοιιιὶα
1083 2852 1129 2915 ad
1144 2850 1359 2915 arcioristiam

309 2953 428 3017 Christi
457 2953 607 3029 accedam,
635 2962 664 3016 ct
699 2952 875 3037 respondebo
905 2957 1016 3029 Amen,
1046 2976 1114 3017 οιννι
1143 2954 1179 3016 dc
1208 2953 1358 3016 ctoritate

306 3053 438 3117 dubitem
445 3053 657 3139 porriqentis?
682 3054 818 3136 Cyrillus
830 3054 1139 3139 Hierosolymitanus
1153 3055 1186 3118 in
1196 3055 1356 3118 catechesi

307 3155 430 3221 ultima.
453 3157 501 3220 καὶ
518 3155 657 3221 κοιλάνας
672 3155 726 3232 τὴν
736 3155 887 3234 παλάμην,
899 3157 989 3238 δέχου
1004 3158 1037 3219 τὸ
1053 3163 1139 3237 σῶμα
1150 3163 1202 3218 roi>
1213 3159 1356 3236 Χριστοῦ,

308 3257 459 3339 ἐπιλέγων
472 3256 515 3330 τὸ,
533 3256 620 3335 ἀμήν·
644 3257 844 3340 Augustinus
859 3257 892 3320 in
906 3259 988 3321 libro
1003 3258 1057 3321 xii.
1074 3265 1186 3321 contra
1198 3257 1356 3320 Faustum

307 3381 335 3422 o.
351 3378 398 3422 10.
444 3357 544 3422 Habet
562 3359 641 3421 caim
657 3380 798 3443 moytiam
813 3382 910 3423 cotem
926 3360 1044 3424 Christi
1065 3359 1189 3442 saisonis
1208 3358 1242 3420 ιἰι
1262 3367 1356 3433 terra,

306 3481 375 3523 cum
402 3481 435 3523 co
463 3469 579 3543 uccspto
607 3458 645 3522 ab
669 3458 804 3523 omnibus
832 3462 1047 3545 respondeatur
1072 3463 1183 3524 Amca.
1234 3458 1357 3542 Saepius

306 3566 416 3621 autem
443 3557 552 3621 fideles
581 3558 665 3621 inter
693 3559 860 3622 missarum
891 3559 1043 3622 solemnia
1071 3558 1221 3622 dicebant
1247 3560 1355 3620 Arnen.

307 3658 392 3722 Nam
406 3665 440 3722 et
455 3680 526 3721 curn
541 3660 689 3722 sacerdos
703 3681 817 3742 panem
832 3667 865 3723 et
880 3661 988 3723 vinnm
1003 3667 1212 3735 consecraret,
1228 3679 1357 3742 respon-

307 3759 427 3823 debant
441 3762 547 3837 Αοιοιι,
564 3768 601 3824 ut
621 3761 763 3845 pluribus
784 3761 907 3824 dicetur
922 3761 1005 3825 infra
1019 3762 1060 3824 ad
1076 3767 1173 3844 caput
1188 3781 1219 3844 9.
1235 3759 1290 3821 lib.
1304 3757 1356 3821 vii.

306 3868 338 3925 et
361 3870 434 3946 post
453 3861 621 3925 lectionem
641 3861 794 3946 evangelii
815 3870 849 3925 et
869 3863 1107 3947 prophetarum,
1125 3862 1228 3924 Amen
1252 3861 1356 3923 dicere

306 3984 403 4046 seque
432 3961 518 4048 ipsos
553 3962 678 4046 signare
715 3971 952 4040 consueverant,
989 3970 1072 4026 testo
1102 3962 1286 4046 Augustino
1323 3960 1356 4021 in

305 4063 454 4148 Epistola
482 4066 553 4127 166.
578 4065 738 4126 Vnnrsrus.
787 4063 939 4126 Ceterum
970 4064 1008 4126 iis
1034 4064 1230 4147 temporibus
1259 4061 1356 4124 moris

305 4164 414 4241 fuisse,
429 4172 465 4228 ut
480 4165 522 4228 ad
536 4186 660 4228 sacram
675 4185 816 4227 mensam
831 4165 1018 4227 accederent
1034 4163 1142 4226 fideles
1156 4162 1355 4225 eucharistiae

305 4265 495 4350 recipiendae
516 4266 632 4351 gratia,
660 4266 780 4330 indicat
803 4267 835 4329 S.
849 4265 1022 4350 Dionysius
1041 4266 1124 4328 infra
1145 4265 1179 4326 in
1202 4263 1354 4326 Errsrom

305 4368 479 4445 (innoxios,
506 4391 627 4433 canone
646 4389 694 4431 11.
748 4369 898 4432 Proxime
920 4377 992 4452 post
1015 4367 1150 4445 ἐπανήξω
1175 4387 1234 4449 pro
1257 4365 1356 4443 ὰνήξω

305 4470 437 4552 Sparsit.
455 4478 489 4534 ot
509 4471 698 4555 Nicatoras
716 4471 914 4547 invenerunt,
938 4478 972 4534 ot
990 4471 1049 4551 ἔφη
1073 4490 1131 4552 pro
1152 4468 1236 4548 λέγει
1259 4467 1358 4529 habet

305 4572 381 4637 Ma.
397 4573 537 4656 Norsolc.

350 4696 419 4738 vol..
431 4697 475 4737 111.
823 4696 848 4735 Μ
