3700 5667
557 668 607 730 ΙΝ
633 669 864 732 CONClLlA
889 670 1138 732 CARTHAG.
1307 672 1370 737 147

321 834 473 899 redemit?
517 834 564 898 Ta
599 835 777 899 exhorrescis
806 836 840 898 in
872 835 992 919 infante
1022 845 1147 900 recentes
1181 835 1280 899 adduc
1309 837 1373 900 Da·

320 938 459 1000 amaus?
495 937 626 1000 Natura
655 937 827 1000 veneranda
860 947 910 1014 eat,
941 959 999 1001 aon
1028 937 1232 1002 erubescendo.
1290 939 1371 1002 Haee

323 1039 444 1123 Rigalt.
487 1038 589 1102 Totus
618 1038 668 1102 hio
697 1047 872 1123 apparatus
904 1062 945 1103 ex
975 1039 1114 1105 Ethnica
1145 1040 1371 1125 superstitione

322 1141 475 1226 originem
498 1141 621 1204 sumsit.
668 1141 853 1205 Macrobius
875 1140 930 1204 lib.
951 1142 980 1207 1.
1003 1147 1140 1227 oap.16.
1165 1144 1232 1216 Eat,
1256 1142 1373 1228 inquit,

323 1243 508 1306 Nundinam
529 1244 735 1306 Romanorum
754 1244 832 1319 Dm,
848 1266 868 1307 a
891 1266 966 1307 norw
987 1244 1037 1308 dio
1055 1245 1239 1308 nascentiam
1257 1267 1372 1308 noaret-

316 1353 397 1429 pata
410 1345 465 1428 qai
479 1343 620 1407 leodricus
634 1345 760 1408 dieitur.
805 1346 863 1409 Est
881 1356 983 1409 uatem
1005 1347 1069 1410 diss
1089 1347 1230 1410 laurices
1248 1369 1305 1432 qao
1325 1347 1372 1410 ia-

314 1448 422 1531 saater
442 1445 660 1511 lamentaret
681 1468 785 1510 nomen
805 1449 971 1532 accipiunt,
990 1450 1044 1513 aad
1061 1450 1089 1513 ia
1109 1449 1246 1513 oneribus
1267 1472 1372 1528 marae,

321 1558 442 1612 moena
467 1557 507 1611 eat
527 1549 666 1632 seminia.
710 1549 799 1614 Dato
824 1551 963 1614 infantes
992 1574 1055 1615 non
1081 1554 1123 1616 ad
1149 1553 1290 1617 osoulum
1315 1553 1372 1616 ad·

324 1651 498 1714 mittendos
517 1651 691 1715 antediem
706 1661 862 1727 ootavum,
878 1654 1071 1738 sequebatur
1090 1655 1200 1739 utique
1216 1677 1278 1720 non
1295 1657 1373 1740 bap-

324 1753 491 1829 tizandos;
518 1753 651 1838 quilibet
673 1754 757 1817 enim
778 1754 988 1832 Christianus,
1009 1757 1221 1822 fraternitatis
1237 1760 1310 1842 jure
1330 1760 1373 1823 ad

325 1855 412 1939 pacis
434 1855 576 1918 oseulum
597 1854 763 1919 admissus.
791 1856 922 1920 Furnos.
970 1858 1011 1919 ln
1033 1859 1098 1921 ritu
1121 1859 1271 1942 baptismi
1295 1860 1372 1924 dare

325 1955 464 2019 osculum
480 1955 633 2028 minister,
651 1963 685 2019 et
699 1956 835 2020 fortasse
851 1959 903 2042 qui
920 1960 1079 2033 adessent,
1097 1962 1267 2025 consuevit.

370 2059 408 2122 P.
429 2078 498 2123 100.
515 2056 535 2120 l.
557 2078 603 2121 10.
625 2067 859 2123 sacramentum
878 2063 940 2143 est]
960 2061 1089 2125 Pariter
1106 2063 1200 2148 hujus
1218 2063 1286 2148 typi
1306 2085 1374 2127 me·

327 2159 419 2223 minit
440 2160 481 2223 D.
497 2159 697 2244 Augustinus
717 2167 830 2224 eontra
851 2161 1007 2225 Faustum
1032 2163 1173 2227 Manioh.
1189 2164 1244 2227 lib.
1260 2164 1321 2228 xvi.
1345 2187 1372 2229 e.

329 2282 378 2344 29.
413 2261 518 2325 Tertio
537 2261 586 2324 dio
605 2282 758 2346 resurpeas
777 2284 863 2345 quem
883 2264 1068 2327 doraiaioum
1084 2266 1223 2339 dicimus,
1239 2267 1294 2351 qni
1305 2277 1377 2353 post

326 2362 480 2428 mitola-m
494 2373 674 2426 animator
687 2364 817 2437 idaeus,
832 2365 921 2428 etiam
936 2366 1187 2430 cirmnwbioaem
1201 2369 1299 2432 octavi
1313 2369 1377 2433 diei

327 2467 372 2530 od
394 2488 425 2531 ss
442 2466 689 2552 prophetandam
711 2468 864 2551 pertinere
893 2468 1039 2532 declarat.
1092 2470 1137 2534 Et
1166 2471 1261 2554 paulo
1290 2478 1375 2555 post.

330 2570 411 2648 Quia
433 2571 493 2633 abta
515 2571 688 2633 resurrect-io
710 2591 778 2653 qaae
799 2570 916 2633 credito
938 2580 979 2633 est
999 2593 1052 2634 aaa
1066 2572 1226 2654 justificat,
1250 2573 1309 2637 illu
1330 2594 1376 2636 oo·

331 2681 411 2735 lance
425 2671 487 2735 diei
504 2671 726 2734 ciracmcaiona
738 2671 878 2754 fiparata
898 2679 947 2733 ast.
972 2671 1103 2733 Faunus.
1149 2668 1189 2732 In
1210 2671 1377 2755 superiori·

330 2774 388 2838 bus
403 2797 442 2838 ex
457 2774 595 2838 editione
610 2773 781 2836 Baluziana
796 2794 870 2834 mox
885 2781 956 2835 irato
971 2780 1045 2857 post
1060 2793 1160 2835 recena
1174 2773 1302 2837 excidit.

374 2877 457 2941 lbid.
480 2877 500 2938 l.
528 2897 576 2942 12.
600 2876 734 2939 veritate
760 2873 965 2958 completum]
994 2874 1131 2955 Quidam
1157 2875 1229 2937 libri
1254 2881 1377 2939 veteres

330 2987 364 3044 et
386 2980 483 3044 editio
508 2978 649 3042 Morellii
672 2978 793 3041 habent
816 2978 850 3039 in
874 2977 1009 3040 veritate.
1056 2973 1148 3057 Qudd
1174 2984 1282 3061 potest
1308 2999 1378 3041 esse

332 3082 450 3145 melius.
477 3080 646 3145 Banuzrus.
693 3079 787 3143 Addo
809 3079 967 3142 editionem
986 3079 1168 3163 prinoipem,
1192 3087 1378 3163 ceterasque

332 3206 430 3268 usque
454 3184 496 3247 ad
516 3183 747 3257 diabolicidam,
769 3182 953 3266 rediensque
976 3182 1122 3266 scriptum
1144 3182 1228 3244 Nori
1254 3180 1326 3244 Ooll.
1348 3202 1378 3247 2.

333 3286 489 3349 retinente
509 3292 543 3348 et
557 3284 811 3369 praepositionem
831 3285 875 3360 in,
892 3290 929 3347 ut
945 3282 1093 3346 Baluzius
1108 3283 1241 3357 notavit,
1259 3281 1379 3344 Morel-

333 3385 365 3449 lii
379 3385 527 3448 oditione.
565 3386 614 3447 At
628 3407 648 3447 a
662 3384 789 3470 reliquis
804 3385 906 3449 abest.

377 3484 460 3548 Ibid.
488 3483 633 3566 Namque
660 3490 791 3547 octavus
816 3482 896 3565 dies]
922 3481 1010 3546 Vide
1036 3482 1120 3545 infra
1144 3480 1380 3544 Annotationes

334 3585 374 3648 ed
390 3585 422 3648 S.
439 3584 651 3646 Vrcromnun.

378 3687 460 3750 Ibid.
475 3687 496 3750 l.
515 3705 564 3770 15.
588 3694 661 3771 post
684 3685 854 3750 sabbatum
876 3684 997 3769 primus
1020 3688 1053 3747 et
1075 3680 1263 3766 dominicus]
1287 3680 1381 3766 Mag-

334 3808 409 3849 num
428 3796 503 3850 ante
523 3787 581 3850 hos
601 3788 755 3850 ducentos
777 3808 877 3849 annos
896 3784 1015 3848 bellum
1033 3805 1104 3846 cum
1126 3782 1266 3846 maxima
1280 3781 1381 3844 utrin-

334 3910 395 3973 que
417 3887 594 3951 acerbitate
613 3896 738 3971 gestum
761 3894 794 3950 et
815 3893 992 3971 pugnatum
1014 3896 1063 3948 est
1086 3884 1170 3947 inter
1187 3884 1321 3947 Paulum
1344 3882 1384 3946 de

337 3988 570 4075 Middelburgo,
594 3989 647 4074 qui
672 3998 784 4074 postea
809 3989 870 4052 fuit
892 3988 1059 4072 episeopus
1082 3985 1383 4071 Forosempronien·

335 4092 386 4168 sis,
403 4092 537 4156 Petrum
558 4092 599 4155 de
619 4092 700 4154 Rivo
723 4113 821 4154 saorae
841 4090 966 4175 paginae
986 4089 1196 4172 professorem
1218 4088 1250 4149 in
1270 4087 1383 4150 acade-

334 4194 398 4257 mia
419 4193 617 4268 Lovaniensi,
641 4200 674 4257 et
697 4193 852 4255 Thomam
873 4193 981 4267 Bazin,
1003 4190 1186 4275 episcopum
1211 4187 1383 4250 Lexovien-

334 4317 399 4358 sem
424 4305 457 4360 et
480 4295 554 4358 dein
576 4294 846 4379 arehiepiscopum
869 4293 1106 4365 Caesariensem,
1131 4310 1173 4351 an
1197 4287 1248 4350 die
1271 4295 1386 4351 octava

335 4396 469 4470 sabbati,
486 4396 519 4459 id
534 4404 583 4460 est
598 4395 648 4458 die
663 4395 832 4471 dominica,
850 4393 999 4457 Christus
1014 4390 1249 4455 resurrexisset.
1288 4389 1385 4453 Trae-

335 4504 423 4562 tatus
438 4497 530 4561 Petri
546 4497 585 4560 de
601 4497 681 4560 Rivo
697 4497 802 4560 editus
817 4494 878 4559 luit
894 4516 979 4558 anno
997 4512 1088 4576 1492.
1106 4492 1138 4554 in
1154 4491 1231 4554 urbe
1247 4489 1385 4554 Lovani-

332 4599 410 4676 ensi,
435 4606 470 4663 et
497 4597 589 4662 Pauli
614 4599 764 4663 adversus
789 4600 923 4662 Petrum
947 4596 980 4659 in
1003 4595 1085 4659 libro
1109 4602 1201 4659 sexto
1222 4594 1263 4657 de
1285 4593 1388 4659 Reola

833 4721 853 4761 U
870 4717 889 4765 2
