3700 5667
505 660 569 723 512
622 658 798 723 ΑΝΝΟΤ.
822 659 872 721 ΙΝ
899 659 931 720 S.
953 657 1255 720 PAMPHILUM
1284 659 1436 722 MART.

504 837 579 893 atur
601 829 736 892 Rufinus
760 829 825 913 ipse
848 829 880 890 in
903 827 1062 891 Ineeotioo
1086 838 1191 890 eontra
1213 829 1340 891 Hieron.
1359 831 1476 912 priori,
1500 854 1556 915 pp.

507 935 579 1015 263,
601 933 673 1010 264.
698 931 746 994 ed.
771 930 907 993 Froben.
935 931 991 1015 op.
1014 930 1140 993 Hieron.
1165 931 1251 993 haud
1278 931 1417 994 dubitari
1442 933 1558 1016 possit,

505 1033 581 1117 quin
596 1031 775 1118 hujusmodi
792 1031 939 1116 quaedam
961 1055 981 1094 a
996 1032 1113 1095 Rufino
1127 1053 1167 1094 ex
1182 1031 1375 1115 Apoloqetioo
1393 1033 1555 1118 Pamphili

505 1135 650 1199 confecta
672 1133 800 1198 suerint.
846 1133 949 1197 imme
971 1132 995 1196 J
997 1141 1088 1197 ustus
1111 1131 1311 1196 Fonteninus
1334 1132 1366 1194 in
1385 1134 1468 1196 Hier.
1491 1137 1556 1200 Lit.

505 1235 694 1320 Aquileiensi
707 1235 759 1298 lib.
774 1257 801 1299 v.
822 1257 891 1319 oap.
905 1260 935 1318 9.
955 1257 986 1320 p.
1003 1252 1078 1319 323.
1093 1256 1165 1298 oum
1180 1234 1213 1297 in
1226 1234 1317 1310 libro,
1334 1236 1387 1320 qui
1408 1249 1557 1321 superest

504 1336 700 1421 Apoloyetiei,
716 1336 866 1400 nonnulla
880 1336 1065 1401 testimonia
1085 1344 1197 1401 contre
1217 1338 1394 1422 astrologos
1414 1363 1470 1402 seu
1488 1365 1556 1405 ma-

505 1438 696 1502 thematicos
718 1438 897 1514 invenisset,
914 1440 1039 1516 statuit,
1056 1439 1186 1522 hujusce
1207 1440 1356 1523 martyris
1376 1444 1555 1507 sententias

504 1541 672 1603 adversum
687 1541 814 1604 eosdem
829 1564 849 1603 a
864 1541 980 1603 Rufino
995 1562 1162 1603 conversas
1182 1541 1356 1604 etiamnum
1370 1542 1401 1604 in
1418 1567 1455 1606 ee
1471 1545 1555 1607 libro

505 1651 626 1718 extare,
644 1664 723 1725 quas
744 1643 798 1705 elii
817 1643 875 1706 viri
896 1642 995 1717 docti,
1010 1642 1057 1705 vel
1078 1664 1239 1725 nunquam
1259 1643 1404 1707 extitisse
1419 1645 1466 1708 vei
1484 1647 1555 1729 jam

504 1743 625 1806 dudum
654 1744 794 1827 periisse,
819 1754 1019 1808 censuerant.
1074 1745 1133 1807 Ait
1159 1745 1281 1808 interea
1308 1745 1495 1810 Delnruaeus
1520 1750 1555 1811 in

504 1845 718 1909 Admooitioee
733 1847 768 1908 ie
781 1846 969 1930 Apeloqiam,
982 1845 1107 1910 etiamsi
1123 1847 1216 1910 daret
1232 1847 1387 1931 quispiam
1402 1849 1435 1910 in
1450 1850 1556 1931 primo

506 1947 673 2031 Apologiae
692 1947 783 2022 libro,
800 1969 893 2031 quem
913 1948 1010 2011 vertit
1032 1948 1177 2024 Rufinus,
1192 1950 1270 2012 nihil
1289 1960 1401 2013 eontra
1424 1952 1556 2015 Mathe-

505 2049 639 2113 matioos
665 2049 820 2124 extitisse,
845 2059 881 2114 et
905 2059 1031 2114 eeteros
1054 2050 1152 2114 libros
1178 2061 1356 2135 sequentes,
1380 2054 1411 2115 in
1437 2055 1556 2136 quibus

505 2151 619 2216 alieubi
640 2152 774 2216 forsitan
793 2153 851 2217 fati
871 2161 1047 2217 assertores
1069 2153 1325 2226 confutabuntur,
1343 2155 1462 2217 Latine
1485 2158 1555 2220 red-

505 2254 580 2317 dere
602 2253 635 2315 in
657 2254 763 2317 animo
785 2255 897 2319 saltem
921 2255 1017 2318 fuisse
1040 2255 1165 2331 Rufino,
1182 2277 1275 2338 quem
1297 2255 1338 2318 nb
1361 2255 1421 2319 hoo
1443 2257 1555 2322 labore

505 2355 662 2419 deterruit
682 2355 767 2420 solus
789 2357 974 2420 Mnolrarius
995 2365 1071 2420 tune
1092 2357 1188 2420 libros
1208 2359 1276 2438 περὶ
1293 2359 1393 2440 ἀρχῶν
1408 2359 1555 2445 Origeni-

505 2479 584 2522 anos
599 2458 725 2522 videndi
740 2459 891 2543 eupidus;
917 2484 948 2545 p.
964 2479 995 2543 5.
1010 2468 1089 2523 tom.
1104 2460 1144 2524 iv.
1165 2460 1221 2544 Op.
1241 2460 1387 2545 Oriyenie.
