3700 5667
479 636 544 699 188
831 631 1184 698 ANNOTATIONES

480 804 566 888 quod
586 803 628 866 ad
650 808 777 887 tempus
797 802 910 866 saltem
930 802 1051 867 fecerat
1071 802 1253 887 Stephanus
1268 801 1431 865 Romanus
1448 822 1530 884 prae·

480 904 529 968 sul
542 929 551 976 ;
576 903 660 966 unde
680 903 796 967 merito
811 926 868 967 suo
883 904 952 968 haec
967 904 1089 968 audivit
1104 926 1144 967 ex
1159 925 1214 967 ore
1231 903 1357 988 prolata
1373 901 1530 965 Firmilia·

450 1052 452 1056 ⁴
480 1004 513 1067 ni
539 1004 758 1089 Cappadocis:
790 1005 879 1068 Lites
903 1014 933 1069 ct
958 1005 1151 1068 dissmticnes
1175 1014 1306 1089 motas
1323 1004 1451 1089 porceti
1469 1024 1532 1085 per

480 1105 617 1170 ccclesias
639 1107 730 1169 totius
754 1106 885 1170 1111101111
915 1108 1081 1170 Peccatum
1103 1128 1287 1191 veroquam
1310 1127 1453 1192 mapsam
1476 1104 1533 1169 nti

480 1208 676 1292 ccappornsti.
705 1207 826 1291 quoodo
856 1216 884 1271 tc
912 1230 934 1271 a
963 1218 1003 1272 tot
1029 1208 1168 1293 precibus
1195 1209 1322 1273 scidbtc‘.
1373 1208 1532 1272 Eccids‘sts'

481 1310 563 1374 enim
582 1309 737 1393 teipsum.
762 1309 839 1372 Nobi
858 1318 886 1372 tc
897 1309 1026 1393 saltare.
1051 1309 1210 1394 Siquidem
1229 1310 1282 1374 illc
1299 1320 1340 1374 est
1357 1310 1532 1374 0111101111·

481 1412 621 1487 mcticus,
635 1411 689 1495 qni
702 1431 732 1474 sc
745 1432 766 1473 a
781 1412 983 1474 conmunione
1001 1412 1205 1475 ecclesiastice
1221 1413 1351 1476 unitates
1363 1423 1532 1497 apostolom

473 1511 598 1596 feccrit.
629 1512 715 1573 Dum
734 1510 814 1572 enim
828 1520 923 1595 putas
942 1531 1038 1574 umnec
1052 1533 1073 1574 a
1092 1520 1119 1573 tc
1132 1509 1276 1573 abstirscri
1289 1511 1491 1595 pomaretum
1507 1522 1534 1575 ts

483 1613 522 1678 ob
544 1610 678 1676 omnibns
699 1610 882 1689 centonio-i,
903 1634 975 1697 pag.
997 1631 1066 1693 150.
1088 1612 1137 1674 ed.
1161 1610 1280 1674 Bened.
1298 1610 1457 1695 Cypriani,
1474 1611 1533 1674 sub

484 1715 580 1778 finem
595 1714 748 1799 epistolae.
783 1716 856 1777 Has
871 1720 979 1778 autom
994 1713 1120 1776 litteras
1133 1713 1291 1797 accepisse
1305 1719 1379 1796 post
1394 1712 1532 1776 celebra·

484 1824 553 1881 tum
568 1816 629 1879 hoc
644 1815 821 1880 Concilium
836 1815 1039 1900 cypr-ianam,
1056 1815 1196 1878 ostendit
1211 1813 1403 1877 Pearsonius
1416 1813 1532 1876 Anncl.

484 1918 592 1982 adan.
611 1917 682 2001 256.
701 1921 724 1996 5.
742 1917 858 1979 8-11.
891 1917 940 1980 At
956 1916 1154 2001 Stephanum
1170 1937 1271 1998 neque
1286 1936 1358 1978 cum
1373 1914 1536 1978 Africanis

485 2042 543 2084 neo
563 2040 635 2083 cum
651 2019 867 2083 Orientalibus
886 2040 997 2103 pacem
1015 2018 1148 2102 rupisse,
1164 2019 1219 2081 sed
1235 2025 1362 2081 tantum
1379 2017 1535 2081 minatum

485 2142 554 2185 esse
575 2143 609 2184 se
623 2141 735 2205 pacem
749 2141 822 2183 cum
837 2119 876 2183 iis
889 2126 1068 2203 rupturum,
1085 2119 1111 2182 si
1126 2119 1159 2181 in
1174 2119 1271 2203 priori
1287 2118 1446 2181 sententia
1460 2138 1533 2201 per·

484 2228 663 2296 manerent,
681 2221 849 2285 ostendere
872 2242 1041 2306 aggressus
1063 2228 1113 2284 est
1132 2220 1279 2284 Valesius
1299 2220 1341 2283 ad
1362 2219 1535 2282 Eusebium

486 2327 534 2388 H.
552 2325 590 2387 Ε.
609 2323 660 2387 vii.
677 2341 706 2405 5.
731 2323 802 2403 Qua
820 2345 895 2387 vero
914 2323 1040 2387 ratione
1061 2322 1110 2386 vel
1131 2344 1203 2386 cum
1225 2322 1401 2386 Firmiliani
1422 2321 1534 2397 verbis,

486 2425 535 2490 vel
554 2446 625 2489 cum
646 2425 741 2488 rebus
765 2447 786 2488 n
806 2425 970 2510 Stephano
988 2426 1080 2504 actis,
1097 2425 1157 2489 hoo
1174 2424 1339 2489 convenire
1358 2425 1468 2509 possit,
1483 2423 1537 2487 vix

485 2526 637 2612 intelligo.

531 2629 568 2692 P.
590 2645 661 2714 115.
676 2629 697 2693 l.
715 2631 764 2698 28·
786 2630 968 2716 episcopum
991 2651 1025 2694 se
1047 2629 1267 2714 episcoporum
1289 2627 1470 2711 constituit]
1495 2629 1538 2690 In

488 2730 609 2796 Veron.
625 2733 807 2818 episcopum
825 2755 858 2797 se
874 2734 1094 2819 episcoporum
1109 2731 1287 2795 constituit.
1311 2731 1426 2816 [Vulgo
1441 2731 1538 2795 habe·

487 2841 543 2898 1111·
564 2835 730 2918 qoiscopum
750 2856 779 2898 se
802 2856 870 2898 esse
890 2856 914 2898 a.
929 2835 972 2921 0.]
987 2835 1076 2918 'quod
1099 2833 1298 2919 apertissime
1320 2833 1460 2897 declarat
1482 2854 1540 2918 per

488 2937 627 3001 derisum
641 2959 662 3000 a
677 2936 873 3000 Tertulliano
888 2936 960 3009 dici,
976 2958 1048 3000 cum
1063 2936 1127 3000 ista
1141 2937 1237 3000 verba
1252 2937 1374 3020 profert
1387 2937 1539 2999 adversus

490 3037 671 3121 Psychicos.
695 3038 876 3100 Ricsurrus.
921 3038 993 3100 Vid.
1015 3061 1085 3122 qnae
1106 3038 1193 3101 dicta
1211 3038 1245 3100 in
1265 3038 1316 3101 lib.
1334 3038 1374 3101 de
1392 3037 1538 3115 Unitate,

488 3161 521 3222 p.
542 3141 610 3202 108.
657 3140 754 3203 Hunc
769 3140 917 3224 loquendi
934 3141 1063 3202 modum
1078 3162 1141 3202 non
1160 3163 1180 3203 a
1196 3139 1392 3203 Tertulliano
1407 3139 1538 3204 Monta·

488 3240 575 3304 nista
599 3241 710 3305 didicit
733 3241 919 3326 Cyprianus,
945 3242 1029 3324 quod
1053 3241 1213 3304 Pamelius
1237 3241 1396 3305 insinuare
1420 3240 1539 3316 voluit;

489 3342 545 3405 sed
569 3364 589 3406 a
608 3341 649 3406 D.
668 3344 778 3418 Petro,
802 3342 958 3426 siquidem
981 3343 1014 3405 in
1039 3342 1186 3427 Epistola
1208 3343 1251 3405 ad
1276 3343 1428 3422 Quintum
1452 3343 1540 3407 dicat

489 3446 616 3508 Auctor
640 3453 760 3520 noster,
785 3446 823 3507 B.
850 3444 1044 3529 Apostolum
1067 3465 1125 3506 non
1147 3444 1317 3506 ccrcdiocssc
1338 3442 1396 3507 siti
1417 3443 1543 3527 aliquid

489 3545 642 3621 violenter,
661 3556 717 3609 act
736 3557 916 3631 ascopa-rotor
936 3547 1116 3621 assumsisse,
1136 3555 1169 3609 ut
1190 3546 1301 3609 diceret
1322 3566 1352 3608 ss
1367 3545 1542 3628 prioratum

490 3647 631 3723 obtinere,
649 3650 704 3710 &a
729 3648 858 3710 Fuscus.
905 3649 957 3710 Eo
978 3647 1074 3711 titulo
1096 3648 1170 3710 olim
1192 3648 1296 3710 ornati
1319 3668 1443 3730 qnoque
1466 3653 1542 3710 sunt

491 3748 597 3832 plures
618 3749 755 3833 episcopi
772 3750 904 3833 quinon
922 3757 1015 3813 erant
1030 3772 1122 3834 papae
1138 3749 1284 3812 Romani.
1310 3749 1469 3820 Sidonius,
1485 3748 1541 3811 lib.

490 3846 531 3910 vi.
549 3848 641 3931 epist.
663 3869 689 3911 1.
715 3848 841 3933 Lupum
863 3850 1045 3934 episcopum
1066 3850 1280 3912 Tricassinnm
1300 3864 1393 3913 vocat
1416 3858 1542 3933 patrem

492 3956 622 4033 patrum
641 3960 675 4014 et
695 3951 876 4036 episcopum
897 3952 1126 4036 episcoporum.
1158 3951 1324 4014 Ennndins
1338 3951 1391 4014 lib.
1408 3951 1427 4013 i.
1445 3973 1543 4015 carm.

495 4070 544 4135 15.
573 4061 718 4116 sanctum
744 4055 953 4117 Ambrosium
978 4060 1071 4117 vocat
1101 4054 1282 4138 episcopum
1312 4053 1541 4138 episcoporum.

495 4153 675 4218 Matthaeus
698 4155 841 4219 Parisius
863 4157 895 4218 in
917 4175 1112 4238 snn01254.
1136 4157 1266 4240 loquens
1289 4157 1329 4219 de
1349 4165 1452 4220 morte
1473 4155 1544 4218 Hu-

492 4256 585 4340 gonis
608 4256 746 4341 episcopi
770 4257 917 4334 Eliensis,
941 4259 1005 4321 nit:
1040 4259 1100 4336 Qui
1125 4259 1203 4321 siccet
1227 4256 1319 4321 abbas
1343 4256 1485 4321 abbatum
1509 4258 1545 4319 111

493 4358 621 4440 11119110,
637 4358 683 4421 ito
697 4368 725 4421 et
738 4359 890 4442 opiscopus
910 4360 1114 4444 cpiscoporum
1134 4361 1322 4432 coruncani&
1347 4360 1445 4423 etiam
1459 4360 1546 4444 prin-

493 4458 615 4542 cipibus
635 4459 805 4543 tliqunndn
825 4461 853 4523 is
875 4460 976 4523 honos
996 4461 1125 4526 habitus
1144 4471 1203 4540 est,
1219 4471 1256 4527 ut
1270 4473 1461 4526 vocarentur
1480 4461 1546 4546 epi·

495 4559 581 4643 scopi
593 4560 821 4645 cpiscoporum.
847 4561 990 4640 Arriani,
1004 4570 1041 4626 ut
1052 4570 1193 4628 testatur
1204 4564 1332 4628 Lucifer
1342 4562 1546 4628 calaritanus
