3700 5667
495 675 559 737 150
847 673 1200 738 ANNOTATIONES

493 839 657 923 episcopos
676 838 850 923 Hispanos,
872 839 926 922 qui
949 838 1035 902 missi
1056 838 1184 902 fueraut
1207 839 1240 901 in
1261 837 1415 916 Africam,
1438 848 1475 904 ut
1497 839 1544 904 sie

494 941 643 1025 Cypriani
664 963 789 1025 quoque
811 939 961 1023 suffragio
984 962 1042 1003 sua
1060 940 1199 1024 ipsorum
1221 940 1374 1004 electione
1395 942 1543 1026 probata,

493 1041 566 1104 inde
582 1049 650 1105 tum
666 1041 764 1126 ipsius
780 1049 848 1105 tum
868 1041 1002 1105 aliorum
1023 1041 1122 1125 ipsius
1143 1040 1335 1125 collegarum
1354 1040 1470 1104 litteris
1485 1063 1541 1125 pa-

491 1142 572 1206 riter
591 1143 776 1206 communiti
798 1143 934 1207 Romam
953 1144 995 1206 ad
1018 1142 1190 1207 refellenda
1209 1142 1359 1205 Basilidis
1378 1141 1543 1205 mendacia

492 1244 732 1328 adnavigarent,
761 1245 907 1329 sedisque
932 1244 1116 1327 apostolieae
1142 1245 1336 1308 auctoritate
1362 1265 1541 1328 compesce·

493 1353 566 1410 rent
589 1356 791 1410 contumaces
814 1346 867 1430 qui
892 1346 1057 1431 Hispaniae
1080 1346 1245 1431 episcopos
1268 1345 1541 1429 contempsissent.

493 1451 542 1513 At
561 1449 636 1533 quia
656 1448 733 1512 levis
754 1448 950 1531 conjectura,
964 1456 1001 1512 ut
1016 1448 1127 1512 Cicero
1146 1449 1205 1524 ait,
1220 1469 1284 1511 non
1304 1446 1464 1532 penditur,
1479 1447 1542 1511 ista

493 1551 578 1616 inter
605 1551 689 1615 leves
717 1551 947 1614 numerabitur.
974 1550 1142 1614 Bnnuzms.
1183 1548 1339 1614 Conferas
1366 1548 1541 1634 Rigaltium

493 1673 567 1715 mox
583 1652 666 1716 infra
679 1660 897 1715 annotantem.

537 1755 576 1818 P.
598 1774 666 1818 101.
682 1753 702 1816 l.
720 1771 771 1817 22.
787 1752 974 1816 Nicomedes
989 1751 1062 1838 &el
1080 1753 1121 1815 1n
1137 1751 1294 1815 nonnullis
1308 1751 1397 1815 libris
1413 1750 1542 1836 scriptis

492 1864 526 1922 et
540 1857 572 1920 in
587 1857 671 1919 eain.
687 1855 822 1920 Pamelii
835 1864 869 1919 et
884 1854 1023 1940 Ripaltii
1042 1854 1158 1918 omissa
1178 1862 1253 1918 sunt
1273 1855 1402 1918 uomina
1419 1855 1539 1938 episco-

493 1982 617 2044 porum,
634 1980 705 2043 quse
720 1966 793 2043 post
808 1957 1017 2041 Polycarpum
1031 1956 1082 2019 hic
1097 1964 1284 2041 sequuntur.
1329 1956 1413 2020 Aliis
1432 1962 1541 2019 autem

494 2063 625 2126 MSStis
647 2060 766 2124 nullum
788 2060 916 2123 omniuo
939 2065 1058 2144 praeter
1076 2049 1226 2142 Cypriani
1249 2080 1363 2121 nomen
1385 2060 1489 2135 adest,
1507 2057 1541 2120 in

491 2164 648 2249 plerisque
663 2172 771 2228 tamen
791 2162 952 2225 codicibus
974 2183 1045 2224 eum
1066 2161 1194 2246 scriptis
1212 2168 1283 2224 tum
1304 2160 1464 2246 antiquius
1483 2161 1541 2223 im·

492 2266 610 2350 pressis
624 2266 731 2329 omnia
745 2265 814 2328 haec
830 2264 958 2328 nomina
973 2263 1152 2348 signantur.

537 2366 621 2428 lbid.
637 2366 657 2428 l.
674 2385 727 2450 30.
745 2365 935 2452 Legionem]
958 2365 1047 2428 Urbs
1067 2372 1117 2428 est
1138 2362 1304 2448 Hispaniae
1325 2363 1541 2426 Tarraconen·

493 2467 536 2531 sis
552 2467 582 2529 in
599 2467 715 2530 finibus
731 2467 886 2530 Asturum
906 2489 926 2530 a
942 2467 1048 2530 Nerva
1065 2468 1264 2549 Imperatore
1285 2464 1424 2543 condita,
1439 2463 1492 2547 qui
1507 2471 1540 2527 et

493 2569 680 2633 Asturicum
700 2569 910 2640 instauravit;
935 2568 1019 2631 unde
1041 2590 1081 2631 ex
1102 2567 1215 2631 vicinia
1235 2588 1299 2630 non
1320 2567 1424 2628 minus
1445 2587 1542 2649 quam

493 2670 621 2756 querela
632 2680 718 2735 recte
730 2672 780 2735 hic
795 2672 1030 2755 conjunguntur
1044 2668 1190 2733 civitates
1206 2668 1276 2732 istae
1291 2676 1328 2733 ut
1340 2677 1373 2733 et
1385 2667 1541 2743 Emerita,

493 2774 570 2837 urbs
590 2775 740 2855 adjacens
762 2776 803 2838 ab
823 2775 973 2857 Augusto
995 2772 1132 2851 condita.
1178 2771 1299 2852 Quibus
1321 2771 1451 2835 additur
1466 2772 1539 2834 Cae-

493 2884 698 2960 sar-augusta
718 2876 793 2961 (vid.
811 2898 841 2960 p.
861 2877 947 2959 105.)
969 2874 1080 2937 iisdem
1104 2874 1253 2958 auspiciis
1276 2880 1411 2949 structa,
1427 2873 1541 2957 quibus

492 2978 619 3062 pessimi
644 2978 779 3062 exempli
803 2984 1001 3041 attentatum
1027 2976 1186 3040 Martialis
1212 2983 1245 3040 et
1270 2975 1419 3039 Basilidis
1444 2996 1541 3060 grave

493 3077 665 3162 periculum
685 3079 865 3142 induxerat.
890 3078 1024 3140 Faunus.
1070 3076 1151 3145 Quae
1166 3077 1261 3139 urbes
1279 3075 1434 3159 hodieque
1448 3077 1539 3151 beon,

493 3182 637 3264 Astorpa,
651 3181 792 3256 diemde,
812 3181 980 3264 Zarnpoea,
1004 3200 1115 3264 parum
1138 3165 1264 3242 mutato
1286 3178 1412 3242 nomine
1433 3177 1539 3262 appel·

493 3282 610 3346 lentur.

539 3387 575 3448 P.
596 3403 666 3449 102.
681 3385 700 3447 l.
717 3406 748 3468 5.
765 3383 876 3448 libellis
897 3383 1085 3448 idololatriae
1106 3383 1358 3465 commaculatis]
1380 3383 1432 3446 De
1450 3381 1541 3445 libel·

493 3486 609 3564 laticis,
624 3488 688 3552 sive
709 3487 779 3562 illis,
802 3486 856 3571 qui
875 3487 1014 3550 libellum
1035 3507 1091 3549 seu
1108 3485 1225 3570 judicis
1245 3483 1460 3549 testimonium
1481 3483 1541 3547 sibi

493 3589 731 3672 comparabant,
756 3589 788 3651 in
814 3612 877 3672 quo
903 3589 1056 3673 seriptum
1083 3596 1162 3664 erat,
1188 3588 1274 3672 ipsos
1299 3586 1420 3671 legibus
1449 3587 1542 3650 satis-

493 3690 615 3766 fecisse,
629 3690 661 3753 id
682 3697 741 3762 est,
759 3689 830 3752 Diis
852 3690 1058 3767 sacrificasse,
1073 3690 1202 3754 tametsi
1226 3689 1303 3752 nihil
1324 3689 1476 3773 ejusmodi
1498 3688 1542 3751 fe-

493 3792 619 3867 cissent,
643 3791 715 3854 vide
738 3791 775 3854 cl.
798 3792 1011 3856 Moslremium
1033 3814 1121 3855 more
1144 3814 1213 3867 suo,
1235 3791 1295 3855 hoe
1320 3798 1368 3855 est
1392 3798 1426 3855 et
1448 3791 1541 3855 docte

493 3900 526 3957 et
541 3893 619 3968 fuse,
635 3892 668 3954 in
681 3892 785 3978 Opere
796 3895 845 3956 De
861 3892 961 3957 Rebas
978 3895 1222 3958 narrentanorum
1235 3904 1305 3957 ante
1322 3897 1474 3957 Constant.
1490 3894 1539 3957 M.

492 3995 722 4080 disputantem.
746 3996 824 4059 Saec.
843 3995 908 4059 ΙΙΙ.
925 4001 950 4076 ς.
966 3996 1009 4059 ix.
1025 4020 1056 4081 p.
1073 3998 1255 4077 482-489.

538 4097 620 4160 lbid.
640 4097 661 4159 l.
678 4098 708 4159 8.
733 4097 938 4161 desiderastis
960 4097 1091 4161 rescribi
1113 4097 1155 4163 ad
1178 4098 1246 4161 haec
1268 4095 1369 4181 vobis]
1398 4095 1472 4159 Non
1493 4095 1541 4159 in-

492 4198 726 4273 convenienter,
742 4220 842 4282 neque
857 4198 995 4262 absurde
1009 4198 1122 4283 aliquis
1137 4198 1331 4283 opinabitur,
1348 4199 1466 4262 clerum
1482 4198 1541 4262 Hi-

492 4321 625 4384 spanum
648 4322 741 4383 super
761 4300 830 4363 istis
851 4299 1006 4384 episeopis
1026 4300 1202 4364 idololatris
1223 4301 1320 4364 etiam
1342 4302 1384 4364 ad
1405 4301 1541 4386 Stepha-

491 4422 567 4464 num
582 4401 691 4463 literas
709 4401 844 4473 dedisse,
860 4409 896 4464 ut
912 4402 953 4464 ad
969 4402 1172 4487 Cyprianum.
1219 4403 1281 4467 Sed
1303 4425 1360 4468 cur
1373 4405 1416 4469 ad
1431 4405 1541 4487 Cypri·

491 4524 597 4578 anum,
622 4502 648 4565 si
674 4509 819 4587 potestas
843 4503 969 4568 infinita
994 4526 1091 4589 penes
1116 4505 1321 4572 Romanum!
1351 4509 1453 4570 lmmo
1478 4506 1541 4568 Ru-

491 4624 596 4678 mane,
611 4612 649 4667 ut
671 4604 764 4689 longe
785 4603 899 4689 posito,
920 4628 959 4669 ao
981 4628 1037 4691 per
1059 4608 1285 4694 negligentiam
1308 4608 1454 4691 decepto,
1475 4606 1540 4669 sivo

493 4726 549 4791 per
563 4699 718 4769 ambitum
733 4715 790 4771 aut
804 4706 945 4792 gratiam
960 4709 1145 4788 subornato,
1163 4710 1316 4775 Basilides
1331 4718 1365 4775 et
1382 4707 1541 4773 Martialis
