3700 5667
535 686 585 748 IN
611 683 912 748 S.V1CTORlNI
939 683 1302 748 FRAGMENTUM.
1378 686 1441 753 479

395 856 453 930 nit,
469 855 513 918 ad
532 864 642 940 septem
662 854 796 919 mendas
816 852 931 919 svsidit.
976 853 1061 918 Vide
1083 862 1117 918 et
1138 854 1203 919 alia
1221 854 1339 919 ibidem
1357 856 1441 920 huno

396 957 500 1021 locum
521 957 722 1022 illustrantia.
745 956 902 1020 Wsuunn.
951 957 1176 1020 Fanousnruu
1198 958 1247 1020 Ds
1266 958 1386 1023 Uonone
1407 961 1441 1022 δ.

396 1061 577 1145 Svmptnrae,
603 1060 671 1124 haeo
697 1060 906 1124 habet-enm
930 1060 994 1144 ipss
1018 1058 1119 1122 beatas
1143 1058 1292 1144 apostolas
1317 1061 1443 1125 Paulas

395 1181 512 1245 seqnsm
533 1160 760 1246 prcedemsmsis
783 1159 833 1223 mi
854 1159 1006 1224 Jviannis
1030 1160 1176 1238 ordinem,
1202 1161 1324 1225 sennia
1348 1164 1442 1227 nomi·

394 1263 492 1326 vatim
512 1272 618 1347 septem
638 1262 766 1327 avennis
786 1260 891 1326 scribit
912 1262 1018 1327 ordine
1040 1262 1108 1339 tali,
1127 1262 1172 1326 ud
1194 1263 1363 1328 Corinthios
1385 1267 1441 1329 διο.

399 1366 503 1449 Supra
517 1365 550 1428 iu
565 1364 625 1428 vol.
641 1365 670 1428 I.
687 1387 718 1449 p.
734 1383 811 1449 395.

441 1467 478 1528 P.
493 1487 513 1543 4
515 1485 569 1550 59.
583 1464 604 1529 l.
622 1483 671 1547 27.
688 1473 811 1547 septem
826 1464 985 1548 diaoones]
1001 1464 1094 1530 (lons.
1111 1474 1220 1530 notam
1235 1466 1278 1530 ad
1293 1465 1442 1531 Gonnum

399 1566 595 1652 Fragmenta
620 1568 660 1631 de
685 1589 817 1631 numero
841 1566 1048 1632 diaoouorum
1074 1589 1144 1652 sup.
1169 1590 1242 1653 pag.
1265 1587 1320 1653 43.
1347 1568 1442 1652 hujus

396 1669 457 1734 vol.
489 1669 539 1734 De
553 1670 712 1756 scriptura
724 1677 833 1735 autem
848 1669 988 1734 dasena
1002 1668 1137 1734 Vossius
1152 1670 1185 1734 in
1199 1670 1251 1734 lib.
1268 1672 1317 1734 De
1336 1671 1441 1743 Vstiis,

398 1772 558 1837 Semnones.
603 1781 625 1812 “
640 1774 791 1838 Diaconos
807 1783 836 1837 et
855 1771 1031 1838 diaconibus
1049 1774 1195 1837 orebrum
1215 1781 1265 1838 est
1280 1774 1442 1859 seriptori·

399 1885 419 1907 “
435 1875 495 1939 bus
510 1875 729 1941 ecelesiasticis
743 1875 840 1941 etiam
853 1874 1003 1960 antiquis.
1040 1874 1104 1938 Sed
1119 1875 1179 1939 hos
1193 1875 1323 1960 pietatis
1337 1875 1443 1960 potius

399 1987 418 2008 ‘⁴
434 1977 587 2042 habemus
607 1977 777 2063 magistros
797 1998 892 2062 quam
908 1976 1105 2042 Latinitatis.
1151 1977 1371 2063 Elegantiores
1386 1977 1444 2062 igi-

400 2088 419 2110 “
435 2088 490 2142 tur
505 2102 629 2165 semper
643 2081 787 2144 diaeonus
802 2080 922 2157 dieunt,
939 2091 976 2143 ut
991 2080 1103 2144 araeee
1117 2085 1167 2144 est
1182 2079 1346 2146 biduanos-'⁸
1370 2079 1442 2143 Lib.

396 2180 416 2242 i.
432 2203 502 2265 vap.
518 2200 570 2244 20.
592 2203 663 2266 pag.
681 2182 732 2245 82.
777 2181 992 2245 Tertullianus
1012 2180 1260 2266 Cyprianusque,
1280 2181 1365 2264 quod
1384 2203 1444 2265 ego

396 2283 602 2357 meminerim,
623 2285 689 2348 lere
710 2305 834 2368 semper
855 2283 976 2348 habent
997 2283 1128 2361 morat,
1149 2283 1225 2346 dum
1247 2304 1309 2360 rea,
1328 2283 1442 2359 fateor,

396 2405 430 2447 se
452 2385 546 2449 aliter
565 2385 663 2449 habet
683 2384 716 2448 in
735 2384 942 2470 epistolarum
956 2384 1217 2468 Gypriauioarum
1238 2383 1444 2468 inscriptioni

396 2484 459 2564 ins,
475 2494 509 2551 et
524 2488 578 2551 ubi
593 2494 705 2552 narrat
719 2487 896 2572 Cyprianus
910 2486 943 2550 in
958 2485 1099 2571 Epistola
1116 2485 1162 2549 ad
1175 2486 1358 2562 demessam,
1373 2507 1444 2570 quae

396 2595 446 2652 est
462 2590 566 2675 Epist.
583 2592 633 2654 80.
649 2590 697 2653 vel
714 2591 765 2653 82.
789 2589 987 2653 Valerianum
1002 2589 1084 2672 Imp.
1105 2586 1150 2650 ad
1166 2596 1301 2650 senatmn
1319 2588 1444 2671 raosip

396 2691 473 2769 mo,
496 2702 530 2756 at
551 2693 682 2779 episcopi
704 2701 732 2756 et
746 2691 919 2777 prnlytssi
940 2701 967 2755 st
988 2691 1137 2754 diacones
1158 2689 1355 2754 incontinenti
1375 2689 1444 2752 ani-

397 2794 633 2859 madvertantur.
680 2794 778 2858 Unde
799 2794 924 2858 videtur
945 2814 1061 2857 nomen
1082 2792 1221 2856 &mnes
1242 2813 1281 2855 eo
1302 2798 1445 2876 tempore

397 2881 553 2961 usitatius
567 2918 606 2961 ao
627 2897 786 2962 solenniua
808 2897 913 2961 fuisse.
959 2895 1101 2960 Praeatat
1119 2893 1235 2959 Versio
1250 2892 1390 2978 Vulgata
1411 2892 1445 2956 in

396 2996 602 3084 inscriptione
625 3000 728 3085 Epist.
752 2999 798 3064 ad
817 2998 1044 3085 Philippenses,
1068 3019 1136 3062 enm
1158 2995 1302 3082 episeopis
1326 3006 1354 3060 st
1377 2995 1444 3059 dia·

397 3101 537 3166 sonibus.

441 3204 480 3265 P.
496 3206 570 3283 460.
586 3202 607 3265 l.
621 3218 653 3286 5.
676 3204 709 3266 in
732 3205 862 3266 domum
884 3203 1078 3285 Salomonis]
1101 3202 1176 3265 For.
1192 3202 1291 3278 domn,
1307 3200 1356 3264 vel
1373 3221 1444 3262 eum

400 3304 849 3388 Walkerodomo,legendum.
880 3304 943 3384 Qui
953 3312 1078 3388 septem
1089 3309 1291 3365 sacramenta
1303 3301 1334 3364 iu
1345 3300 1443 3364 evole-

399 3406 445 3469 sia
467 3427 536 3469 esse
558 3412 720 3482 statuunt,
734 3405 778 3482 hi,
801 3412 839 3467 ut
861 3404 966 3468 obiter
984 3404 1016 3467 id
1035 3409 1155 3478 notem,
1175 3402 1311 3486 plurima
1332 3401 1446 3464 horum

398 3507 648 3592 septenariorum
677 3507 710 3570 iu
738 3506 878 3570 medium
906 3506 1011 3570 solent
1038 3503 1207 3581 adducere,
1235 3518 1270 3566 ut
1299 3524 1368 3567 rem
1396 3503 1445 3566 vel

398 3610 535 3683 firment,
552 3608 600 3673 vel
615 3608 784 3673 illustrent.

444 3712 527 3775 Ibid.
549 3710 570 3773 l.
587 3711 617 3774 8.
641 3709 691 3774 Ut
713 3710 821 3773 Adam
842 3707 930 3772 illum
954 3710 1025 3792 δια]
1051 3706 1242 3771 Wulkerum
1264 3712 1445 3770 monentem

398 3813 496 3877 verba
509 3812 577 3877 haeo
592 3834 664 3876 cum
678 3811 892 3898 sequentibus,
908 3811 1069 3875 nativitate
1078 3809 1148 3893 filii
1160 3809 1210 3874 sni
1226 3810 1280 3873 &a
1296 3808 1445 3894 eonjungi

398 3914 525 3991 debere,
549 3936 613 3978 non
635 3937 707 3978 vum
729 3912 896 3998 prioribus,
920 3922 1048 3978 seeutus
1070 3933 1160 3989 sum;
1183 3912 1210 3975 is
1232 3911 1356 3976 interea
1376 3909 1443 3974 and-

398 4018 514 4081 venvm‘t
532 4038 590 4102 pro
611 4015 779 4081 subveniret
792 4016 860 4079 vult
880 4037 1043 4100 reponere,
1059 4015 1116 4078 sed
1138 4014 1246 4079 malim
1268 4036 1327 4098 ego
1349 4013 1446 4097 resvr-

398 4130 496 4183 mvret
511 4120 646 4184 seribere
661 4140 719 4203 pro
735 4118 953 4201 reformaverit.
994 4116 1170 4180 Nativituts
1185 4137 1243 4199 pro
1258 4114 1447 4178 nativitatem

398 4228 580 4286 eorrexerat
595 4221 685 4287 Gavii
698 4219 928 4304 apographum.
974 4216 1127 4281 Similiter
1146 4237 1204 4300 per
1224 4224 1360 4279 sanatam
1380 4211 1446 4277 iei-

397 4324 573 4401 domanam,
591 4323 656 4387 sive
678 4322 818 4385 diversos
839 4319 995 4384 bonitatis
1017 4318 1189 4404 professus,
1210 4315 1446 4401 procedendum

398 4448 467 4490 osse
483 4426 635 4511 praecepit
650 4425 798 4488 Clemens
814 4422 909 4488 Alex.
924 4444 1021 4507 supra
1035 4444 1056 4487 a
1070 4443 1121 4485 me
1134 4420 1251 4484 allatus
1265 4442 1297 4504 p.
1313 4437 1389 4501 474.

445 4529 528 4592 Ibid.
550 4529 570 4590 l.
591 4547 638 4591 12.
662 4549 701 4590 ea
722 4526 774 4590 die
797 4525 928 4590 Gabriel
951 4525 1099 4610 angelum
1123 4522 1237 4587 Mariae
1262 4523 1334 4605 aa]
1359 4521 1445 4602 Quo-

401 4631 496 4694 modo
525 4632 593 4695 haee
623 4637 721 4713 atque
751 4635 858 4693 vetera
887 4626 1067 4713 hujusmodi
1096 4624 1157 4690 sibi
1186 4624 1347 4710 colligeret
1376 4623 1447 4686 Vio-
