3700 5667
531 661 596 722 288
917 658 1188 722 MALCHION.

530 827 752 888 Demetrianum
766 827 804 887 A.
816 829 885 887 200.
908 829 1097 888 Fnaarorus.
1140 830 1187 888 De
1208 840 1293 889 atate
1311 830 1469 910 scriptoris,
1489 851 1582 909 quem

528 934 613 992 affert
624 933 767 991 Eusebius
780 953 809 990 v.
823 932 872 991 20.
887 933 1029 991 nonnulla
1043 933 1142 992 videas
1156 955 1221 993 cum
1236 955 1324 1013 supra
1337 936 1374 993 ad
1386 938 1493 995 Carnu
1509 958 1580 1016 pag.

533 1034 700 1097 lta-144.
723 1036 791 1096 Vol.
807 1038 837 1096 ii.
857 1048 920 1096 tum
939 1037 1016 1095 infra
1031 1038 1063 1096 in
1080 1037 1170 1097 Notis
1191 1038 1228 1096 ad
1245 1039 1306 1097 hac
1326 1040 1485 1119 Excerpta.
1529 1043 1580 1101 De

529 1151 614 1200 aetate
629 1142 730 1200 itidem
744 1142 916 1201 Artemonis
931 1144 962 1201 in
976 1143 1012 1201 iis
1025 1143 1130 1221 agitur.

569 1244 585 1289 b
600 1246 747 1306 Eusebius
761 1247 810 1305 vii.
824 1249 873 1305 29.
888 1249 925 1306 de
940 1248 1126 1308 Malchione:
1149 1249 1232 1308 οὗτός
1243 1247 1278 1324 μ’
1288 1274 1329 1305 τοι
1342 1252 1580 1322 ἐπιοημεωυμένων

528 1356 704 1426 τοχυγράφων
728 1353 833 1423 (rimam
857 1356 923 1427 πρὸς
945 1357 1023 1410 αὐτὸν
1046 1353 1180 1427 (Παῦλον)
1204 1357 1396 1427 ἐνστησάμενος
1421 1356 1451 1426 ἣν
1475 1361 1516 1412 καὶ
1540 1360 1579 1415 cir

528 1461 605 1531 δεῦρο
625 1460 769 1531 φερομένην
789 1459 876 1531 ἴσμεν,
895 1464 975 1532 μόνος
994 1460 1093 1533 ἴσχυσε
1110 1469 1162 1518 τῶν
1180 1463 1278 1526 mov,
1293 1464 1437 1536 κρυψίνουν
1455 1462 1518 1517 ὄντα
1535 1465 1578 1518 καὶ

527 1564 659 1633 ἀπατηλὸν
683 1566 807 1637 φορόσοι
831 1567 877 1620 τὸν
901 1566 1046 1638 ἄνθρωπον.
1096 1564 1145 1622 Ex
1169 1565 1224 1622 hoc
1249 1566 1375 1643 Dialogo
1399 1565 1578 1625 Malchionis

527 1667 690 1743 fragmenta
711 1668 842 1744 quiedam
863 1668 961 1726 brevia
981 1669 1107 1727 servavit
1127 1670 1271 1728 Leontius
1294 1671 1367 1748 Byz.
1390 1670 1464 1728 libro
1485 1671 1576 1729 tertio

527 1782 628 1830 eontra
640 1770 760 1829 Nestor.
790 1770 869 1829 Vide
884 1771 988 1850 Steph.
997 1771 1115 1829 Baluzii
1129 1773 1260 1831 Concilio
1273 1794 1301 1851 p.
1313 1774 1362 1830 21.
1378 1793 1437 1849 seq.
1455 1773 1573 1832 Fnarn-

527 1895 607 1934 clus.
650 1875 777 1954 Haymo,
793 1877 842 1953 qui
862 1877 968 1935 saeculo
987 1898 1064 1934 nono
1080 1878 1241 1936 Historiam
1258 1879 1374 1957 scripsit
1387 1879 1575 1937 Ecclesiasti-

527 2000 598 2044 cam,
613 1977 650 2036 de
671 1979 773 2037 eodem
794 1978 920 2056 Dialogo
939 1980 1002 2038 haec
1020 1981 1118 2048 habet,
1140 1981 1188 2039 Ita
1208 1982 1358 2060 magnifice
1376 1983 1413 2040 ab
1432 2005 1463 2041 eo
1480 1981 1573 2055 (Mal-

527 2084 643 2158 chione)
664 2092 690 2141 et
709 2092 843 2141 accurate
864 2085 964 2144 habita
985 2093 1026 2142 est
1046 2084 1246 2164 (disputatio),
1264 2095 1293 2144 at
1315 2108 1390 2144 nunc
1410 2107 1516 2164 quoque
1535 2087 1573 2143 Ie·

525 2188 655 2262 gentibus
668 2187 707 2245 sit
721 2191 750 2246 in
765 2188 966 2249 admiratione.
978 2190 1028 2248 vii.
1045 2190 1090 2247 10.
1122 2191 1155 2248 In
1171 2191 1281 2249 Menoeo
1295 2200 1392 2248 autem
1411 2190 1573 2248 Graecomm

526 2293 563 2352 ad
577 2294 617 2352 28
632 2293 768 2352 Octobris
782 2293 934 2352 Malchion
949 2295 1011 2373 ipse
1025 2296 1067 2353 sic
1081 2307 1267 2354 memoratur.

688 2451 827 2523 Εῖρηνικῶο
841 2449 1001 2522 θρῆσκουσιν
1013 2448 1113 2521 εἱρῆνηο
1126 2449 1211 2518 τέκνα,

687 2549 853 2621 Φιρμιλιονὸς
867 2549 908 2602 καὶ
922 2549 972 2602 σὺν
985 2547 1054 2621 αὐτῷ
1068 2548 1200 2618 Μελχίων.

1096 2641 1170 2715 (cor.
1185 2644 1336 2715 Μολχίων.)

527 2795 670 2874 Reliquis}
691 2792 907 2873 Disputationis
921 2812 988 2850 cum
1004 2791 1097 2849 Paulo
1115 2792 1303 2850 Samosateno
1317 2791 1504 2859 Malchionis,
1520 2813 1572 2852 seu

525 2899 618 2964 aliter,
643 2896 860 2975 Disputationis
888 2915 905 2952 a
931 2893 1025 2952 Paulo
1048 2893 1154 2951 habita
1178 2906 1279 2952 contra
1303 2893 1511 2960 Malchionem‚
1541 2907 1572 2954 et

525 3011 621 3080 partes
643 2997 796 3078 Synodion
818 2996 961 3076 Epistola
982 2995 1019 3054 ad
1040 2995 1216 3073 Dionysium
1239 2997 1403 3052 Romanum
1425 3009 1454 3054 et
1476 3000 1572 3055 Maxi.

524 3126 604 3163 mum
623 3103 778 3162 abeodem
798 3102 975 3167 Malchioae,
990 3111 1025 3159 ut
1044 3098 1134 3157 tradit
1155 3099 1363 3177 Hieronymus,
1378 3101 1503 3177 scriptas,
1524 3102 1571 3160 hie

524 3208 672 3268 collocata
694 3218 788 3277 suat3
815 3206 867 3265 sed
888 3205 1019 3285 proxime
1041 3203 1189 3262 antecedit
1210 3202 1270 3261 Sex
1294 3202 1508 3280 Episcoporum
1533 3207 1569 3262 ad

526 3314 651 3373 Paulum
667 3313 810 3393 Epistola.

565 3433 579 3463 ⁰
594 3418 735 3477 Claudius
750 3417 878 3496 Imperio
892 3415 1012 3495 prefuit
1026 3416 1062 3473 ab
1075 3414 1113 3472 A.
1126 3413 1196 3473 268.
1211 3413 1248 3472 ad
1261 3414 1331 3480 270.
1345 3413 1521 3471 Aurelianus
1534 3415 1570 3471 ab

525 3524 563 3582 Α.
579 3522 648 3592 270.
664 3523 700 3582 ad
716 3523 785 3590 275.
808 3522 996 3580 Faamcws.
