3700 5667
491 651 556 713 282
827 643 1203 710 ANNOTATIONES

493 828 512 849 ‘¹
530 815 669 890 Morino,
684 814 738 899 qui
752 816 944 879 sententiam
959 836 1049 879 suam
1064 813 1196 898 exponit
1211 811 1261 876 his
1277 812 1398 877 verbis:
1416 813 1547 877 Postre-

494 931 512 951 “
528 939 610 980 mam
635 917 722 981 illium
748 939 898 994 moenem,
923 917 1039 1001 inquit,
1069 916 1213 1001 Greporio
1244 916 1471 1001 Tbaamaturao
1498 926 1549 980 at-

492 1026 511 1054 “
528 1017 684 1095 tribatma,
709 1039 768 1081 noa
794 1039 852 1083 eece
875 1019 986 1104 ipsius,
1008 1028 1044 1082 ut
1067 1017 1154 1102 cubio
1177 1017 1326 1095 ereditur,
1347 1027 1376 1082 et
1397 1019 1550 1103 opinatur

491 1130 512 1159 ‘⁴
529 1120 707 1198 Balaneion,
727 1120 780 1185 sed
799 1143 836 1183 aa
857 1119 1019 1185 amonitae
1034 1118 1284 1205 pracedaitibm,
1307 1128 1335 1183 et
1349 1120 1549 1205 potissimam

493 1230 513 1260 “
529 1244 565 1286 ea
578 1233 679 1287 iaaac
690 1221 812 1287 Basilio
827 1223 979 1287 collectam
994 1232 1021 1286 et
1039 1221 1180 1305 Greoorii
1193 1219 1357 1285 canonibra
1370 1221 1545 1285 adnabam.-

491 1329 514 1361 “
530 1325 725 1409 manifestam
743 1332 796 1403 ert,
804 1325 957 1410 paruam,
972 1346 1009 1388 aa
1024 1323 1168 1387 camonia
1186 1331 1304 1386 tenore:
1327 1344 1388 1386 aaa
1406 1332 1447 1386 est
1463 1324 1547 1386 oiim

493 1431 512 1459 “
527 1445 631 1500 canon
648 1425 700 1488 sed
715 1425 954 1502 commentarius,
969 1424 1060 1489 cerba
1078 1422 1185 1508 qaibm
1203 1424 1368 1509 Grepoiiae
1387 1444 1459 1487 aeuo
1477 1432 1547 1487 erat

493 1533 513 1561 “
526 1525 688 1609 explicans.
734 1527 801 1590 His
818 1526 899 1590 enim
919 1523 1097 1590 stationibus
1113 1535 1140 1588 et
1160 1546 1266 1588 earam
1285 1522 1454 1588 nominibus
1472 1545 1547 1587 ιισιιι

493 1635 594 1692 “erat
613 1637 647 1691 at
662 1628 794 1714 mloatio
811 1637 838 1691 et
857 1628 896 1691 ab
915 1625 1051 1690 omnibm
1071 1627 1206 1710 moniis,
1221 1635 1255 1689 at
1271 1635 1299 1690 ct
1315 1636 1435 1690 caaetm
1450 1627 1547 1689 Roai-

494 1736 514 1766 “
530 1730 601 1807 lias,
620 1730 791 1794 Concilium
805 1728 979 1806 Meconem,
995 1730 1205 1811 Aneyraaam,
1220 1736 1273 1791 cet.
1291 1749 1343 1792 aec
1360 1729 1394 1791 in
1408 1729 1546 1812 ιρισσιισι

495 1836 656 1893 “meatem
676 1830 765 1908 vertit,
785 1839 883 1916 utpote
904 1853 968 1895 rem
990 1829 1124 1893 omaibas
1146 1829 1304 1913 coyaitam,
1325 1850 1375 1892 eae
1396 1828 1545 1912 interpre-

493 1936 512 1966 “
527 1931 598 1993 tari.
632 1929 752 1993 Deinde
766 1931 829 2015 iprae
843 1952 872 1994 aa
881 1930 1001 2015 prodit,
1017 1951 1109 2013 qaam
1122 1928 1227 1993 scribit
1240 1955 1249 1991 .·
1274 1929 1414 2006 deditio,
1428 1929 1545 2013 inquit,

493 2039 513 2069 “
530 2042 582 2095 eet.
598 2053 691 2115 qaam
705 2033 785 2095 enim
795 2032 859 2095 tae
873 2042 978 2095 aactor
991 2031 1145 2109 scribebat,
1157 2029 1282 2095 babebat
1291 2032 1326 2094 ia
1336 2042 1432 2096 merite
1446 2034 1546 2097 sanai

492 2140 514 2170 “
529 2133 647 2197 Baoilii
664 2154 814 2210 canonem,
829 2133 910 2197 ande
923 2133 981 2196 ita
995 2135 1206 2218 interpretatio
1221 2134 1378 2218 decuonpta
1392 2143 1440 2198 eat.
1486 2137 1546 2199 Est

491 2242 513 2272 “
529 2234 564 2297 ia
581 2233 753 2300 bibliotheca
767 2234 878 2298 illustr.
893 2234 1042 2299 Francia
1061 2236 1247 2300 Cancellarii
1263 2237 1437 2322 (Seguerii)
1459 2237 1544 2300 anti·

494 2341 516 2373 “
531 2336 677 2419 qaiseinsa
701 2356 848 2398 canonum
872 2335 1049 2398 arcanea
1071 2333 1200 2399 allectio
1227 2358 1248 2399 a
1274 2338 1420 2421 Gregorio
1437 2337 1546 2421 patri-

494 2444 516 2474 “
531 2435 627 2498 araba
650 2437 715 2499 ΟΡ.
738 2445 807 2499 ante
831 2435 1009 2520 oetinoeatoe
1036 2457 1130 2500 aanor
1158 2435 1321 2513 eliberata,
1347 2459 1415 2521 qaoe
1439 2447 1547 2502 aaron

496 2545 518 2575 “
538 2538 765 2622 Tbaomatarai
789 2558 914 2602 canam
935 2547 1051 2622 prater
1075 2539 1167 2601 ἱστιισι
1192 2538 1416 2623 complectitor:
1450 2560 1544 2624 σσριι-

496 2648 517 2678 “
532 2650 662 2703 matam
681 2641 811 2718 euidens,
826 2640 1072 2704 commentatione
1090 2640 1182 2704 illam
1196 2649 1266 2724 poet
1286 2649 1399 2724 tempas
1418 2641 1547 2705 adnota-

495 2749 517 2780 “
533 2751 597 2805 tam
616 2741 841 2826 Tbaamataryi
856 2739 1003 2826 Epiotola
1013 2741 1115 2825 saitae
1134 2751 1276 2806 comam
1296 2743 1346 2806 De
1360 2743 1475 2807 Poenit.
1489 2743 1544 2808 lib.

494 2849 515 2879 “
531 2842 571 2905 vi.
598 2864 666 2926 cap.
689 2842 709 2906 i.
736 2849 759 2923 5.
784 2863 815 2925 9.
847 2843 1016 2907 Hactenus
1042 2844 1079 2906 V.
1097 2845 1135 2906 C.
1173 2842 1297 2906 Contra
1318 2864 1392 2907 vero
1416 2844 1545 2909 Natalis

496 2944 719 3008 “Alexander
740 2944 882 3027 ejusdem
904 2944 1033 3008 canonis
1053 2944 1210 3008 undecimi
1233 2945 1448 3010 sinceritatem
1464 2947 1546 3010 acri·

496 3052 585 3109 “ter
607 3054 796 3130 propugnat.
836 3046 965 3109 Discat.
988 3046 1073 3110 xviii.
1097 3045 1176 3110 Saee.
1197 3067 1227 3131 3.
1255 3048 1391 3132 primum
1416 3071 1456 3112 ex
1481 3049 1546 3113 fide

497 3145 826 3231 “antiquissimorum
850 3147 949 3212 MSS.
972 3169 1043 3233 quae
1066 3170 1162 3233 penes
1184 3170 1218 3212 se
1240 3149 1353 3214 habuit
1373 3150 1545 3214 Balsamon

496 3258 518 3288 “
533 3248 718 3334 patriarcha
747 3249 979 3330 Antiochenus,
1006 3250 1060 3335 qui
1089 3273 1159 3315 eam
1189 3251 1334 3337 Gregorii
1364 3252 1545 3338 Epistolam

497 3358 519 3390 ‘⁴
535 3350 770 3417 commentariis
789 3353 854 3418 suis
874 3353 1066 3418 illustravit:
1088 3353 1202 3417 deinde
1217 3375 1256 3417 ex
1272 3353 1369 3438 ipsius
1390 3353 1544 3436 Epistolae

497 3461 520 3494 “
535 3456 710 3520 canonibus
725 3478 779 3519 vn.
796 3478 862 3519 vnn
878 3464 912 3521 et
928 3480 971 3519 nr.
988 3456 1042 3541 qui
1061 3456 1189 3520 eosdem
1210 3456 1403 3541 poenitentiae
1424 3457 1545 3539 gradus

498 3564 521 3594 “
535 3567 733 3635 enumerant,
748 3580 828 3643 quos
847 3568 1004 3623 memorat
1019 3559 1130 3622 (lanan
1144 3580 1187 3620 xi.
1204 3556 1236 3618 in
1257 3557 1386 3619 dubium
1401 3564 1544 3620 vocatus.

495 3666 517 3696 “
533 3659 616 3722 Aliis
631 3667 788 3742 praterea
801 3659 905 3723 utitur
919 3657 1116 3743 argumentis
1130 3656 1164 3718 in
1179 3658 1321 3718 eamdem
1339 3656 1545 3732 sententiam,

495 3767 518 3797 “
533 3781 700 3822 occurrens
722 3780 786 3823 una
810 3758 929 3821 Morini
951 3756 1203 3842 objectionibus3
1231 3756 1273 3820 ad
1296 3777 1389 3839 quem
1411 3756 1546 3839 proinde

497 3858 669 3922 “lectores
690 3857 910 3923 remittimus.”
933 3881 963 3942 p.
980 3856 1075 3920 xxvii.
1121 3857 1202 3921 Post
1224 3856 1293 3920 haec
1315 3855 1475 3921 Gallandii
1498 3858 1545 3920 nl-

495 3960 563 4025 lata
577 3960 697 4024 nescire
711 3981 762 4024 me
777 3959 899 4044 scripsi,
911 3960 987 4044 quid
1001 3959 1200 4043 responderit
1216 3958 1342 4024 Natalis
1356 3960 1544 4024 Alexander

496 4065 537 4128 de
551 4061 637 4146 ῥήσει
651 4084 691 4127 ex
706 4083 826 4126 canone
840 4061 950 4126 Basilii
965 4062 1017 4127 hio
1038 4069 1177 4146 sumpta,
1193 4061 1283 4146 eujus
1304 4062 1430 4146 quidem
1450 4084 1545 4126 cano-

495 4165 545 4230 nis
564 4164 662 4230 verba
683 4170 777 4238 sunt3
801 4166 889 4227 Μετὰ
912 4166 945 4228 δὲ
964 4168 1051 4227 τοῦτο
1074 4165 1174 4241 ἄλλην
1194 4165 1380 4244 spatiantis
1400 4165 1545 4244 ἀκρόασιν

496 4271 591 4348 μόνην
610 4266 832 4351 παραδεχθήτω,
849 4267 897 4329 καὶ
919 4268 1034 4330 ἀκούων
1056 4270 1107 4345 τῆς
1129 4271 1245 4348 γραφῆς
1268 4267 1317 4329 καὶ
1336 4270 1387 4344 τῆς
1407 4271 1545 4328 διδασκα-

496 4374 564 4438 λίας
585 4369 793 4450 &etiamtiam
810 4371 856 4433 καὶ
874 4368 914 4449 μὴ
930 4371 1131 4448 καταξιούσθω
1146 4375 1323 4452 προσευχῆς.
1369 4368 1450 4431 Mox
1470 4389 1544 4431 vero

496 4471 593 4535 verba
610 4473 680 4556 ipsa
696 4471 872 4537 Alexandri
889 4471 1004 4536 afferre
1024 4471 1101 4535 mihi
1121 4471 1249 4547 licebat,
1267 4471 1319 4555 qui
1340 4492 1370 4555 p.
1393 4469 1541 4554 143.haec

496 4573 564 4645 ait;
594 4580 615 4609 “
632 4572 831 4658 Respondet,
853 4574 936 4638 hano
958 4596 1077 4653 vocem,
1100 4574 1210 4658 inquit,
1233 4596 1303 4657 quae
1326 4593 1452 4637 sensum
1474 4589 1543 4653 per·
