3700 5667
713 1992 1310 2092 ANNOTATIONES

527 2287 592 2368 IN
622 2285 904 2368 CONCILIA
933 2282 1498 2367 CARTHAGINIENSIA.

910 2573 1119 2607 *-

552 2792 747 2893 'CONCIL
770 2795 1000 2861 CARTHAG.
1023 2795 1111 2859 SUB
1137 2791 1374 2860 CYPRIANO
1390 2789 1439 2853 11.

534 2972 572 3035 P.
589 2992 640 3056 93.
659 2972 679 3036 l.
695 2992 725 3054 4.
764 2971 1026 3058 Carthaginiense
1056 2973 1229 3038 Concilium
1260 2969 1332 3056 tm]
1370 2965 1537 3050 Carthagi-

491 3073 599 3136 niense
626 3071 710 3155 quod
737 3071 880 3135 Primum
902 3081 1019 3137 vocant
1044 3074 1217 3139 Concilium
1244 3073 1303 3136 sub
1327 3071 1419 3135 initia
1442 3067 1538 3152 hujus

487 3174 606 3251 sarculi,
622 3174 698 3237 dum
718 3173 883 3258 episcopus
906 3175 1100 3261 Carthagine
1123 3177 1255 3240 sedebat
1272 3174 1479 3260 Agrippinas,
1495 3170 1537 3234 ab

492 3277 612 3341 Africae
638 3283 672 3340 et
698 3274 856 3340 Numidiae
880 3278 1034 3362 episcopis
1061 3279 1101 3341 de
1124 3269 1358 3363 rebaptizandis
1381 3272 1539 3338 haereticis

377 3397 379 3402 ’
490 3381 568 3440 ante
590 3374 696 3438 luerat
719 3374 921 3440 celebratum.
969 3377 1019 3440 De
1041 3377 1144 3462 primo
1166 3391 1273 3441 autem
1298 3375 1357 3438 sub
1381 3372 1539 3458 Cypriane

492 3477 632 3544 Concilio
647 3485 739 3541 extat
756 3479 877 3543 mentio
892 3500 966 3542 mcx
987 3478 1069 3543 infra
1084 3478 1175 3543 initio
1191 3478 1332 3563 epistolae
1347 3476 1450 3561 hujus,
1467 3496 1539 3559 quse

491 3581 631 3666 pertinet
653 3581 695 3643 ad
718 3578 894 3644 Concilium
918 3581 1098 3645 Secundum
1118 3581 1379 3665 Carthaginiense
1397 3578 1456 3642 sub
1476 3575 1538 3661 Cy-

491 3682 604 3767 priane
633 3689 860 3764 nuncupatum.
914 3683 955 3745 In
986 3705 1050 3768 qua
1081 3682 1208 3768 Synodo
1239 3682 1377 3746 secunda
1406 3680 1540 3754 edenda,

492 3789 563 3845 tum
578 3781 610 3843 in
625 3780 763 3864 quinque
783 3781 843 3845 illis
864 3783 1079 3860 conventibus,
1096 3783 1149 3868 qui
1167 3791 1352 3867 sequuntur,
1367 3781 1540 3845 editionem

497 3884 626 3965 θρωωη
642 3881 837 3965 &Cypriani
852 3883 1103 3962 Benedictinam,
1118 3909 1172 3949 seu
1189 3884 1402 3958 Baluziananr,
1415 3882 1475 3946 nisi
1486 3881 1542 3945 ubi

494 3983 534 4046 de
549 3982 673 4046 variata
694 3983 829 4048 lectione
851 3985 1003 4048 lectorem
1025 3988 1142 4062 monui,
1164 4009 1288 4071 semper
1309 3994 1436 4050 secutus
1458 4006 1540 4060 sum,

495 4084 611 4169 quippe
627 4108 698 4149 oum
713 4088 824 4151 eadem
838 4109 859 4152 a
879 4087 1009 4151 Buluzio
1024 4098 1098 4173 post
1117 4089 1215 4153 visam
1231 4090 1272 4153 ab
1287 4111 1336 4164 eo,
1351 4097 1388 4153 ut
1402 4111 1442 4151 ex
1457 4088 1543 4151 notis

494 4184 562 4269 ejus
577 4193 713 4263 constat,
729 4188 762 4250 J.
781 4188 942 4251 Harduini
957 4187 1169 4253 Conciliorum
1186 4191 1369 4266 editionem,
1385 4189 1543 4253 adornata

495 4285 600 4350 fuerit.
647 4289 798 4352 Mortuus
813 4297 863 4353 est
882 4297 992 4353 autem
1013 4290 1171 4368 Balanos,
1187 4300 1223 4356 ut
1244 4314 1342 4376 supra
1361 4290 1484 4355 ostendi
1500 4290 1543 4354 ad

497 4387 647 4452 Connrsn
675 4388 870 4474 Fragmenta
893 4413 966 4476 pag.
992 4413 1044 4477 30.
1068 4402 1140 4458 octo
1165 4395 1231 4458 iere
1254 4417 1355 4458 annos
1377 4400 1453 4457 ante
1478 4392 1543 4456 edi-

496 4494 567 4551 tum
589 4511 673 4552 anno
691 4494 773 4573 1726
795 4513 816 4555 a
834 4491 1049 4558 Benedictinis
1068 4495 1232 4558 monachis
1252 4495 1447 4581 Cyprianum
1464 4494 1544 4577 ejus,

496 4596 595 4672 atque
618 4589 741 4656 interea
765 4594 929 4676 prodierat
956 4595 1133 4660 Coustantii
1160 4619 1249 4682 opus,
1269 4597 1322 4680 qui
1347 4619 1431 4661 anno
1460 4613 1539 4676 1721
