3700 5667
564 669 615 733 IN
640 667 874 732 SYNODUM
898 667 1275 732 ANTIOCHENAM.
1379 667 1445 737 367

395 840 519 919 πατρὸς,
544 840 613 920 δρας
639 839 808 902 ἐπισκόπων
833 843 892 901 τῦν
918 840 952 901 ἐν
978 840 1088 923 Νικοίη
1114 838 1326 920 συναχθέντων
1352 840 1444 925 έντῇ

397 942 521 1024 συνόδῳ·
553 940 601 1002 καὶ
627 938 743 1004 ἔκθεσις
766 941 817 1017 τῆς
840 939 929 1018 αὐτῆς
953 940 1079 1002 συνόδου
1102 938 1175 1019 πρὸς
1197 945 1323 1004 Παῦλον
1346 944 1444 1018 Σαμο-

398 1039 503 1105 σατέα.

438 1140 667 1224 Ὀμολογοῦμεν
684 1140 738 1204 τὸν
758 1141 868 1222 Κύρων
887 1141 970 1220 ἡμῶν
983 1139 1103 1221 Ἰησοῦν
1120 1141 1265 1221 Χριστὸν,
1279 1139 1332 1204 τὸν
1347 1143 1380 1204 ἐκ
1395 1146 1446 1204 τοῦ

396 1245 506 1326 πατρὸς
526 1247 601 1307 κατὸ
622 1246 739 1321 πνεῦμα
758 1241 815 1322 πρὸ
834 1242 950 1305 αῑιύνων
970 1242 1164 1324 γεννηθέντα,
1179 1241 1224 1306 ἐπ’
1241 1242 1371 1325 ἐσχάτου
1388 1243 1444 1323 (αθ.

397 1344 548 1427 ἐσχάτων)
569 1349 628 1406 τῶν
649 1344 765 1424 ἡμερῶν
787 1343 820 1405 ἐκ
841 1341 991 1423 παρθένου
1014 1347 1087 1407 κατὰ
1111 1343 1208 1424 σάρκα
1229 1342 1386 1426 τεχθέντα,
1410 1344 1445 1407 ἓν

395 1447 557 1528 πρόσωπον
576 1445 722 1508 σύνθετον
743 1445 775 1506 ἐκ
795 1445 934 1522 θεότητος
954 1443 1092 1523 οὐρανίου
1108 1446 1155 1508 καὶ
1170 1447 1354 1527 ἀνθρωπείας
1369 1470 1441 1524 σαρ-

397 1549 457 1625 κὸς,
474 1548 521 1610 καὶ
543 1547 616 1610 καθὸ
636 1547 791 1627 άνθρωπος
807 1547 840 1608 ἓν
857 1546 915 1630 (αθ.
934 1546 982 1609 καὶ
1002 1550 1078 1609 καθὸ
1095 1547 1257 1627 πρόσωπον
1272 1547 1315 1620 ἓν,
1332 1548 1445 1627 άνθρω-

397 1676 461 1717 πος.
481 1649 558 1730 (συθ.
577 1649 645 1712 Vat.
658 1647 829 1734 ἄνθρωπον)
840 1651 922 1714 ἴσως.
944 1649 992 1711 καὶ
1003 1649 1077 1711 καθὸ
1089 1648 1181 1726 Θεὸς,
1190 1649 1238 1713 καὶ
1249 1648 1322 1712 καθὸ
1334 1650 1446 1730 άνθρω-

396 1776 452 1816 πος
473 1753 634 1833 πρόσωπον
657 1750 702 1830 ἓν)
724 1751 772 1812 καὶ
794 1750 869 1812 όλον
892 1750 1058 1822 Θεὸν,·καδ
1079 1751 1155 1813 όλον
1177 1751 1343 1832 άνθρωπον·
1370 1752 1447 1816 ὄλοιτ’

398 1852 481 1916 Θεὸν
502 1853 549 1915 καὶ
568 1854 643 1930 μετὰ
663 1856 714 1913 τοῦ
735 1851 881 1929 σώματος,
898 1850 968 1914 ἀλλ’
988 1852 1056 1934 οῦχδ
1077 1853 1150 1915 καθὸ
1169 1858 1255 1932 σῶμα
1276 1853 1370 1916 Θεόν·
1398 1853 1445 1916 καὶ

397 1955 472 2017 ὅλον
490 1955 647 2033 άνθρωπον
664 1955 739 2031 μετὸ
758 1956 808 2030 τῆς
828 1954 975 2032 θεότητος,
992 1951 1061 2015 ἀλλ’
1078 1952 1146 2035 ούχδ
1162 1957 1235 2017 κατὸ
1252 1953 1306 2032 τὸν
1321 1955 1447 2032 θεότητα

396 2056 563 2135 άνθρωπον.
597 2057 688 2121 οὕτως
713 2055 788 2117 ὅλον
812 2055 1018 2133 προσκυνητὸν
1044 2056 1092 2119 καὶ
1116 2059 1191 2135 μετὸ
1216 2060 1270 2119 τοῦ
1295 2057 1444 2135 σώματος,

397 2155 466 2220 άλλ’
482 2158 550 2239 οὐχὶ
570 2160 644 2219 κατὸ
663 2157 697 2218 τὸ
716 2162 802 2235 σῶμα
822 2158 1036 2237 προσκυνητόν·
1060 2157 1135 2220 ὅλον
1155 2161 1380 2237 προσκυνοῦντα
1399 2158 1446 2221 καὶ

396 2262 472 2337 μετὸ
491 2263 542 2336 τῆς
562 2260 708 2337 θεότητος,
726 2257 794 2320 ἀλλ’
811 2257 879 2340 οῦχδ
900 2261 974 2320 κατὰ
993 2257 1048 2336 τὸν
1068 2260 1192 2337 θεότητα
1210 2262 1444 2339 προσκυνοῦντα·

396 2361 472 2424 ὅλον
486 2361 625 2424 άκτιστον
644 2361 691 2423 καὶ
709 2362 784 2439 μετὸ
804 2363 856 2421 τοῦ
874 2360 1021 2438 σώματος,
1042 2358 1111 2422 ἀλλ’
1127 2360 1195 2442 αύχὶ
1213 2364 1288 2424 κατὸ
1305 2361 1339 2422 τὸ
1360 2365 1446 2440 σῶμα

397 2464 545 2527 άκτιστον·
569 2462 644 2525 ὅλον
660 2462 799 2525 πλαστὸν
817 2460 865 2524 καὶ
881 2464 957 2540 μετὰ
972 2464 1023 2539 τῆς
1038 2463 1186 2540 θεότητος,
1201 2461 1271 2525 ἀλλ’
1288 2463 1355 2544 ούχδ
1371 2465 1445 2527 κατὸ

396 2565 450 2645 τὸν
465 2567 589 2644 θεότητα
605 2565 753 2628 πλαστόν·
777 2565 852 2626 δλον
869 2563 1030 2641 όμοούσιον
1046 2567 1117 2648 Θεῷ
1134 2564 1189 2648 (τῷ
1205 2566 1276 2648 Θεῷ
1292 2564 1340 2626 καὶ
1353 2562 1443 2641 πατρὶ
1468 2619 1471 2625 ,

397 2668 459 2732 συθ.
490 2667 576 2747 Vat.)
601 2667 649 2729 καὶ
672 2666 748 2745 μετὸ
771 2670 823 2729 τοῦ
847 2667 992 2744 σάματυς,
1018 2663 1087 2728 ἀλλ’
1112 2665 1180 2748 ούχὶ
1206 2668 1279 2728 κατὸ
1303 2663 1337 2726 τὸ
1361 2670 1447 2743 σῶμα

397 2771 558 2849 όμοούσιον
575 2772 615 2853 τῷ
634 2772 715 2852 Θεῷ.
743 2769 845 2849 ὥσπερ
867 2768 936 2831 οῦδὲ
959 2770 1033 2830 κατὸ
1054 2766 1109 2845 τὸν
1131 2768 1256 2846 θεότητα
1278 2767 1445 2848 άνθριύποις

398 2874 480 2936 ἐστὶν
502 2872 667 2950 όμοούσιος,
685 2870 778 2933 καίτοι
800 2895 835 2951 γε
857 2873 932 2948 μετὸ
954 2873 1005 2948 τῆς
1027 2870 1166 2948 θεότητος
1188 2867 1230 2931 ὢν
1253 2871 1326 2931 κατὸ
1347 2865 1446 2948 σάρκα

398 2974 554 3052 όμυούσιος
568 2973 646 3050 ἡμῖν.
672 2970 719 3034 καὶ
734 2973 792 3050 γὸρ
807 2971 880 3034 ὅταν
893 2968 1032 3052 λέγωμεν
1047 2969 1138 3033 αὐτὸν
1153 2973 1227 3033 κατὸ
1240 2975 1357 3049 πνεῦμα
1374 2971 1445 3054 Θεῷ

400 3075 569 3153 όμοούσιυν,
585 3073 620 3136 οῦ
642 3072 773 3153 λέγομεν
794 3076 867 3136 κατὰ
887 3076 1004 3152 πνεῦμα
1023 3073 1188 3153 άνθριόποις
1208 3073 1376 3151 ὁμοαύσιον.
1401 3072 1449 3135 καὶ

400 3175 501 3247 πάλιν,
515 3176 591 3263 όταν
613 3176 806 3256 κηρύσσομεν
828 3174 919 3237 αὐτὸν
942 3177 1015 3237 κατὰ
1037 3173 1134 3256 σάρκα
1155 3174 1320 3255 άνθράποις
1342 3174 1448 3249 ὁμαού·

401 3302 479 3350 σιον,
495 3278 531 3340 οῦ
546 3278 734 3358 κηρύσσομεν
749 3276 840 3341 αῦτὸν
858 3279 933 3340 κατὸ
947 3275 1044 3356 σάρκα
1062 3276 1222 3354 ὸμοούσιον
1240 3275 1321 3360 Θεῷ.
1347 3275 1448 3354 ὥσπερ

399 3382 456 3460 γὸρ
479 3382 553 3442 κατὸ
574 3384 690 3459 πνεῦμα
711 3379 781 3458 ἡμῖν
803 3378 855 3441 οῦκ
879 3377 962 3440 ἔστιν
984 3376 1149 3454 όμουύσιος,
1166 3376 1267 3454 ἐπειδὴ
1290 3378 1360 3460 Θεῷ
1384 3376 1449 3438 ἐστι

402 3484 475 3544 κατὰ
495 3486 581 3543 τοῦτο
601 3482 769 3559 ὁμοούσιος,
789 3481 880 3545 οὕτως
899 3479 967 3541 οῦδὲ
988 3480 1062 3540 κστὸ
1083 3477 1180 3557 σάρκα
1201 3478 1265 3540 ἔστὶ
1287 3481 1357 3562 Θεῷ
1377 3478 1448 3554 ὸμυ-

402 3585 513 3659 ούσιος,
531 3583 631 3661 ἐπειδὴ
645 3583 715 3661 ἡμῖν
731 3583 796 3644 ἐστὶ
811 3584 884 3644 κατὰ
902 3584 989 3643 τοῦτο
1004 3580 1171 3658 ὁμοούσιος.
1195 3580 1296 3659 ὥσπερ
1311 3580 1451 3641 δὲταῦτα

401 3684 573 3765 διήρθρωται
588 3685 636 3748 καὶ
650 3682 882 3764 σεσαφύνισται,
899 3682 953 3745 οὐκ
968 3683 1010 3748 εἰς
1025 3681 1169 3762 διαίρεσιν
1185 3686 1236 3744 τοῦ
1252 3680 1319 3747 ἑνὸς
1333 3681 1451 3760 προσιό·

401 3811 459 3849 που
479 3791 529 3848 τοῦ
549 3786 724 3867 ἀδιαιρέτου,
740 3783 809 3848 ἀλλ’
827 3786 868 3850 εἷς
889 3784 1020 3864 δήλωσιν
1037 3787 1090 3846 τοῦ
1107 3783 1278 3866 άσυγχύτου
1296 3786 1356 3846 τῶν
1371 3784 1447 3845 ἰδιω-

401 3884 502 3965 μάτων
524 3891 574 3966 τῆς
596 3886 706 3968 σαρκὸς
729 3888 849 3950 καὶτοῦ
872 3888 975 3966 λόγου,
992 3885 1067 3948 οὕτω
1087 3885 1134 3948 καὶ
1154 3888 1192 3950 τὸ
1211 3888 1262 3964 τῆς
1284 3882 1450 3965 ἀδιαιρέτου

404 3987 575 4055 συνθέσεως
590 3990 808 4069 πρεσβεύομεν.
854 3986 996 4052 Tantum
1010 3991 1070 4050 est.
