3700 5667
498 658 564 723 192
841 653 1194 720 ANNOTATIONES

497 831 684 900 memorata,
700 823 732 885 in
753 824 914 907 provincia
929 824 1145 908 proconsulari
1165 825 1229 888 sita
1243 832 1302 888 est.
1326 825 1398 889 Vid.
1414 826 1546 911 aninii

498 923 680 1008 Geograph.
703 924 835 986 Sacram
853 924 973 987 Africae
994 926 1028 987 S.
1047 926 1156 1008 Optata
1173 925 1338 1009 praefixam
1356 948 1429 1010 pag.
1446 928 1544 990 xxxii.

497 1025 568 1089 Etsi
585 1032 678 1088 notat
694 1025 881 1088 Hardninus
904 1025 965 1107 legi
983 1025 1016 1087 in
1037 1025 1110 1088 MS.
1126 1048 1183 1089 sno
1199 1027 1366 1111 allisaispa,
1383 1042 1416 1090 et
1431 1026 1479 1091 ita
1494 1049 1545 1091 res

495 1126 643 1190 sehabet
659 1125 690 1187 in
705 1147 766 1188 uteo
781 1127 879 1189 codiee
895 1127 1156 1191 Meermaauiouo.

540 1229 578 1291 P.
599 1229 669 1290 116.
690 1226 779 1310 hgs.
804 1228 999 1312 polycarpus
1021 1229 1062 1292 ab
1086 1229 1278 1313 Adrumeto]
1302 1229 1337 1291 Ie
1359 1237 1409 1294 est
1432 1230 1483 1294 ille
1505 1231 1545 1293 de

496 1352 558 1414 quo
579 1329 698 1393 mentio
716 1329 802 1392 facta
823 1329 854 1391 iu
875 1330 968 1414 epist.
986 1329 1058 1392 xlvi.
1083 1331 1124 1393 ad
1147 1330 1238 1393 Pam.
1254 1351 1339 1395 unm.
1356 1331 1419 1393 xlv.
1435 1340 1469 1396 et
1483 1332 1546 1394 lor-

494 1439 581 1494 tasse
595 1432 657 1512 Ep.
673 1429 790 1492 lxxxvi.
807 1430 849 1492 ad
865 1430 998 1492 Pamelii
1014 1452 1100 1492 num.
1117 1430 1214 1493 lxviii.
1239 1431 1371 1493 Faenus.

538 1532 575 1594 P.
595 1549 665 1611 117.
681 1531 701 1594 l.
720 1552 751 1611 9.
774 1531 859 1594 inter
879 1530 977 1593 laicos
991 1531 1100 1615 recipi]
1116 1532 1168 1594 Sic
1185 1531 1363 1615 (Cyprian.)
1382 1531 1486 1615 Epist.
1501 1534 1543 1596 ed

495 1632 727 1707 Antonianum,
748 1633 802 1696 uie
823 1641 923 1695 toute-a
944 1633 1094 1695 admissas
1116 1642 1158 1696 est
1182 1634 1372 1717 Trophimus‚
1393 1644 1427 1697 ut
1449 1634 1544 1697 loicass

493 1735 693 1797 communicet.
725 1734 904 1796 Rieanrrns.
950 1734 1047 1796 Adde
1070 1734 1155 1817 qnod
1177 1756 1273 1818 supra
1296 1735 1415 1798 dictum
1439 1743 1489 1799 est
1510 1735 1543 1797 in

494 1834 594 1918 Epist.
619 1834 748 1897 Caecilii
767 1835 908 1919 Casthep.
929 1857 972 1895 ιιι.
996 1857 1026 1918 p.
1047 1837 1115 1897 106.
1135 1840 1168 1897 et
1186 1842 1253 1898 not.
1277 1857 1307 1920 p.
1330 1856 1402 1918 143.
1448 1834 1542 1899 Nunc

495 1934 625 1998 tandem
647 1956 771 2010 moneo,
788 1935 849 2019 legi
869 1935 961 1997 laicos
982 1935 1078 2018 recipi
1097 1956 1156 2018 pro
1175 1936 1254 1998 iuter
1268 1936 1360 1999 haieos
1374 1937 1480 2019 recepi,
1497 1937 1543 1999 id·

493 2058 556 2120 que
579 2037 714 2099 sortasse
736 2036 858 2112 melius,
873 2036 906 2098 in
928 2034 1077 2099 codicibus
1098 2035 1210 2100 duetus
1231 2038 1315 2101 inter
1336 2037 1416 2101 Vnr.
1433 2039 1542 2102 Leott.

494 2139 571 2201 edit.
592 2141 696 2201 Oxon.
719 2137 913 2213 nientoratis,
938 2145 975 2201 ut
996 2137 1029 2199 in
1051 2148 1180 2221 quatuor
1200 2138 1272 2216 illis,
1296 2140 1543 2222 quaemanibus

494 2247 611 2314 tracto,
628 2238 771 2302 MSStis.

539 2343 621 2405 lbid.
637 2342 656 2404 l.
678 2361 725 2403 ιι.
743 2339 951 2404 Nemesianus
965 2363 987 2404 a
1001 2342 1177 2426 Thubnnis]
1201 2341 1379 2425 Epistolam
1394 2365 1483 2406 snam
1500 2346 1542 2424 76

493 2466 549 2508 seu
571 2461 621 2525 77.
646 2444 677 2507 S.
695 2442 870 2527 Cyprianus
892 2443 1052 2528 inscripsit
1074 2466 1185 2507 novem
1207 2445 1362 2529 episeopis
1384 2467 1541 2508 unacum

493 2545 636 2629 plurimis
658 2567 676 2608 e
698 2545 781 2608 clero
804 2566 842 2607 ac
864 2544 956 2627 plebe
977 2545 1019 2607 ad
1040 2545 1170 2608 metalla
1192 2545 1361 2609 damnatis.
1387 2546 1538 2631 Episcopi

494 2668 603 2709 omnes
622 2645 695 2709 hnic
716 2644 848 2708 concilio
868 2643 1090 2720 interfuerant,
1107 2668 1240 2729 quorum
1263 2647 1383 2730 primns
1405 2656 1455 2711 est
1478 2647 1540 2710 Ne-

493 2748 661 2820 mesianus,
679 2746 785 2822 ceteri,
804 2766 938 2828 quorum
954 2746 1083 2809 nomina
1096 2747 1179 2810 inira
1193 2749 1345 2832 reperias,
1358 2748 1459 2821 Felix,
1474 2750 1541 2812 Lu·

492 2848 571 2923 ains,
586 2848 669 2912 alter
681 2848 782 2924 Felix,
798 2848 938 2920 Litteus,
952 2847 1114 2923 Polianus,
1128 2849 1251 2922 Victor,
1264 2847 1287 2910 J
1289 2850 1377 2924 ader,
1392 2849 1539 2913 Dativus.

539 2950 622 3013 lbid.
639 2950 658 3012 l.
678 2970 727 3029 14.
742 2948 811 3010 lalsi
828 2947 964 3031 Christi]
982 2948 1052 3010 lalsi
1068 2948 1250 3013 Christiani.
1274 2949 1328 3013 Ita
1342 2949 1540 3014 restituimus

491 3073 533 3115 ex
552 3051 615 3114 fide
631 3059 772 3115 veterum
791 3050 953 3114 librorum.
999 3050 1197 3114 Confirmant
1219 3059 1328 3114 antem
1347 3051 1429 3115 hanc
1448 3053 1540 3116 rusti-

492 3153 649 3216 tutionem
673 3152 770 3214 verba
796 3150 986 3214 Secundiani
1012 3173 1033 3213 a
1058 3151 1170 3234 Carpis
1198 3174 1269 3236 pag.
1291 3171 1366 3236 333.
1393 3159 1538 3225 actorum

491 3254 633 3317 concilii:
659 3254 697 3316 Si
719 3253 890 3316 Christiani
910 3273 970 3315 ocu
990 3261 1069 3327 aaa,
1085 3253 1226 3336 qmoeedo
1249 3253 1438 3316 Christianos
1450 3254 1538 3335 saci-

490 3360 568 3416 aas!
598 3354 671 3417 Non
690 3353 834 3436 displicet
856 3360 965 3415 tamen
986 3352 1080 3416 lectio
1101 3375 1171 3436 quae
1192 3353 1290 3417 habet
1305 3352 1536 3418 Falsi-Chrssti.

491 3454 663 3518 Bxauzrus.
691 3454 851 3517 Pamelius
867 3475 992 3536 quoque
1007 3453 1131 3516 codices
1146 3461 1284 3537 quatuor
1295 3464 1538 3530 memoraverat,

490 3556 522 3618 in
537 3556 650 3640 quibus
669 3556 834 3639 legebatur
846 3555 931 3638 fulsi
947 3555 1124 3618 Christiani.
1164 3556 1226 3619 Sed
1241 3556 1376 3619 alteram
1391 3556 1536 3619 revocavi

489 3656 690 3732 locutionem,
705 3679 775 3739 quae
791 3678 862 3718 cum
877 3665 950 3719 orta
964 3663 1048 3720 esset
1063 3679 1103 3718 ex
1118 3658 1199 3720 Mat.
1214 3657 1298 3719 xxiv.
1316 3675 1366 3736 24.
1383 3663 1417 3719 et
1432 3656 1535 3719 More.

489 3756 554 3818 xiii.
572 3775 622 3820 22.
644 3764 713 3819 tum
735 3779 756 3819 a
778 3756 965 3818 Firmiliano
985 3757 1018 3819 in
1038 3764 1182 3820 extrema
1203 3757 1338 3841 epistola
1352 3756 1535 3820 adhibetur.

488 3857 532 3919 Et
546 3865 644 3918 tamea
658 3878 717 3919 nou
725 3857 823 3941 paeda
837 3857 1032 3941 Stephanum,
1049 3857 1152 3942 inquit
1166 3857 1228 3933 ille,
1241 3858 1430 3941 Cyprioaum
1443 3879 1536 3941 pseu·

488 3957 683 4021 doohristum
702 3967 730 4020 et
742 3959 1020 4043 pseudoapostolum
1039 3969 1066 4022 et
1085 3959 1217 4023 dolosum
1235 3961 1409 4043 operariam
1428 3960 1534 4023 dicere.

488 4058 581 4122 Nunc
605 4065 716 4122 extare
740 4058 906 4121 lectionem
923 4058 1007 4141 salsi
1033 4057 1148 4121 Christi
1173 4057 1205 4120 in
1230 4057 1328 4121 codice
1351 4058 1435 4121 Novi
1458 4058 1534 4122 Call.

486 4158 582 4222 altero
596 4167 630 4223 et
644 4160 676 4222 in
690 4168 813 4242 utroque
827 4179 890 4220 uteo
905 4166 1103 4241 compertum
1118 4164 1177 4221 est.

532 4259 613 4323 Ibid.
629 4261 649 4324 l.
666 4270 711 4343 15.
734 4260 794 4337 Qui
806 4259 907 4340 fideus
926 4268 968 4321 est
987 4260 1022 4322 iu
1033 4257 1303 4342 saitis—cita]
1323 4257 1438 4321 Omnia
1453 4257 1533 4337 haec,

487 4383 557 4444 qnae
581 4383 621 4423 ex
644 4361 750 4442 capite
776 4381 860 4422 nono
883 4360 1118 4424 Preces-hierom
1140 4359 1313 4422 secundum
1337 4359 1451 4421 LXX.
1475 4360 1533 4423 de-

486 4467 612 4543 sumpta
634 4467 718 4537 sunt,
741 4470 896 4541 respuunt
918 4459 1111 4543 exemplaria
1134 4459 1235 4521 Hebr.
1258 4465 1292 4521 et
1316 4456 1455 4542 Vulgata
1476 4460 1532 4521 In-

485 4567 567 4643 terp.
