3700 5667
522 684 597 747 328
878 678 1231 745 ANNOTATIONES

526 855 623 916 ἄλλου
644 857 696 914 τοῦ
719 853 753 915 ἐν
775 851 851 935 αὐτῷ
875 854 1081 916 κατοικοῦντος
1101 853 1183 913 Θεοῦ
1201 852 1311 931 Λόγου.
1348 850 1397 912 Dr
1411 850 1583 914 Imma.

526 954 665 1026 Domini,
699 953 741 1017 ad
774 951 892 1016 calcem
926 950 1044 1015 Gelasii
1078 950 1222 1035 Cyziceni
1254 953 1304 1015 De
1336 952 1423 1015 Actis
1455 953 1582 1034 Syacdi

526 1056 665 1119 Nicoma
686 1077 707 1118 a
729 1053 875 1117 Balforeo
899 1052 987 1125 editi,
1013 1052 1136 1137 capii.
1159 1075 1231 1138 pag.
1249 1071 1321 1138 231.
1365 1051 1429 1117 Sed
1452 1054 1580 1119 Paulus

526 1158 670 1222 Verbum
686 1157 748 1221 Dei
763 1158 815 1220 οὐκ
830 1158 968 1220 ἐνούσιον
982 1154 1210 1230 oleumcum,
1226 1157 1281 1220 sed
1302 1157 1488 1238 προφορικὸν
1500 1180 1579 1242 pro·

526 1261 653 1325 &sticum
674 1267 801 1324 tantum
824 1281 892 1323 esse
914 1260 1097 1337 statuebat3
1123 1257 1156 1320 in
1179 1280 1242 1343 qua
1263 1259 1390 1343 quidem
1413 1281 1448 1323 re
1470 1261 1514 1323 ab
1536 1283 1578 1324 eo

525 1361 709 1426 dissensisse
728 1360 913 1425 Nestorium
932 1360 1031 1425 tradit
1051 1360 1167 1424 saeculo
1187 1360 1299 1445 quinto
1319 1361 1430 1425 adulto
1445 1360 1577 1426 Marius

526 1463 691 1528 Mercator
711 1464 743 1527 in
763 1462 903 1547 Epistola
923 1465 972 1526 Dc
989 1462 1179 1526 Durrimiac
1196 1462 1278 1526 ictor
1291 1462 1418 1527 taerccia
1433 1465 1577 1528 Nestorii

525 1570 581 1630 &a
601 1588 673 1651 pag.
689 1581 742 1649 50.
765 1565 814 1628 ed.
836 1564 943 1628 Baluz.
960 1564 1070 1628 itidem
1092 1564 1124 1627 in
1146 1564 1283 1627 Nestorii
1304 1564 1575 1649 Blccptomt'aram

527 1667 679 1753 Capitalis
693 1690 722 1751 p.
743 1670 812 1749 165.
842 1665 959 1730 Confer
978 1673 1012 1730 et
1033 1667 1201 1730 Leontium
1220 1667 1298 1750 Byr.
1313 1667 1364 1731 De
1384 1667 1480 1731 Sectr'c
1494 1671 1573 1733 Act.

524 1769 568 1834 iii.
582 1775 607 1850 §.
622 1788 653 1852 3.
699 1767 794 1831 Nunc
814 1767 940 1831 demum
962 1767 1100 1852 adjicere
1119 1767 1197 1830 mihi
1216 1766 1305 1833 licuit
1322 1768 1372 1833 his
1390 1768 1484 1833 Pauli
1499 1792 1572 1836 scu-

524 1871 634 1935 tentiis
659 1869 796 1955 quinque
821 1877 979 1953 praeterca
1003 1870 1083 1933 alias
1108 1892 1148 1934 ex
1177 1871 1380 1934 Sermonibus
1405 1872 1474 1956 ejus
1497 1873 1574 1954 πρὸς

525 1974 659 2051 Σάβινον
678 1973 719 2036 ab
739 1979 870 2036 auctore
890 1972 994 2055 operis
1014 1972 1046 2035 in
1067 1972 1265 2036 bibliothecis
1285 1973 1339 2036 diu
1358 1974 1473 2051 abditi,
1491 1977 1573 2039 Doc-

524 2078 615 2140 trina
625 2078 761 2138 Parnm
773 2075 810 2138 dc
829 2073 919 2139 Verbi
930 2077 1155 2148 [camarina.
1167 2075 1240 2138 olim
1252 2075 1445 2162 desumptas.
1472 2077 1574 2162 Cujus

525 2177 651 2263 quidem
675 2176 747 2240 libri
771 2176 946 2240 Anastasio
970 2177 1121 2240 attributi
1145 2185 1254 2260 partes
1277 2177 1444 2241 nonnullas
1469 2201 1573 2263 nuper

524 2279 624 2342 edidit
640 2278 687 2340 vir
703 2300 724 2341 a
738 2298 788 2340 me
808 2277 902 2340 modo
921 2291 1195 2355 commemoratus,
1211 2278 1251 2341 dc
1270 2276 1430 2361 republica
1447 2278 1572 2343 littera-

524 2401 594 2442 rum
606 2379 713 2442 multis
730 2378 908 2441 nominibus
919 2378 1038 2463 optime
1050 2379 1190 2454 meritus,
1203 2378 1346 2462 Angelus
1359 2378 1571 2453 Mains‚nu11c

525 2480 711 2556 Cardinalis,
720 2480 752 2542 in
768 2479 910 2564 Septimo
922 2482 1020 2544 Νοοιο
1033 2479 1218 2544 Oclhctionis
1230 2503 1293 2543 auec
1311 2482 1335 2542 V
1332 2491 1368 2544 ct.
1380 2482 1572 2566 Scriptorum

526 2582 703 2659 Volumine,
724 2604 755 2666 p.
774 2599 887 2668 1—73.
935 2584 1065 2645 Interea
1086 2583 1126 2644 de
1146 2582 1239 2645 Pauli
1261 2581 1341 2646 libro
1363 2604 1460 2667 supra
1483 2584 1571 2648 dicto

524 2685 570 2748 ita
584 2684 698 2747 scribit
713 2682 828 2747 Gavius
842 2684 873 2745 in
889 2685 972 2748 Hiar.
989 2684 1052 2747 Lit.
1071 2685 1166 2747 Tem.
1181 2686 1208 2747 1.
1223 2705 1273 2768 p.r
1278 2705 1332 2769 35.
1379 2685 1567 2770 “Superest

525 2796 547 2825 ‘⁶
565 2787 794 2870 Fragmentum
804 2787 859 2849 Gr.
869 2787 942 2849 MS.
956 2789 988 2848 ἐκ
1001 2793 1058 2849 τῶν
1069 2786 1141 2865 πρὸς
1153 2789 1323 2865 Σαβειανὸν
1334 2790 1436 2869 λόγων
1448 2788 1569 2871 (Pauli)

524 2897 546 2924 “
562 2888 593 2949 in
609 2886 793 2950 collectione
809 2889 947 2970 quadam
962 2889 1227 2964 testimoniorum,
1243 2912 1312 2973 cap.
1324 2895 1375 2974 36.
1392 2914 1488 2974 quam
1505 2891 1570 2955 Da·

403 3063 407 3069 ὴ
526 2997 545 3022 “
560 3010 706 3050 nrasceno
728 2988 875 3052 tribuunt
899 2989 1050 3065 nonnulli,
1074 3012 1206 3074 quaeque
1230 2990 1261 3053 in
1286 2992 1478 3056 bibliotheca
1500 2994 1571 3059 001-

525 3097 545 3126 “
562 3089 635 3174 legii
664 3090 902 3154 (llaromontani
933 3092 1109 3175 reponitur,
1137 3092 1184 3156 uti
1214 3116 1272 3156 nos
1301 3094 1394 3158 docet
1422 3095 1572 3160 Labbcus

526 3200 544 3226 “
560 3192 726 3275 Conspect.
743 3191 945 3268 Damasceni,
962 3217 992 3278 p.
1009 3194 1082 3279 533⁴
1105 3193 1185 3258 Haec
1203 3194 1326 3259 Gavius.
1373 3197 1413 3258 In
1431 3198 1572 3262 editione

524 3301 632 3357 tamen
662 3295 826 3358 Sacrorum
851 3295 1082 3360 Pcrallelorum
1111 3318 1175 3360 una
1203 3320 1274 3360 cum
1299 3297 1427 3382 Eclogis
1452 3300 1572 3364 codicis

524 3396 760 3461 Olaromontani
781 3397 979 3481 aLequienc
1001 3399 1158 3462 adornata
1180 3399 1264 3463 haud
1287 3407 1378 3464 extat
1397 3401 1457 3465 hoc
1477 3403 1570 3466 Pauli

523 3506 717 3583 excerptum.
748 3499 864 3564 Confer
885 3508 918 3565 et
939 3501 1076 3564 Fabricii
1095 3499 1241 3564 Biltlorl.
1263 3503 1360 3564 (ἕσσο.
1380 3500 1434 3565 lib.
1450 3525 1480 3565 v.
1497 3526 1569 3588 cap.

523 3619 577 3683 30.
593 3601 652 3663 rol.
666 3601 710 3662 ix.
727 3624 799 3685 pag.
816 3619 999 3687 ριν-733.
1015 3603 1090 3666 edit.
1108 3625 1207 3666 novac.
1242 3603 1279 3665 In
1295 3605 1446 3668 Doctrina
1460 3615 1571 3670 autem

524 3702 660 3762 Patrem
674 3722 694 3763 a
709 3701 799 3763 Maio
814 3703 902 3765 edita
916 3702 1065 3786 praefixus
1083 3713 1131 3768 est
1147 3704 1197 3767 liic
1213 3705 1325 3768 titulus
1340 3727 1411 3789 pag.
1427 3708 1479 3769 68.
1501 3729 1571 3770 sen-

525 3800 634 3863 tentiis
658 3801 749 3863 Pauli
772 3801 968 3886 aliorumque
990 3805 1229 3881 haereticorum
1255 3807 1377 3888 χρήσεις
1398 3813 1572 3892 θεοστογῶν

525 3904 686 3981 οἱρετικῶν,
708 3905 750 3964 ὧν
772 3906 939 3985 ὁμοφρόνες
962 3908 1039 3969 εἰσὶν
1059 3911 1088 3971 cl
1107 3911 1178 3986 μίαν
1199 3908 1353 3989 ἐνέργειαν
1373 3910 1421 3973 καὶ
1444 3912 1573 3991 θέλησιν

456 3998 464 4005 ’
524 4005 741 4084 ὁμολογοῦντες
765 4007 813 4069 ἐπὶ
835 4013 966 4086 Χριστοῦ
989 4015 1041 4071 τοῦ
1063 4016 1154 4074 Θεοῦ.
1194 4012 1267 4075 Scil.
1291 4012 1431 4078 lraerctici
1457 4017 1573 4079 Mono-

525 4104 646 4168 thelitae
666 4106 803 4190 oppositi
829 4108 1037 4174 Nestorianis.
1080 4113 1160 4175 Tum
1183 4124 1257 4198 post
1279 4115 1343 4179 tria
1364 4116 1496 4180 Ebionis
1516 4140 1571 4181 ex·

525 4218 635 4292 cerpta
651 4219 828 4293 sequuntur
843 4211 935 4274 Pauli
951 4212 1058 4276 istaec:
