3700 5667
523 676 590 737 ΑΙ)
613 676 889 739 DIONYSIUM
915 676 1175 742 ROMANUM.
1308 680 1373 746 39ss

331 845 358 906 εί
377 843 401 905 δ’
420 843 481 920 οὑν,
499 844 571 907 αὑτά
594 870 643 907 σοι
665 844 702 908 τά
723 871 790 910 τοτε
811 845 937 926 ῥήματα,
954 851 1074 924 μᾶλλον
1096 849 1129 911 δέ
1150 848 1197 910 καὶ
1218 847 1316 926 πάσης
1335 848 1373 911 ἂν

330 952 452 1033 ἔπεμψα
474 952 508 1015 τὸ
531 953 725 1033 ἀντίγραφον·
754 955 826 1034 ὅπερ
848 952 886 1017 ἂν
909 953 1072 1035 εὑπορῆσω,
1096 954 1220 1033 ποιήσω.
1250 955 1317 1018 οἶδα
1339 958 1372 1019 δέ

330 1063 377 1123 καὶ
398 1062 556 1141 μέμνημαι,
571 1066 698 1126 πλείονα
716 1064 858 1145 προσθεὶς
878 1071 937 1127 τῶν
953 1070 1107 1146 συγγενῶν
1123 1066 1300 1144 ὁμοιώματα·
1325 1065 1374 1128 καὶ

329 1174 388 1250 γὰρ
412 1173 460 1233 καὶ
484 1172 579 1251 φυτὸν
603 1172 687 1236 εἶπον
712 1173 771 1235 ἀπὸ
797 1172 977 1253 σπέρματος,
999 1170 1016 1251 ἢ
1040 1172 1099 1236 ἀπὸ
1125 1175 1203 1254 ῥίζης
1230 1173 1371 1247 ἀνελθὸν,

330 1281 433 1362 ἐτερον
450 1281 526 1344 εἶναι
545 1284 598 1344 τοὺ
614 1283 686 1345 ὅθεν
706 1281 889 1360 ἐβλάστησε,
907 1283 956 1344 καὶ
974 1283 1091 1348 πάντως
1106 1282 1207 1365 ἐκείνῳ
1230 1280 1373 1360 καθέστη-

331 1415 382 1453 κεν
404 1391 543 1472 ὁμοφυές·
571 1391 619 1453 καὶ
641 1391 776 1469 ποταμὸν
796 1389 897 1475 (εἶπον
917 1396 1036 1454 additur
1056 1398 1085 1453 in
1108 1408 1210 1455 catena
1230 1398 1369 1473 quadam)

330 1500 389 1563 ἀπὸ
408 1504 503 1581 πηγῆς
520 1500 639 1580 ῥέοντα,
656 1501 758 1579 ἕτερον
772 1503 875 1581 σχῆμα
890 1501 938 1562 καὶ
954 1502 1049 1579 ὄνομα
1063 1500 1285 1578 μετειληφέναι,
1300 1499 1373 1580 μήτε

330 1610 388 1690 γὰρ
410 1608 464 1687 τὴν
485 1608 585 1689 πηγὴν
606 1608 751 1688 ποταμὸν,
771 1608 844 1688 μήτε
867 1607 920 1670 τὸν
942 1608 1075 1686 ποταμὸν
1097 1608 1195 1688 πηγὴν
1216 1609 1374 1688 λέγεσθαι,

331 1716 378 1779 καὶ
394 1718 547 1798 ἀμφότερα
561 1716 718 1799 ὑπάρχειν,
736 1717 783 1780 καὶ
797 1717 851 1794 τὴν
864 1719 921 1795 μέν
934 1717 1032 1797 πηγὴν
1047 1719 1139 1780 οἱονεὶ
1156 1719 1270 1797 πατέρα
1285 1717 1373 1791 εἶναι,

330 1825 383 1887 τὸν
402 1827 435 1887 δέ
454 1826 589 1905 ποταμὸν
609 1827 684 1890 εἶναι
703 1826 749 1897 (τὺ
768 1832 879 1890 addin
899 1831 999 1890 endem
1019 1828 1185 1902 catenulis
1207 1831 1258 1905 τῆς
1280 1832 1375 1909 πηγῆς

329 1936 414 2014 ὕδωρ.
438 1936 519 1997 ἀλλὰ
536 1939 628 1997 ταῦτα
646 1937 702 2012 μέν
723 1935 770 1997 καὶ
788 1937 825 1997 τὰ
843 1938 963 1996 τοιαῦτα
983 1936 1055 2012 μηδὲ
1076 1936 1150 2018 ripis
1169 1936 1373 2016 γεγραμμένα,

330 2042 399 2106 ἀλλ’
424 2046 515 2107 οἱονεὶ
540 2046 723 2125 τυφλώττειν
746 2046 964 2124 ὑποκρίνονται·
991 2049 1052 2109 τοῖς
1076 2047 1109 2106 δέ
1135 2046 1202 2107 δυσὶ
1225 2047 1375 2126 ῥηματίοις

330 2154 512 2231 ἆσυνθέτοις,
529 2154 660 2234 καθάπερ
681 2155 787 2230 λίθοις,
802 2157 951 2234 μακρόθεν
972 2156 1159 2235 ἐπιχειροῦσί
1174 2180 1212 2233 με
1232 2155 1373 2233 βάλλειν·

330 2265 507 2345 ἀγνοοῦντες
522 2265 560 2330 ὡς
574 2270 632 2326 τῶν
647 2262 865 2345 ἀγνοουμένων,
880 2264 928 2327 καὶ
943 2268 1140 2345 προσαγωγῆς
1155 2267 1198 2330 είς
1212 2266 1374 2345 ἐπίγνωσιν

330 2373 488 2452 δεομένων,
505 2373 539 2435 οὑ
554 2375 647 2452 μόνον
662 2373 774 2436 ἆλλοῖα
787 2372 944 2448 πολλάκις,
961 2375 1042 2435 ἀλλὰ
1062 2374 1110 2436 καὶ
1129 2376 1291 2437 ὑπεναντία
1311 2400 1374 2437 τεκ-

329 2481 419 2562 μήρια
434 2485 547 2563 γίνεται
561 2489 619 2544 τῶν
636 2480 866 2562 ἐπιζητουμένων
881 2485 1051 2561 δηλώματα.
1098 2491 1171 2548 Haec
1188 2490 1373 2549 adducuntur

330 2613 347 2649 ιι
369 2593 402 2649 S.
419 2593 578 2650 Athanasio
599 2593 627 2649 in
653 2592 708 2670 Ep.
729 2593 764 2648 de
784 2592 931 2650 Sententia
954 2594 1094 2671 Dionysii,
1115 2615 1193 2650 num.
1210 2595 1289 2651 xviii.
1307 2615 1373 2673 pag.

331 2698 400 2755 255.

331 2947 402 2993 tunc
429 2934 528 3012 scripsi
558 2933 653 2997 verbo,
681 2934 770 2990 immo
797 2944 827 2990 et
877 2945 936 2991 tem
968 2933 1117 3012 appellari,
1145 2934 1195 2993 scd
1225 2936 1285 2994 hnc
1316 2935 1375 2994 duo

330 3014 459 3092 epistolar
478 3014 570 3072 totius
587 3012 752 3091 exemplum
773 3013 826 3069 mi·
877 3034 940 3072 esse
950 3037 958 3083 ;
980 3034 1013 3072 sc
1029 3015 1138 3072 iontem
1157 3015 1274 3092 quidem
1292 3017 1374 3093 qussi

331 3096 441 3157 sissem,
467 3094 639 3168 mittamque
662 3093 686 3150 si
711 3093 828 3168 quando
877 3105 988 3171 patrem
1004 3114 1076 3159 esse,
1094 3093 1214 3151 fluvium
1231 3116 1298 3153 vero
1315 3116 1376 3154 esse

331 3174 401 3231 mihi
417 3175 480 3250 ejus
494 3175 577 3251 eopia
590 3172 690 3230 fuerit.
719 3172 826 3229 Memi·
878 3193 980 3249 aquam
1001 3194 1037 3231 ex
1055 3174 1145 3232 fonte.
1189 3174 1298 3233 Verum
1315 3176 1376 3234 lraec

332 3255 361 3310 ni
376 3275 462 3332 porro
478 3253 616 3331 plurimas
632 3272 668 3311 ex
684 3252 770 3311 rebus
784 3253 828 3308 in·
878 3253 995 3330 quidem
1011 3264 1042 3310 et
1056 3253 1170 3319 similia,
1185 3274 1250 3330 quae
1269 3256 1375 3333 scripta

331 3344 377 3390 ter
403 3356 434 3391 se
462 3333 592 3408 cognatis
623 3331 828 3391 similitudines
879 3343 958 3396 sunt,
974 3352 1004 3389 se
1025 3353 1082 3389 non
1103 3333 1200 3390 videre
1219 3335 1300 3408 quasi
1321 3355 1376 3392 cn.

332 3413 478 3489 adjecisse.
495 3412 614 3469 Etenim
624 3412 828 3490 plantam,sive
879 3411 1024 3469 cutientes
1038 3411 1240 3469 dissimulant:
1263 3413 1376 3472 duobus

332 3512 367 3550 ex
386 3493 495 3550 semine
514 3491 575 3549 sive
595 3511 631 3549 ex
647 3491 742 3549 radice
764 3512 825 3548 suc·
879 3502 977 3548 nutem
1017 3489 1128 3548 voculis
1169 3492 1376 3570 incompositis,

333 3583 517 3636 crescentem,
533 3570 618 3628 aliam
638 3592 699 3629 esse
717 3571 775 3628 dixi
793 3572 829 3628 ab
879 3571 961 3647 qussi
976 3569 1129 3648 lapidibus,
1142 3571 1255 3628 eminus
1269 3593 1315 3629 mc
1326 3593 1373 3630 co·

333 3673 368 3709 eo
404 3651 482 3710 unde
516 3650 680 3729 pullulavit.
713 3652 828 3709 tametsi
879 3661 986 3707 nentur
1007 3650 1166 3727 impetere:
1193 3671 1251 3707 non
1274 3652 1374 3709 adrer-

333 3732 461 3801 ciusdem
490 3730 608 3787 omnino
635 3731 673 3788 sit
698 3741 826 3789 natum:
879 3741 975 3788 tentes
996 3730 1082 3787 rebus
1103 3730 1243 3807 ignoratis
1263 3744 1293 3789 ct
1312 3752 1376 3809 qum

332 3812 464 3870 similiter
476 3823 505 3870 et
517 3809 637 3867 fluvium
649 3832 665 3868 o
675 3812 757 3868 fonte
768 3832 826 3869 mn·
879 3822 912 3867 ut
926 3809 1126 3886 intelligantur
1138 3811 1378 3888 interpretatione

333 3904 449 3949 nantem
471 3891 554 3949 sliom
576 3891 696 3947 formmn
720 3910 753 3948 oc
776 3912 828 3948 no.
879 3889 1021 3966 indigent,
1034 3889 1205 3967 plerumque
1221 3911 1279 3948 non
1290 3891 1376 3949 modo

332 3991 397 4029 men
412 3972 551 4051 accipere,
562 3990 656 4046 neque
670 3970 746 4027 eninr
762 3972 827 4028 ton.
878 3971 982 4034 aliens,
997 3969 1047 4027 sed
1066 3983 1097 4027 et
1114 3972 1258 4028 contrario
1278 3992 1376 4030 exem·

332 4063 390 4109 tem
411 4050 541 4120 fluvium,
557 4062 608 4107 aut
626 4049 746 4107 durium
761 4051 826 4108 ton·
878 4051 925 4129 pla
941 4050 1034 4108 lucem
1049 4050 1160 4107 afferre.

373 4734 438 4773 VOL.
456 4736 499 4775 ΙΙΙ,
