3700 5667
487 659 552 728 164
823 658 888 721 AN
892 656 1200 721 ΝΟΤΑΤΙΟΝΕὸ

488 826 637 911 Cypriani
660 848 699 890 ex
722 824 856 910 epistola
878 824 929 889 lvi.
954 846 1026 909 pag.
1052 843 1103 909 91.
1128 822 1160 886 in
1182 844 1246 908 qua
1269 828 1336 885 tres
1358 822 1448 907 pueri
1471 844 1535 885 non

487 928 637 995 dicuntur
656 927 748 991 annis
769 926 872 1001 fracti,
894 926 950 988 sed
972 933 1071 991 aetate
1094 924 1210 1000 territi,
1233 932 1267 988 et
1285 923 1377 990 minis
1396 924 1479 1009 regis
1501 933 1535 990 et

487 1029 622 1093 flammis
645 1030 793 1093 fortiores
814 1027 969 1091 extitisse.
1004 1028 1120 1111 Itaque
1140 1027 1254 1092 retinui
1278 1048 1349 1090 cam
1368 1027 1535 1091 lectionem

487 1152 583 1217 quam
597 1139 677 1216 puto
692 1152 761 1193 esse
775 1129 946 1193 meliorem.
992 1127 1197 1200 Commodius
1216 1143 1322 1192 autom
1337 1129 1535 1213 erectiusque

487 1232 599 1303 dehac
614 1253 686 1299 mee
700 1230 922 1295 emendatione
937 1230 1133 1295 existimabit
1144 1229 1360 1315 judiciumque
1375 1230 1470 1294 faciet
1482 1230 1535 1314 qui

488 1335 592 1399 varias
606 1335 686 1399 istas
700 1333 851 1398 lectiones
866 1333 933 1396 sine
945 1332 1008 1396 ullo
1019 1331 1201 1416 praejudicio
1213 1331 1450 1396 examinaverit.
1480 1331 1536 1394 Ita

486 1438 571 1503 enirn
593 1458 644 1500 me
664 1435 815 1499 sincerius
836 1433 1092 1518 exploratiusque
1107 1434 1156 1497 vel
1176 1434 1334 1518 omnigene
1354 1433 1473 1517 poterit
1487 1432 1534 1496 vel

487 1542 633 1626 probare.
678 1538 778 1602 Recte
800 1544 907 1600 autem
930 1537 1011 1600 dixit
1027 1536 1203 1620 Cyprianus
1216 1558 1327 1620 pucros
1341 1536 1536 1601 peccaminis

486 1665 539 1708 aec
556 1642 649 1705 micio
661 1642 791 1724 fractos.
838 1638 920 1702 Nam
940 1639 1050 1703 Cicero
1072 1639 1106 1701 in
1127 1638 1208 1706 libro
1232 1639 1334 1722 primo
1353 1637 1535 1703 Officiorum

487 1745 570 1809 dixit
591 1742 694 1827 frangi
717 1749 816 1816 metu,
838 1748 872 1805 et
895 1740 1020 1815 Statius
1042 1740 1083 1803 ix.
1101 1740 1282 1804 Thebaidos
1305 1741 1399 1803 minis
1420 1740 1534 1825 frangi.

489 1847 573 1912 Sunt
603 1845 699 1909 etiam
730 1843 794 1907 alia
822 1843 977 1927 exempla.
1010 1842 1179 1906 anuzms.
1237 1845 1323 1907 Ante
1348 1843 1535 1919 Pamelium‚

490 1950 648 2014 referente
678 1945 821 2009 Pamelio
847 1944 930 2029 ipso,
960 1945 1071 2009 extitit
1099 1944 1175 2007 illud
1205 1965 1257 2008 nec
1285 1946 1376 2009 ann-is
1408 1946 1440 2008 in
1473 1945 1537 2008 att.

488 2053 567 2116 tione
586 2049 730 2114 Munatii
742 2074 752 2120 ,·
785 2048 882 2109 immo
905 2047 937 2109 in
961 2045 1110 2131 Cypriani
1134 2047 1310 2110 veterrimis
1334 2047 1535 2111 editionibus.

491 2152 607 2235 Neque
621 2151 653 2215 in
669 2149 858 2215 lectionibus
871 2148 967 2212 variis
981 2148 1053 2211 colit.
1072 2149 1165 2211 Oeen.
1181 2148 1246 2212 ulla
1267 2157 1463 2218 memoratur
1476 2150 1537 2213 lec·

488 2254 586 2319 tionis
608 2252 755 2320 varietas.
800 2249 930 2315 Baluzio
949 2257 1058 2314 tamon
1078 2250 1164 2313 istud
1184 2272 1237 2314 ecc
1256 2251 1385 2315 minicia
1404 2251 1535 2315 editioni

488 2378 554 2421 suae
568 2353 746 2437 reponenti,
761 2373 831 2435 quae
847 2351 973 2435 quidem
988 2374 1049 2425 vox
1064 2352 1201 2415 caminus
1215 2352 1247 2420 iu
1265 2353 1407 2417 Oratione
1422 2354 1534 2416 Puero-

490 2477 562 2521 rum
581 2454 624 2517 ad
646 2474 752 2538 regem
771 2452 858 2537 apud
877 2452 1043 2517 Danielem
1063 2453 1230 2530 invenitur,
1252 2454 1386 2517 forsitan
1408 2475 1537 2517 eonsen-

489 2557 614 2631 sissem,
636 2553 696 2617 uisi
722 2554 889 2618 obstarent
915 2576 968 2618 res
995 2555 1078 2631 duae,
1098 2556 1202 2640 prima
1224 2557 1302 2620 ordo
1326 2563 1540 2642 praeposterus

490 2658 668 2735 verborum,
684 2644 736 2720 aar
757 2657 886 2720 ceruleis
904 2679 956 2721 aec
972 2658 1065 2721 mine
1078 2659 1207 2742 sractoa
1223 2658 1337 2722 deinde
1352 2660 1449 2723 verba
1467 2659 1538 2742 ipsa

490 2760 652 2846 Cypriani,
673 2781 744 2842 quae
768 2781 789 2823 a
812 2759 879 2822 viro
903 2759 941 2823 cl.
964 2760 1104 2825 adducta
1128 2768 1214 2838 eunt,
1238 2761 1399 2825 Incitantur
1414 2783 1537 2846 pucros,

488 2861 839 2935 Acacium,Azeri1mt‚
857 2870 885 2923 ct
903 2861 1163 2946 Astacidaeque
1180 2884 1234 2926 aec
1252 2872 1338 2925 catate
1356 2864 1469 2939 territi,
1484 2885 1539 2926 aec

489 2963 666 3049 captivitate
681 2962 793 3046 fracti,
816 2962 932 3026 Μῶα
955 2963 1074 3026 Meta
1096 2973 1123 3027 a
1144 2965 1362 3047 Hierosolymis
1383 2967 1479 3050 captae
1503 2967 1539 3028 in

489 3067 556 3151 ipro
574 3085 664 3148 repleo
685 3085 849 3149 cecropem
862 3064 943 3146 fidei
962 3064 1074 3129 cineta
1094 3067 1241 3143 vicerunt,
1257 3077 1285 3130 et
1304 3068 1396 3130 minis
1415 3069 1493 3153 repit
1512 3078 1539 3132 et

481 3166 619 3252 flammis
632 3166 780 3249 fortiores
799 3168 970 3231 aedituum.
1016 3168 1063 3231 Et
1082 3167 1158 3232 alibi
1178 3190 1314 3253 quoque,
1329 3170 1355 3232 si
1376 3171 1455 3234 beno
1473 3193 1538 3234 me-

491 3269 579 3344 mini,
593 3268 678 3353 apud
694 3266 886 3351 Cyprianum
902 3288 941 3329 ex
956 3273 1068 3331 tenera
1082 3267 1196 3331 horum
1210 3269 1423 3333 consessorum
1440 3276 1540 3335 aetate

491 3371 729 3435 hortamentum
752 3369 881 3432 ducitur
901 3369 943 3432 ad
964 3368 1192 3433 fortitudinem.
1240 3370 1356 3455 Itaque
1371 3371 1539 3436 lectionem

492 3473 581 3558 prius
601 3478 763 3556 receptam
781 3493 836 3534 ecc
850 3472 952 3547 anem,
967 3470 997 3539 h.
1013 3493 1041 3534 e.
1057 3470 1248 3554 juvenilibus
1267 3473 1370 3549 annis,
1384 3474 1537 3546 revocavi,

490 3597 586 3660 quam
609 3574 737 3660 quidem
759 3573 928 3637 lectionem
954 3572 1046 3636 nixus
1068 3572 1132 3636 fide
1155 3573 1249 3640 unius
1270 3582 1397 3645 tantum
1421 3577 1538 3641 codicis

492 3700 563 3742 cum
581 3677 685 3740 altera
699 3698 754 3738 uec
769 3676 897 3738 caminia
913 3674 1061 3738 Baluzius
1075 3683 1267 3739 mutaverat.

536 3779 573 3842 P.
593 3798 662 3858 107.
679 3776 699 3838 l.
720 3796 768 3859 ¹9·
784 3777 843 3840 etsi
859 3777 957 3860 aliqui
977 3778 1018 3839 de
1037 3777 1164 3863 collegis
1179 3778 1296 3841 nostris
1315 3779 1386 3861 dvc]
1404 3779 1539 3864 Stepha-

492 3903 552 3944 nus
576 3878 687 3962 suique
708 3877 770 3941 hoc
792 3900 916 3962 quoque
940 3879 1009 3941 loeo
1030 3879 1264 3964 vituperantur,
1287 3881 1341 3965 qui
1361 3882 1484 3945 misceri
1505 3904 1540 3945 so

491 4001 564 4045 curn
579 3979 799 4064 peecatoribus
814 3980 1036 4064 poenitentiam
1057 4003 1120 4045 non
1140 3983 1309 4067 agentibus
1328 3983 1438 4048 illicita
1452 4006 1536 4047 com-

491 4081 706 4146 municatione
721 4081 806 4165 passi
822 4080 897 4145 sint.

537 4182 621 4247 Ibid.
639 4182 659 4247 l.
680 4203 733 4267 31.
755 4203 815 4246 reon
839 4181 1059 4268 intellexerunt]
1086 4183 1253 4248 consentit
1278 4183 1455 4269 Cyprianus
1481 4184 1538 4247 lec-

491 4284 571 4348 tioni
586 4283 712 4347 illorum
726 4283 870 4348 codicum
886 4284 940 4367 qni
955 4285 1075 4349 habent
1092 4285 1143 4348 οὐκ
1164 4287 1313 4363 ἐνόησανς
1339 4292 1372 4348 et
1394 4284 1542 4368 deinceps

492 4383 522 4446 cl
542 4384 616 4446 αὐτὰ
635 4390 764 4462 ποιοῦσι,
781 4394 814 4448 et
832 4385 861 4447 ot
883 4391 1103 4450 συνευδοκοῦσι.
1128 4385 1257 4447 Faunus.
1305 4384 1355 4447 Ea
1377 4405 1447 4466 quae
1469 4383 1541 4446 istic

494 4483 655 4547 Pamelius
680 4485 728 4548 ait
750 4506 813 4549 non
836 4485 966 4571 reperiri
989 4486 1022 4548 in
1044 4485 1202 4550 veteribus
1223 4484 1446 4569 manuscriptis
1468 4485 1541 4564 (troc

494 4584 887 4670 intelleverunt—diecti)
904 4609 963 4673 ogo
983 4588 1086 4670 reperi
1106 4588 1138 4651 in
1159 4586 1347 4671 quindecim.
1371 4586 1540 4649 thuzrus.
