3700 5667
487 655 552 722 156
830 660 1182 726 ANNOTATIONES

480 828 664 912 saltantem
684 827 775 892 turia
788 829 940 894 lominum
951 833 1023 914 sere
1042 841 1157 896 eentum
1178 833 1315 917 vipinti.)
1360 835 1471 899 Antea
1490 834 1534 899 ibi

488 930 641 1015 seriptum
655 939 726 995 erat
741 930 831 997 turha
845 934 879 996 ιἰι
893 954 953 999 meo
967 935 1015 998 vel
1030 935 1064 998 ia
1078 956 1182 1000 ιοιιιοι.
1218 935 1285 999 Noe
1300 936 1534 1002 emendavimus

488 1039 522 1097 et
551 1032 762 1118 supplevimus
790 1056 830 1097 ax
859 1033 922 1099 fide
951 1047 1090 1121 quatuor
1117 1045 1260 1101 veterum
1296 1037 1533 1122 exemplarium.

489 1134 589 1198 Reate
603 1157 688 1199 sane.
734 1135 818 1199 Nam
833 1135 866 1199 in
881 1136 1018 1202 Aetibns
1033 1138 1273 1224 Apostolorum,
1287 1140 1371 1204 unde
1385 1149 1535 1225 aoeeptus

489 1244 540 1300 ost
553 1235 605 1299 hio
627 1235 723 1312 loeus,
739 1235 855 1320 legitur
865 1238 936 1320 fere
951 1248 1066 1303 amum
1085 1238 1206 1323 oipiati.
1229 1238 1397 1302 Banuzrne.
1421 1239 1474 1303 Sio
1488 1239 1536 1303 vir

488 1339 527 1403 ol.
554 1338 659 1419 Quum
673 1360 746 1403 vero
761 1340 828 1403 haeo
843 1340 938 1405 leetio
952 1364 993 1406 ex
1013 1341 1144 1426 Vulpem
1157 1342 1266 1426 iederp.
1283 1341 1443 1426 Cypriane
1462 1357 1535 1427 post

489 1439 624 1503 adventa
638 1460 706 1502 esse
720 1439 798 1501 mihi
814 1439 985 1516 videretur,
1001 1450 1098 1526 prout
1109 1443 1177 1526 ipse
1191 1464 1317 1526 quoqne
1333 1442 1481 1507 Balunius
1495 1443 1535 1505 de

490 1540 553 1605 alio
572 1538 639 1605 loeo
660 1541 809 1625 Cypriani
824 1564 845 1605 a
859 1542 997 1607 librariis
1013 1551 1145 1609 mutato
1166 1567 1239 1630 pag.
1256 1562 1307 1629 79.
1324 1545 1533 1629 judicaverat,

490 1649 631 1707 veterem
662 1642 829 1707 lectionem
860 1667 955 1728 quam
981 1647 1111 1711 firmant
1136 1647 1260 1712 oodiees
1285 1646 1386 1711 nostri
1416 1667 1535 1721 omnes,

492 1742 536 1807 nil
557 1751 666 1809 autem
685 1745 940 1810 Memoriana
959 1755 1033 1831 post
1047 1770 1155 1812 vooem
1175 1747 1265 1814 lurda
1282 1749 1430 1824 habente,
1445 1767 1533 1812 revo-

490 1847 626 1910 eandam
640 1869 710 1912 ease
724 1847 841 1912 eensui.
885 1849 1005 1913 Confer
1018 1857 1053 1915 et
1067 1858 1177 1915 notam
1188 1850 1330 1935 proxime
1341 1857 1535 1936 sequentem.

534 1948 572 2009 P.
587 1968 657 2029 104.
673 1949 693 2013 l.
707 1950 757 2012 18.
773 1958 866 2014 toturn
873 1949 1005 2035 plebem]
1023 1954 1100 2017 Aet.
1113 1951 1153 2016 vi.
1165 1972 1194 2016 2.
1211 1951 1492 2033 προσκαλεσάμενοι
1504 1954 1536 2014 δὲ

492 2052 521 2114 al
541 2052 655 2115 odorra
677 2051 711 2114 τὸ
730 2055 844 2129 πλῆθος
861 2059 920 2117 τῶν
939 2058 1086 2132 μαθητῶν.
1109 2061 1142 2118 et
1157 2055 1188 2117 6.
1205 2055 1332 2119 ἑνόπιον
1353 2056 1465 2121 παντὸς
1486 2059 1538 2117 τοῦ

489 2151 632 2232 πλήθους.
683 2151 841 2217 Paoianus
873 2154 1023 2237 Epistola
1051 2177 1097 2219 ιιι.
1128 2158 1213 2239 avita
1234 2165 1342 2241 poetes
1369 2157 1405 2220 ia
1432 2178 1535 2220 ιιιιιιιιι.

492 2254 662 2319 ansnrms
675 2275 697 2317 a
713 2252 802 2317 Fello
819 2253 946 2318 allatus.
995 2257 1067 2320 Duo
1085 2254 1157 2320 libri
1177 2265 1416 2333 tolomaidam
1438 2257 1538 2322 nuilei-

490 2355 636 2421 tudam.
669 2355 838 2419 Bannzms.
891 2357 1019 2442 Valyata
1040 2358 1100 2423 hoo
1126 2359 1195 2422 looo
1219 2359 1328 2437 habet,
1351 2370 1539 2425 eoneocuntes

490 2467 590 2523 sutem
603 2457 758 2522 dudam
770 2459 996 2524 multitudinem
1010 2462 1237 2545 adaptamus.

552 2559 634 2623 Ibid.
650 2560 672 2624 l.
694 2562 747 2628 26.
769 2571 798 2626 at
818 2582 878 2624 ιιοιι
892 2583 955 2646 per
975 2562 1037 2647 nse]
1070 2566 1128 2628 Kal
1147 2565 1183 2628 οὐ
1204 2562 1240 2627 δι’
1262 2566 1335 2642 ἐμοῦ
1355 2564 1457 2645 ἦρξαν.
1481 2565 1536 2628 Os.

493 2661 557 2726 viii.
580 2662 750 2727 Risinrrue
768 2685 790 2728 a
811 2663 901 2728 Fello
921 2664 1048 2729 allatus.
1094 2667 1175 2731 Mox
1196 2666 1229 2730 in
1250 2666 1364 2743 verbis,
1386 2676 1413 2730 et
1433 2667 1538 2731 unim-

492 2765 633 2851 eujusque
652 2775 753 2830 adum
771 2766 809 2830 de
828 2766 892 2850 pas
908 2769 1127 2833 conversations
1141 2769 1308 2853 perspexit,
1323 2791 1381 2853 pro
1402 2790 1439 2833 aa
1459 2789 1539 2852 prm

493 2866 610 2952 positio
624 2866 661 2930 de
674 2888 696 2931 a
711 2865 871 2951 Cypriane
884 2866 991 2951 posita
1005 2873 1065 2930 est.

536 2967 575 3031 P.
595 2985 665 3050 105.
681 2967 701 3031 l.
718 2971 748 3030 6.
775 2966 954 3031 rescindere
977 2966 1222 3053 ordinationem]
1256 2967 1329 3030 Hae
1355 2966 1388 3030 in
1412 2987 1447 3029 re
1470 2964 1540 3029 Ste-

493 3069 617 3154 phanus
632 3069 693 3135 luit
707 3069 811 3133 minus
824 3068 1024 3134 exeusandus
1035 3069 1119 3152 qnod
1131 3076 1244 3134 eontra
1255 3089 1391 3135 oenones
1404 3067 1540 3152 propriae

493 3170 632 3237 ueelesiae
656 3178 801 3256 tempore
826 3171 964 3237 Cornelii
989 3170 1149 3235 stabilitos
1173 3170 1362 3255 deliquerit;
1394 3169 1448 3232 ubi
1470 3190 1541 3233 san-

494 3273 602 3351 citum,
629 3273 728 3358 depae
750 3272 796 3337 ad
814 3272 1028 3358 poeniteutiam
1057 3271 1207 3356 spondam
1229 3293 1315 3356 posse
1342 3271 1478 3347 edmdti,
1503 3267 1542 3334 ab

493 3376 683 3440 ordinatione
704 3384 806 3440 autem
827 3376 902 3439 oleri
922 3385 1012 3460 atque
1036 3373 1219 3439 sacerdotali
1243 3373 1353 3437 Ιιοιιονο
1371 3370 1541 3457 prohiberi.

494 3479 588 3557 Quod
610 3478 708 3542 etiam
730 3475 769 3542 ud
790 3477 925 3542 omuibus
945 3476 1089 3561 episeopis
1109 3476 1144 3539 ia
1164 3485 1222 3543 loto
1244 3475 1354 3539 mundo
1375 3473 1542 3539 maturis

493 3579 668 3645 decretum.
692 3580 826 3642 annus.

538 3680 619 3745 Ibid.
635 3681 656 3743 l.
673 3681 704 3743 8.
726 3680 862 3743 Romam
884 3680 1035 3765 pergens]
1064 3679 1135 3761 Quo
1155 3678 1301 3743 solebant
1327 3685 1542 3753 contumaees,

494 3788 531 3845 ut
544 3781 656 3864 proeul
669 3780 711 3843 ab
726 3780 792 3843 suis
806 3779 919 3863 quibus
934 3787 1027 3844 erant
1042 3781 1120 3856 noti,
1130 3778 1253 3845 facilius
1268 3779 1424 3856 fallerent,
1436 3779 1541 3843 lusum

497 3888 531 3945 et
545 3879 754 3963 imposturam
768 3880 920 3943 iacerent.
943 3879 1113 3943 Rronnrrns
1127 3901 1148 3943 a
1164 3880 1254 3943 Fello
1268 3879 1394 3944 allatus.

539 3981 624 4045 Ibid.
646 3981 667 4047 l.
687 4001 736 4047 ιο.
765 3979 943 4045 exambiret
972 3978 1099 4064 reponi]
1145 3980 1192 4044 Ut
1219 3981 1262 4045 ad
1291 3979 1541 4045 eommunionem

495 4083 648 4148 Romanae
671 4082 811 4147 eeclesiae
833 4081 1000 4159 admissus,
1024 4082 1065 4146 ad
1088 4105 1163 4147 suos
1183 4083 1304 4154 redum
1333 4103 1367 4145 se
1388 4082 1462 4145 illue
1482 4102 1542 4164 pro

495 4186 642 4271 episeopo
664 4185 809 4268 agnitum
828 4184 981 4269 jaetaret‚
997 4184 1161 4269 nullosque
1179 4187 1248 4270 jam
1271 4185 1338 4248 sine
1362 4183 1542 4249 sohismatis

495 4294 572 4353 nota
594 4309 686 4371 posse
708 4286 776 4370 ejus
798 4285 1051 4351 eommunionem
1075 4287 1230 4372 refugere,
1254 4286 1410 4371 siquidem
1436 4285 1543 4349 unitas

497 4387 634 4452 eoolesiae
660 4388 693 4452 id
719 4388 881 4471 poscebat,
905 4394 944 4451 ut
968 4387 1102 4472 alicujus
1131 4389 1269 4453 eeclesiae
1298 4373 1541 4450 membrum‘ab

496 4488 641 4553 omnibus
670 4497 905 4572 agnosoeretur.
934 4489 1066 4553 Firmus.
1112 4488 1260 4553 Basilidis
1285 4488 1406 4553 laetum
1430 4486 1542 4568 obrep

496 4587 626 4665 tionem,
648 4609 711 4652 non
730 4588 990 4675 appellationem,
1004 4600 1098 4655 voeat
1117 4588 1305 4675 Cyprianus,
1326 4588 1411 4672 quod
1430 4594 1542 4653 monet
