3700 5667
541 679 591 741 IN
616 682 648 741 S.
665 680 917 744 VICTORINI
945 681 1306 745 FRAGMENTUM.
1381 686 1444 750 475

400 847 578 932 nuperrime
603 849 775 914 Judaioum
804 872 918 915 nomon
945 850 977 914 in
1002 851 1088 936 logos
1112 849 1266 935 Anglioas
1295 851 1444 917 induosra

400 949 565 1015 voluerint.
620 951 681 1033 Qui
703 952 787 1017 onim
811 953 878 1017 diss
902 953 1057 1017 iuratori
1082 952 1203 1018 foedors
1227 953 1445 1019 sanotihoatus

399 1051 522 1128 colitur,
539 1052 566 1116 is
587 1054 750 1136 septimus,
767 1076 829 1119 non
851 1054 973 1139 primus
994 1061 1062 1128 θεῖς
1086 1053 1241 1138 usquein
1262 1054 1352 1119 Novo
1368 1054 1443 1119 Tos-

399 1160 543 1220 amento
566 1157 606 1219 do
629 1155 717 1220 uultu
741 1156 822 1222 alius
847 1157 909 1221 disi
936 1157 970 1220 in
995 1156 1122 1221 sabbati
1144 1155 1250 1221 looum
1277 1156 1445 1222 substituti

399 1257 570 1343 quidquam
586 1258 788 1342 praeoipitur3
808 1260 924 1323 nodum
943 1258 1030 1323 aliud
1050 1258 1220 1323 sabbatum
1235 1259 1445 1324 constitutum

398 1365 469 1432 θείς
494 1381 566 1423 oum
581 1367 672 1423 votus
686 1359 763 1423 illud
778 1359 895 1425 festum
910 1360 1090 1425 Mosaioum
1106 1368 1140 1425 at
1155 1361 1269 1426 doceat
1288 1360 1321 1425 S.
1340 1361 1445 1447 Sarip-

399 1468 481 1537 tura,
497 1469 530 1525 st
545 1461 715 1525 crediderit
729 1462 916 1546 antiquitas,
928 1470 1040 1547 typum
1055 1483 1124 1526 esso
1139 1461 1205 1526 vari
1220 1469 1318 1546 atquo
1332 1465 1444 1528 aeterni

398 1562 535 1639 sabbati,
557 1584 596 1626 ao
617 1563 769 1648 requietis
790 1564 897 1648 populi
919 1564 982 1628 Dei
1004 1563 1166 1629 laboribus
1187 1564 1332 1649 ourisquo
1354 1586 1444 1628 muu-

398 1664 490 1728 danis
511 1664 647 1739 liberati,
668 1664 726 1739 val,
747 1673 785 1731 ut
806 1666 904 1750 aliqui
926 1666 1130 1751 interpretati
1152 1674 1239 1743 sunt,
1261 1667 1444 1732 osssatiouis

397 1766 439 1829 ab
461 1767 609 1852 operibus
631 1769 754 1852 pensati
776 1776 810 1834 st
831 1767 956 1842 saeouli3
981 1769 1057 1832 dum
1079 1768 1176 1833 semel
1196 1776 1230 1833 st
1249 1768 1354 1833 obitur
1374 1776 1443 1834 tan-

397 1875 467 1931 tum
488 1871 530 1934 ab
550 1869 697 1954 apostolo
713 1870 737 1933 J
739 1892 841 1934 uanus
860 1870 928 1933 diss
946 1870 1128 1950 Dominus,
1147 1871 1378 1935 hebdomadale
1396 1893 1444 1936 re·

398 1970 602 2036 surrectionis
616 1972 744 2048 festum,
755 1978 961 2048 memoratur,
973 1974 1146 2058 eademque
1161 1973 1296 2038 fortasse
1311 1995 1332 2037 a
1343 1973 1444 2038 Paulo

398 2083 432 2136 st
446 2094 466 2135 a
482 2074 573 2136 Luca
587 2073 683 2137 semel
698 2072 865 2136 indicatur.
911 2073 1025 2160 Atqui,
1042 2075 1068 2140 si
1086 2075 1191 2140 adhuo
1206 2075 1310 2139 valera
1328 2074 1446 2140 dicitur

398 2187 489 2238 votus
510 2174 562 2238 lex
581 2174 635 2240 illa
656 2175 696 2239 ds
719 2175 865 2249 sabbato,
881 2197 938 2240 seu
961 2177 1012 2242 dis
1034 2178 1188 2263 soptim03
1210 2198 1278 2255 noo,
1294 2177 1443 2261 quomad-

398 2278 527 2340 modum
551 2278 650 2342 ostari
674 2277 766 2351 ritus,
788 2278 951 2364 evaugelio
978 2279 1135 2364 abrogata
1160 2287 1221 2354 est,
1243 2277 1320 2362 quid
1342 2284 1441 2351 votat,

398 2378 473 2461 quin
495 2386 622 2443 servata
639 2380 717 2464 loge,
733 2400 806 2444 oum
820 2379 926 2444 diviua
944 2379 997 2452 sit,
1012 2380 1080 2444 dias
1099 2379 1334 2463 redintegratur
1348 2377 1443 2462 sopti-

396 2500 476 2557 mus,
500 2502 594 2564 quem
616 2480 676 2565 ipsi
700 2478 837 2565 apostoli
860 2479 1094 2545 observabanti
1128 2478 1445 2558 &mathomariam

396 2581 485 2645 aiunt
508 2581 572 2654 isti,
589 2582 640 2645 lox
662 2582 832 2646 amandata
854 2586 914 2654 ost,
935 2588 1033 2665 atquo
1054 2581 1122 2645 dies
1144 2579 1196 2645 ills
1218 2584 1374 2654 mutatus,
1389 2577 1444 2662 qui

397 2681 473 2747 orbs
494 2683 624 2746 condito
638 2682 823 2747 benedictus
843 2689 877 2746 et
891 2682 1107 2746 sanctificatus
1126 2687 1186 2755 est,
1203 2680 1273 2765 quis
1287 2701 1360 2744 eum
1375 2700 1444 2743 σοι·

397 2784 500 2849 rexit!
525 2785 595 2869 quis
617 2784 774 2850 mutavit!
803 2784 899 2850 uerae
925 2783 958 2848 in
984 2784 1017 2848 S.
1035 2783 1200 2868 Scriptura
1222 2782 1324 2846 altum
1346 2781 1386 2845 da
1409 2802 1444 2843 rs

396 2886 555 2951 silentium
570 2894 628 2951 est.
670 2886 787 2950 Restat
801 2894 909 2950 autom
923 2886 1025 2964 nobis,
1042 2907 1105 2949 non
1120 2886 1290 2950 sabbatum
1305 2882 1442 2966 quidem,

396 2988 471 3072 quia
492 2987 637 3070 apostolo
657 2988 759 3052 Paulo
782 2995 866 3052 tosto
888 2987 1028 3051 delutum
1050 2993 1148 3071 atquo
1170 2986 1361 3072 abrogatum
1383 2992 1445 3062 ost,

395 3091 452 3154 sed
477 3091 545 3154 dies
568 3090 785 3155 vetustissima
808 3088 1037 3154 consuetudins
1064 3094 1097 3151 ot
1122 3094 1276 3171 perpetuo
1303 3086 1442 3150 ooalesiae

395 3214 548 3256 consensu
571 3193 768 3269 observatus,
792 3191 860 3255 diss
884 3189 1060 3254 Dominioae
1083 3188 1348 3263 rssurmctionis3
1379 3210 1443 3271 quo

396 3294 515 3358 uultum
542 3293 614 3368 Dei,
640 3292 699 3376 ipsi
725 3301 759 3356 et
784 3292 853 3374 legs
879 3296 1004 3353 naturae
1030 3288 1185 3362 debitum,
1208 3288 1335 3368 publiea
1361 3287 1441 3350 oola·

396 3395 543 3467 bramus3
566 3393 626 3456 etsi
650 3414 751 3475 nequo
773 3392 805 3453 iu
830 3389 1006 3472 Scriptura,
1022 3395 1059 3451 ut
1081 3396 1192 3451 notum
1214 3386 1361 3450 omnibus
1383 3394 1443 3461 est,

397 3515 498 3578 nequo
516 3493 549 3556 in
569 3493 744 3577 primorum
766 3489 954 3555 saeoulorum
973 3486 1175 3550 monimentis
1197 3486 1367 3550 sabbatum
1387 3509 1443 3571 ap·

395 3597 539 3682 poliatur.
600 3595 708 3680 Hujus
741 3593 825 3669 festi,
859 3591 943 3656 siout
975 3589 1109 3654 aliorum
1146 3588 1253 3674 magni
1289 3590 1442 3652 momenti

395 3701 515 3764 rituum
532 3704 630 3784 atquo
648 3697 877 3768 institutorum,
893 3701 989 3761 tauta
1006 3701 1056 3756 ost
1070 3692 1156 3777 apud
1171 3691 1370 3757 Christianos
1385 3712 1441 3756 an-

396 3803 539 3886 tiquitas,
555 3811 593 3866 ut
613 3803 645 3865 in
663 3799 777 3864 saeoulo
793 3796 981 3884 Apostoliao
1003 3794 1175 3882 quaersnda
1191 3794 1235 3860 sit
1253 3794 1344 3879 origo
1363 3795 1442 3880 ojus,

395 3912 489 3970 tanta
503 3907 572 3993 ojus
586 3902 771 3975 auotoritas,
784 3900 938 3966 univorsae
954 3898 1093 3964 ecelesiae
1109 3897 1279 3962 veterrimo
1293 3896 1443 3961 instituto

395 4010 483 4087 nixa,
494 4017 531 4072 ut
546 4006 647 4069 nullus
661 4005 756 4067 homo
771 4004 826 4080 sit,
837 4003 863 4066 si
879 4002 955 4067 volit
969 4001 1169 4066 Christianus
1184 3999 1259 4077 diui,
1271 4000 1323 4083 qui
1339 3999 1442 4083 ipsum

397 4132 460 4173 non
475 4109 569 4172 uolat.
616 4105 799 4169 Differanda
818 4127 887 4169 esso
908 4104 1039 4188 negotia
1059 4104 1118 4167 hoo
1139 4102 1201 4179 dio,
1217 4108 1325 4164 monet
1341 4108 1445 4165 vetus·

396 4209 537 4273 tissimus
559 4216 672 4271 auctor
693 4206 907 4271 Tertullianus
930 4204 962 4267 in
985 4203 1037 4267 lib.
1062 4224 1119 4266 suo
1137 4203 1174 4266 do
1196 4202 1350 4278 Oratimrs,
1372 4223 1444 4286 cap.

397 4327 446 4392 23.

439 4411 477 4474 P.
493 4414 567 4496 458.
588 4411 607 4474 1.
629 4429 674 4473 ιι.
702 4410 749 4472 Ut
771 4411 893 4493 vorum]
921 4409 994 4472 MS.
1019 4414 1053 4471 et
1075 4426 1190 4470 aarum.
1237 4404 1300 4468 Sed
1323 4404 1445 4490 aonjeo

394 4518 499 4576 turam
514 4512 653 4577 virorum
668 4511 752 4574 dont.
768 4509 810 4574 ad
825 4508 913 4574 Gavii
928 4508 1148 4594 apographum
1164 4513 1294 4571 sanutus
1307 4526 1389 4570 sum.

878 4631 895 4694 3
914 4630 966 4675 na
