<?xml version="1.0" encoding="UTF-8"?>
<!DOCTYPE html PUBLIC "-//W3C//DTD XHTML 1.0 Transitional//EN"
    "http://www.w3.org/TR/xhtml1/DTD/xhtml1-transitional.dtd">
<html xmlns="http://www.w3.org/1999/xhtml" xml:lang="en" lang="en">
 <head>
  <title>
</title>
<meta http-equiv="Content-Type" content="text/html;charset=utf-8" />
  <meta name='ocr-system' content='tesseract 3.04.00' />
  <meta name='ocr-capabilities' content='ocr_page ocr_carea ocr_par ocr_line ocrx_word'/>
</head>
<body>
  <div class='ocr_page' id='page_1' title='image "./reliquiaesacrae08routgoog_0408.png"; bbox 0 0 3700 5667; ppageno 0'>
   <div class='ocr_carea' id='block_1_1' title="bbox 505 659 1419 730">
    <p class='ocr_par' dir='ltr' id='par_1_1' title="bbox 505 659 1419 730">
     <span class='ocr_line' id='line_1_1' title="bbox 505 659 1419 730; baseline -0.002 -5"><span class='ocrx_word' id='word_1_1' title='bbox 505 664 570 730; x_wconf 78' lang='lat'>390</span> <span class='ocrx_word' id='word_1_2' title='bbox 642 660 825 723; x_wconf 83' lang='lat' dir='ltr'>FRAGM.</span> <span class='ocrx_word' id='word_1_3' title='bbox 848 659 1000 723; x_wconf 78' lang='lat' dir='ltr'>EPIs&#39;r.</span> <span class='ocrx_word' id='word_1_4' title='bbox 1027 659 1245 722; x_wconf 83' lang='lat' dir='ltr'>DIONYSII</span> <span class='ocrx_word' id='word_1_5' title='bbox 1273 659 1419 723; x_wconf 83' lang='lat' dir='ltr'><strong>ALEX.</strong></span> 
     </span>
    </p>
   </div>
   <div class='ocr_carea' id='block_1_2' title="bbox 505 1038 1559 1342">
    <p class='ocr_par' dir='ltr' id='par_1_2' title="bbox 505 1038 1559 1342">
     <span class='ocr_line' id='line_1_2' title="bbox 505 1038 1558 1124; baseline 0.001 -20"><span class='ocrx_word' id='word_1_6' title='bbox 505 1041 558 1104; x_wconf 82' lang='grc' dir='ltr'>Εα</span> <span class='ocrx_word' id='word_1_7' title='bbox 575 1038 719 1123; x_wconf 73' lang='lat' dir='ltr'>Dionysii</span> <span class='ocrx_word' id='word_1_8' title='bbox 732 1039 941 1103; x_wconf 58' lang='lat' dir='ltr'>Alexandrini</span> <span class='ocrx_word' id='word_1_9' title='bbox 953 1039 1100 1124; x_wconf 82' lang='lat' dir='ltr'>proeudis</span> <span class='ocrx_word' id='word_1_10' title='bbox 1114 1040 1159 1102; x_wconf 82' lang='lat' dir='ltr'>ad</span> <span class='ocrx_word' id='word_1_11' title='bbox 1178 1039 1359 1103; x_wconf 71' lang='lat' dir='ltr'>Dioni-erun</span> <span class='ocrx_word' id='word_1_12' title='bbox 1382 1042 1558 1105; x_wconf 73' lang='lat' dir='ltr'>Rounsuu</span> 
     </span>
     <span class='ocr_line' id='line_1_3' title="bbox 549 1147 1559 1235; baseline 0.001 -23"><span class='ocrx_word' id='word_1_13' title='bbox 549 1151 689 1235; x_wconf 74' lang='lat' dir='ltr'>Epistola</span> <span class='ocrx_word' id='word_1_14' title='bbox 711 1150 952 1234; x_wconf 73' lang='lat' dir='ltr'>Quadtt&#39;partita</span> <span class='ocrx_word' id='word_1_15' title='bbox 970 1148 1123 1231; x_wconf 79' lang='grc' dir='ltr'>Ἐλέγχου</span> <span class='ocrx_word' id='word_1_16' title='bbox 1143 1151 1191 1213; x_wconf 74' lang='grc' dir='ltr'>καὶ</span> <span class='ocrx_word' id='word_1_17' title='bbox 1210 1147 1395 1231; x_wconf 83' lang='grc' dir='ltr'>Ἀπολογίας</span> <span class='ocrx_word' id='word_1_18' title='bbox 1414 1161 1559 1234; x_wconf 75' lang='lat' dir='ltr'><em>quotquot</em></span> 
     </span>
     <span class='ocr_line' id='line_1_4' title="bbox 547 1257 1510 1342; baseline 0.002 -22"><span class='ocrx_word' id='word_1_19' title='bbox 547 1258 663 1338; x_wconf 77' lang='grc' dir='ltr'>Ῥήσεις</span> <span class='ocrx_word' id='word_1_20' title='bbox 676 1258 817 1322; x_wconf 73' lang='grc' dir='ltr'>αιίιίιιαια</span> <span class='ocrx_word' id='word_1_21' title='bbox 830 1268 900 1322; x_wconf 75' lang='lat' dir='ltr'>eunt</span> <span class='ocrx_word' id='word_1_22' title='bbox 913 1280 934 1323; x_wconf 93' lang='grc' dir='ltr'>α</span> <span class='ocrx_word' id='word_1_23' title='bbox 950 1260 1009 1323; x_wconf 77' lang='lat' dir='ltr'>SS.</span> <span class='ocrx_word' id='word_1_24' title='bbox 1021 1258 1191 1321; x_wconf 74' lang='lat' dir='ltr'>Athanasio</span> <span class='ocrx_word' id='word_1_25' title='bbox 1206 1268 1232 1322; x_wconf 73' lang='lat' dir='ltr'><em>a</em></span> <span class='ocrx_word' id='word_1_26' title='bbox 1248 1257 1367 1321; x_wconf 71' lang='lat' dir='ltr'>Basilio</span> <span class='ocrx_word' id='word_1_27' title='bbox 1383 1259 1510 1342; x_wconf 76' lang='lat' dir='ltr'>Maqno.</span> 
     </span>
    </p>
   </div>
   <div class='ocr_carea' id='block_1_3' title="bbox 1017 1486 1044 1547">
    <p class='ocr_par' dir='ltr' id='par_1_3' title="bbox 1017 1486 1044 1547">
     <span class='ocr_line' id='line_1_5' title="bbox 1017 1486 1044 1547; baseline -0.074 0"><span class='ocrx_word' id='word_1_28' title='bbox 1017 1486 1044 1547; x_wconf 93' lang='lat' dir='ltr'>I.</span> 
     </span>
    </p>
   </div>
   <div class='ocr_carea' id='block_1_4' title="bbox 443 1633 1556 3255">
    <p class='ocr_par' dir='ltr' id='par_1_4' title="bbox 894 1633 1163 1719">
     <span class='ocr_line' id='line_1_6' title="bbox 894 1633 1163 1719; baseline -0.007 -20"><span class='ocrx_word' id='word_1_29' title='bbox 894 1637 945 1699; x_wconf 82' lang='grc' dir='ltr'>Ενι</span> <span class='ocrx_word' id='word_1_30' title='bbox 958 1635 1062 1719; x_wconf 76' lang='lat' dir='ltr'>prium</span> <span class='ocrx_word' id='word_1_31' title='bbox 1078 1633 1163 1697; x_wconf 83' lang='grc' dir='ltr'>ῐὶδνο.</span> 
     </span>
    </p>

    <p class='ocr_par' dir='ltr' id='par_1_5' title="bbox 549 1760 1125 1843">
     <span class='ocr_line' id='line_1_7' title="bbox 549 1760 1125 1843; baseline -0.003 -18"><span class='ocrx_word' id='word_1_32' title='bbox 549 1763 596 1825; x_wconf 86' lang='grc' dir='ltr'>Οὐ</span> <span class='ocrx_word' id='word_1_33' title='bbox 610 1765 668 1843; x_wconf 72' lang='grc' dir='ltr'>γὰρ</span> <span class='ocrx_word' id='word_1_34' title='bbox 682 1762 720 1840; x_wconf 79' lang='grc' dir='ltr'>ἦν</span> <span class='ocrx_word' id='word_1_35' title='bbox 734 1768 888 1825; x_wconf 58' lang='lat' dir='ltr'>&amp;redens</span> <span class='ocrx_word' id='word_1_36' title='bbox 903 1761 954 1824; x_wconf 83' lang='lat' dir='ltr'>mis</span> <span class='ocrx_word' id='word_1_37' title='bbox 970 1760 1007 1838; x_wconf 80' lang='grc' dir='ltr'>ἣν</span> <span class='ocrx_word' id='word_1_38' title='bbox 1021 1761 1125 1840; x_wconf 75' lang='grc' dir='ltr'>πατήρ.</span> 
     </span>
    </p>

    <p class='ocr_par' dir='ltr' id='par_1_6' title="bbox 506 1873 1556 2281">
     <span class='ocr_line' id='line_1_8' title="bbox 552 1873 1556 1954; baseline 0.003 -21"><span class='ocrx_word' id='word_1_39' title='bbox 552 1883 600 1934; x_wconf 80' lang='grc' dir='ltr'>Καὶ</span> <span class='ocrx_word' id='word_1_40' title='bbox 619 1882 698 1933; x_wconf 77' lang='grc' dir='ltr'>τοῦτο</span> <span class='ocrx_word' id='word_1_41' title='bbox 718 1875 788 1933; x_wconf 82' lang='grc' dir='ltr'>οίδιν</span> <span class='ocrx_word' id='word_1_42' title='bbox 806 1877 859 1949; x_wconf 80' lang='lat' dir='ltr'>(sit</span> <span class='ocrx_word' id='word_1_43' title='bbox 881 1876 1061 1935; x_wconf 76' lang='lat' dir='ltr'><strong>Athanasius</strong></span> <span class='ocrx_word' id='word_1_44' title='bbox 1082 1877 1180 1935; x_wconf 79' lang='lat' dir='ltr'>statim</span> <span class='ocrx_word' id='word_1_45' title='bbox 1203 1880 1283 1954; x_wconf 84' lang='lat' dir='ltr'>post)</span> <span class='ocrx_word' id='word_1_46' title='bbox 1298 1879 1326 1932; x_wconf 73' lang='grc' dir='ltr'>ἐν</span> <span class='ocrx_word' id='word_1_47' title='bbox 1343 1881 1398 1935; x_wconf 83' lang='grc' dir='ltr'>τοῖς</span> <span class='ocrx_word' id='word_1_48' title='bbox 1416 1881 1484 1949; x_wconf 72' lang='grc' dir='ltr'>ἑξῆς,</span> <span class='ocrx_word' id='word_1_49' title='bbox 1505 1873 1556 1936; x_wconf 73' lang='lat' dir='ltr'>dei</span> 
     </span>
     <span class='ocr_line' id='line_1_9' title="bbox 507 1980 1556 2062; baseline 0 -18"><span class='ocrx_word' id='word_1_50' title='bbox 507 1981 560 2044; x_wconf 86' lang='grc' dir='ltr'>τδν</span> <span class='ocrx_word' id='word_1_51' title='bbox 581 1981 714 2062; x_wconf 84' lang='grc' dir='ltr'>Χριστὸν</span> <span class='ocrx_word' id='word_1_52' title='bbox 737 1980 823 2055; x_wconf 80' lang='grc' dir='ltr'>εἶναι,</span> <span class='ocrx_word' id='word_1_53' title='bbox 845 1982 941 2060; x_wconf 79' lang='grc' dir='ltr'>λόγον</span> <span class='ocrx_word' id='word_1_54' title='bbox 962 1982 1044 2052; x_wconf 84' lang='grc' dir='ltr'>ὄντα,</span> <span class='ocrx_word' id='word_1_55' title='bbox 1062 1980 1109 2042; x_wconf 80' lang='grc' dir='ltr'>καὶ</span> <span class='ocrx_word' id='word_1_56' title='bbox 1132 1981 1255 2060; x_wconf 84' lang='grc' dir='ltr'>σοφίαν,</span> <span class='ocrx_word' id='word_1_57' title='bbox 1276 1980 1324 2042; x_wconf 81' lang='grc' dir='ltr'>καὶ</span> <span class='ocrx_word' id='word_1_58' title='bbox 1346 1981 1478 2057; x_wconf 80' lang='grc' dir='ltr'>δύναμιν.</span> <span class='ocrx_word' id='word_1_59' title='bbox 1507 1983 1556 2044; x_wconf 78' lang='lat' dir='ltr'>Ori</span> 
     </span>
     <span class='ocr_line' id='line_1_10' title="bbox 507 2086 1555 2171; baseline -0.002 -19"><span class='ocrx_word' id='word_1_60' title='bbox 507 2093 566 2171; x_wconf 82' lang='grc' dir='ltr'>γδρ</span> <span class='ocrx_word' id='word_1_61' title='bbox 583 2090 619 2167; x_wconf 77' lang='grc' dir='ltr'>δὴ</span> <span class='ocrx_word' id='word_1_62' title='bbox 635 2086 746 2152; x_wconf 77' lang='grc' dir='ltr'>τούτου</span> <span class='ocrx_word' id='word_1_63' title='bbox 763 2090 873 2168; x_wconf 75' lang='grc' dir='ltr'>ἄγονος</span> <span class='ocrx_word' id='word_1_64' title='bbox 887 2086 960 2151; x_wconf 82' lang='grc' dir='ltr'>ιδυὸ</span> <span class='ocrx_word' id='word_1_65' title='bbox 978 2088 1066 2161; x_wconf 83' lang='grc' dir='ltr'>Θεὸς,</span> <span class='ocrx_word' id='word_1_66' title='bbox 1084 2087 1147 2151; x_wconf 85' lang='grc' dir='ltr'>εἶτα</span> <span class='ocrx_word' id='word_1_67' title='bbox 1162 2087 1422 2166; x_wconf 72' lang='grc' dir='ltr'>ἐπαιδοποιήσατο,</span> <span class='ocrx_word' id='word_1_68' title='bbox 1437 2096 1497 2150; x_wconf 82' lang='grc' dir='ltr'>ἀλλ’</span> <span class='ocrx_word' id='word_1_69' title='bbox 1512 2097 1555 2150; x_wconf 83' lang='grc' dir='ltr'>ὅτι</span> 
     </span>
     <span class='ocr_line' id='line_1_11' title="bbox 506 2195 1424 2281; baseline -0.004 -18"><span class='ocrx_word' id='word_1_70' title='bbox 506 2200 547 2279; x_wconf 77' lang='grc' dir='ltr'>μὴ</span> <span class='ocrx_word' id='word_1_71' title='bbox 560 2199 629 2281; x_wconf 83' lang='grc' dir='ltr'>παρ’</span> <span class='ocrx_word' id='word_1_72' title='bbox 645 2201 750 2261; x_wconf 76' lang='grc' dir='ltr'>ἑαυτοῦ</span> <span class='ocrx_word' id='word_1_73' title='bbox 764 2199 782 2260; x_wconf 85' lang='grc' dir='ltr'>ὁ</span> <span class='ocrx_word' id='word_1_74' title='bbox 796 2197 871 2272; x_wconf 73' lang='grc' dir='ltr'>υίὸς,</span> <span class='ocrx_word' id='word_1_75' title='bbox 887 2195 956 2259; x_wconf 80' lang='grc' dir='ltr'>ἀλλ’</span> <span class='ocrx_word' id='word_1_76' title='bbox 974 2199 1007 2259; x_wconf 69' lang='grc' dir='ltr'>ἐκ</span> <span class='ocrx_word' id='word_1_77' title='bbox 1021 2201 1074 2260; x_wconf 83' lang='grc' dir='ltr'>τοῦ</span> <span class='ocrx_word' id='word_1_78' title='bbox 1088 2197 1198 2278; x_wconf 83' lang='grc' dir='ltr'>πατρὸς</span> <span class='ocrx_word' id='word_1_79' title='bbox 1214 2197 1277 2279; x_wconf 81' lang='grc' dir='ltr'>ἔχει</span> <span class='ocrx_word' id='word_1_80' title='bbox 1291 2198 1325 2259; x_wconf 87' lang='grc' dir='ltr'>τὸ</span> <span class='ocrx_word' id='word_1_81' title='bbox 1339 2196 1424 2260; x_wconf 81' lang='grc' dir='ltr'>εἶναι.</span> 
     </span>
    </p>

    <p class='ocr_par' dir='ltr' id='par_1_7' title="bbox 507 2310 1554 2494">
     <span class='ocr_line' id='line_1_12' title="bbox 552 2310 1554 2392; baseline -0.004 -19"><span class='ocrx_word' id='word_1_82' title='bbox 552 2310 609 2373; x_wconf 76' lang='grc' dir='ltr'>Καὶ</span> <span class='ocrx_word' id='word_1_83' title='bbox 624 2316 678 2386; x_wconf 74' lang='grc' dir='ltr'>μετ’</span> <span class='ocrx_word' id='word_1_84' title='bbox 693 2314 770 2387; x_wconf 79' lang='grc' dir='ltr'>ὀλίγα</span> <span class='ocrx_word' id='word_1_85' title='bbox 787 2314 896 2392; x_wconf 82' lang='lat' dir='ltr'>(pergit</span> <span class='ocrx_word' id='word_1_86' title='bbox 916 2313 1012 2372; x_wconf 79' lang='lat' dir='ltr'>dicere</span> <span class='ocrx_word' id='word_1_87' title='bbox 1030 2313 1223 2390; x_wconf 75' lang='lat' dir='ltr'>Athanasius)</span> <span class='ocrx_word' id='word_1_88' title='bbox 1239 2317 1318 2369; x_wconf 74' lang='grc' dir='ltr'>πόλιν</span> <span class='ocrx_word' id='word_1_89' title='bbox 1332 2316 1391 2387; x_wconf 77' lang='grc' dir='ltr'>περὶ</span> <span class='ocrx_word' id='word_1_90' title='bbox 1408 2319 1456 2369; x_wconf 84' lang='grc' dir='ltr'>τοῦ</span> <span class='ocrx_word' id='word_1_91' title='bbox 1472 2316 1554 2369; x_wconf 79' lang='grc' dir='ltr'>αὐτοῦ</span> 
     </span>
     <span class='ocr_line' id='line_1_13' title="bbox 507 2424 603 2494; baseline 0 -17"><span class='ocrx_word' id='word_1_92' title='bbox 507 2424 603 2494; x_wconf 73' lang='grc' dir='ltr'>φησίν.</span> 
     </span>
    </p>

    <p class='ocr_par' dir='ltr' id='par_1_8' title="bbox 443 2517 1554 3255">
     <span class='ocr_line' id='line_1_14' title="bbox 548 2517 1554 2602; baseline 0.001 -17"><span class='ocrx_word' id='word_1_93' title='bbox 548 2520 749 2602; x_wconf 80' lang='grc' dir='ltr'>Ἀπαιίγασμα</span> <span class='ocrx_word' id='word_1_94' title='bbox 770 2521 803 2581; x_wconf 74' lang='grc' dir='ltr'>δὲ</span> <span class='ocrx_word' id='word_1_95' title='bbox 826 2518 867 2581; x_wconf 77' lang='grc' dir='ltr'>ὢν</span> <span class='ocrx_word' id='word_1_96' title='bbox 890 2519 989 2599; x_wconf 81' lang='grc' dir='ltr'>φωτὸς</span> <span class='ocrx_word' id='word_1_97' title='bbox 1011 2518 1117 2593; x_wconf 79' lang='grc' dir='ltr'>ἀϊδίου,</span> <span class='ocrx_word' id='word_1_98' title='bbox 1140 2517 1256 2584; x_wconf 83' lang='grc' dir='ltr'>πάντας</span> <span class='ocrx_word' id='word_1_99' title='bbox 1279 2521 1326 2582; x_wconf 84' lang='grc' dir='ltr'>καὶ</span> <span class='ocrx_word' id='word_1_100' title='bbox 1349 2519 1436 2585; x_wconf 79' lang='grc' dir='ltr'>αὐτὸς</span> <span class='ocrx_word' id='word_1_101' title='bbox 1458 2521 1554 2586; x_wconf 82' lang='grc' dir='ltr'>ἀϊδιός</span> 
     </span>
     <span class='ocr_line' id='line_1_15' title="bbox 508 2630 1551 2713; baseline -0.001 -18"><span class='ocrx_word' id='word_1_102' title='bbox 508 2634 599 2696; x_wconf 78' lang='grc' dir='ltr'>ἑστιν.</span> <span class='ocrx_word' id='word_1_103' title='bbox 623 2634 709 2697; x_wconf 87' lang='grc' dir='ltr'>ὄντος</span> <span class='ocrx_word' id='word_1_104' title='bbox 728 2634 785 2713; x_wconf 69' lang='grc' dir='ltr'>γὰρ</span> <span class='ocrx_word' id='word_1_105' title='bbox 805 2630 852 2693; x_wconf 85' lang='grc' dir='ltr'>ἀεὶ</span> <span class='ocrx_word' id='word_1_106' title='bbox 872 2635 924 2692; x_wconf 82' lang='grc' dir='ltr'>τοῦ</span> <span class='ocrx_word' id='word_1_107' title='bbox 945 2630 1054 2710; x_wconf 81' lang='grc' dir='ltr'>φατὸς,</span> <span class='ocrx_word' id='word_1_108' title='bbox 1071 2632 1162 2706; x_wconf 76' lang='grc' dir='ltr'>δῆλον</span> <span class='ocrx_word' id='word_1_109' title='bbox 1184 2631 1222 2695; x_wconf 83' lang='grc' dir='ltr'>ὡς</span> <span class='ocrx_word' id='word_1_110' title='bbox 1243 2630 1327 2693; x_wconf 84' lang='grc' dir='ltr'>ἔστιν</span> <span class='ocrx_word' id='word_1_111' title='bbox 1344 2632 1390 2693; x_wconf 80' lang='grc' dir='ltr'>ἀεὶ</span> <span class='ocrx_word' id='word_1_112' title='bbox 1408 2632 1441 2693; x_wconf 86' lang='grc' dir='ltr'>τὸ</span> <span class='ocrx_word' id='word_1_113' title='bbox 1457 2632 1551 2694; x_wconf 79' lang='grc' dir='ltr'>ἀπού-</span> 
     </span>
     <span class='ocr_line' id='line_1_16' title="bbox 507 2738 1552 2824; baseline -0.002 -20"><span class='ocrx_word' id='word_1_114' title='bbox 507 2766 621 2823; x_wconf 84' lang='grc' dir='ltr'>γασμα.</span> <span class='ocrx_word' id='word_1_115' title='bbox 646 2741 738 2824; x_wconf 83' lang='grc' dir='ltr'>τούτῳ</span> <span class='ocrx_word' id='word_1_116' title='bbox 755 2746 825 2823; x_wconf 78' lang='lat' dir='ltr'>(for.</span> <span class='ocrx_word' id='word_1_117' title='bbox 841 2740 943 2818; x_wconf 82' lang='grc' dir='ltr'>τοῦτο)</span> <span class='ocrx_word' id='word_1_118' title='bbox 959 2741 1028 2819; x_wconf 74' lang='grc' dir='ltr'>γὰρ,</span> <span class='ocrx_word' id='word_1_119' title='bbox 1045 2738 1093 2800; x_wconf 86' lang='grc' dir='ltr'>καὶ</span> <span class='ocrx_word' id='word_1_120' title='bbox 1111 2739 1156 2800; x_wconf 86' lang='grc' dir='ltr'>ὅτι</span> <span class='ocrx_word' id='word_1_121' title='bbox 1174 2744 1237 2819; x_wconf 83' lang='grc' dir='ltr'>φῶς</span> <span class='ocrx_word' id='word_1_122' title='bbox 1255 2740 1330 2811; x_wconf 72' lang='grc' dir='ltr'>ἐστὶ,</span> <span class='ocrx_word' id='word_1_123' title='bbox 1347 2743 1386 2823; x_wconf 72' lang='grc' dir='ltr'>τῷ</span> <span class='ocrx_word' id='word_1_124' title='bbox 1405 2741 1552 2820; x_wconf 83' lang='grc' dir='ltr'>καταυγά-</span> 
     </span>
     <span class='ocr_line' id='line_1_17' title="bbox 507 2847 1553 2929; baseline -0.001 -17"><span class='ocrx_word' id='word_1_125' title='bbox 507 2858 569 2925; x_wconf 76' lang='grc' dir='ltr'>ζειν</span> <span class='ocrx_word' id='word_1_126' title='bbox 590 2854 710 2923; x_wconf 79' lang='grc' dir='ltr'>νοεῖται,</span> <span class='ocrx_word' id='word_1_127' title='bbox 728 2849 775 2910; x_wconf 81' lang='grc' dir='ltr'>καὶ</span> <span class='ocrx_word' id='word_1_128' title='bbox 794 2853 858 2927; x_wconf 81' lang='grc' dir='ltr'>φῶς</span> <span class='ocrx_word' id='word_1_129' title='bbox 878 2849 913 2909; x_wconf 80' lang='grc' dir='ltr'>οὐ</span> <span class='ocrx_word' id='word_1_130' title='bbox 933 2849 1055 2910; x_wconf 80' lang='grc' dir='ltr'>δύναται</span> <span class='ocrx_word' id='word_1_131' title='bbox 1073 2849 1114 2926; x_wconf 74' lang='grc' dir='ltr'>μὴ</span> <span class='ocrx_word' id='word_1_132' title='bbox 1134 2849 1264 2928; x_wconf 79' lang='grc' dir='ltr'>φωτίζον</span> <span class='ocrx_word' id='word_1_133' title='bbox 1279 2847 1364 2911; x_wconf 84' lang='grc' dir='ltr'>εἶναι.</span> <span class='ocrx_word' id='word_1_134' title='bbox 1387 2848 1480 2911; x_wconf 79' lang='grc' dir='ltr'>πάλιν</span> <span class='ocrx_word' id='word_1_135' title='bbox 1495 2852 1553 2929; x_wconf 80' lang='grc' dir='ltr'>γὰρ</span> 
     </span>
     <span class='ocr_line' id='line_1_18' title="bbox 443 2955 1551 3038; baseline 0.003 -21"><span class='ocrx_word' id='word_1_136' title='bbox 443 3006 449 3017; x_wconf 89' lang='grc'><strong><em>.</em></strong></span> <span class='ocrx_word' id='word_1_137' title='bbox 509 2959 643 3035; x_wconf 80' lang='grc' dir='ltr'>ἔλθωμεν</span> <span class='ocrx_word' id='word_1_138' title='bbox 668 2957 717 3018; x_wconf 77' lang='grc' dir='ltr'>ἐπὶ</span> <span class='ocrx_word' id='word_1_139' title='bbox 742 2959 779 3017; x_wconf 78' lang='grc' dir='ltr'>τὰ</span> <span class='ocrx_word' id='word_1_140' title='bbox 805 2955 1037 3034; x_wconf 81' lang='grc' dir='ltr'>παραδείγματα.</span> <span class='ocrx_word' id='word_1_141' title='bbox 1076 2958 1102 3018; x_wconf 81' lang='grc' dir='ltr'>εἰ</span> <span class='ocrx_word' id='word_1_142' title='bbox 1128 2956 1212 3019; x_wconf 81' lang='grc' dir='ltr'>ἔστιν</span> <span class='ocrx_word' id='word_1_143' title='bbox 1237 2958 1331 3034; x_wconf 83' lang='grc' dir='ltr'>ἥλιος,</span> <span class='ocrx_word' id='word_1_144' title='bbox 1356 2958 1440 3020; x_wconf 81' lang='grc' dir='ltr'>ἔστιν</span> <span class='ocrx_word' id='word_1_145' title='bbox 1465 2958 1551 3038; x_wconf 75' lang='grc' dir='ltr'>αὐγὴ,</span> 
     </span>
     <span class='ocr_line' id='line_1_19' title="bbox 508 3063 1553 3147; baseline 0.001 -19"><span class='ocrx_word' id='word_1_146' title='bbox 508 3066 592 3129; x_wconf 79' lang='grc' dir='ltr'>ἔστιν</span> <span class='ocrx_word' id='word_1_147' title='bbox 606 3064 709 3146; x_wconf 80' lang='grc' dir='ltr'>ἡμέρα·</span> <span class='ocrx_word' id='word_1_148' title='bbox 737 3068 764 3127; x_wconf 83' lang='lat' dir='ltr'>ei</span> <span class='ocrx_word' id='word_1_149' title='bbox 778 3065 918 3126; x_wconf 79' lang='grc' dir='ltr'>τοιούτων</span> <span class='ocrx_word' id='word_1_150' title='bbox 937 3063 1030 3141; x_wconf 84' lang='grc' dir='ltr'>μηδέν</span> <span class='ocrx_word' id='word_1_151' title='bbox 1048 3066 1123 3141; x_wconf 84' lang='grc' dir='ltr'>ἐστι,</span> <span class='ocrx_word' id='word_1_152' title='bbox 1138 3066 1217 3128; x_wconf 81' lang='grc' dir='ltr'>πολύ</span> <span class='ocrx_word' id='word_1_153' title='bbox 1231 3092 1266 3147; x_wconf 82' lang='grc' dir='ltr'>γε</span> <span class='ocrx_word' id='word_1_154' title='bbox 1286 3071 1333 3129; x_wconf 82' lang='grc' dir='ltr'>δεῖ</span> <span class='ocrx_word' id='word_1_155' title='bbox 1351 3068 1398 3129; x_wconf 83' lang='grc' dir='ltr'>καὶ</span> <span class='ocrx_word' id='word_1_156' title='bbox 1416 3073 1553 3147; x_wconf 82' lang='grc' dir='ltr'>παρεῖναι</span> 
     </span>
     <span class='ocr_line' id='line_1_20' title="bbox 507 3172 1551 3255; baseline 0.001 -17"><span class='ocrx_word' id='word_1_157' title='bbox 507 3176 604 3253; x_wconf 77' lang='grc' dir='ltr'>ἥλιον.</span> <span class='ocrx_word' id='word_1_158' title='bbox 632 3176 728 3254; x_wconf 77' lang='grc' dir='ltr'>εἰμὲν</span> <span class='ocrx_word' id='word_1_159' title='bbox 743 3175 796 3238; x_wconf 77' lang='grc' dir='ltr'>οὖν</span> <span class='ocrx_word' id='word_1_160' title='bbox 814 3172 906 3240; x_wconf 81' lang='grc' dir='ltr'>ἀίδιος</span> <span class='ocrx_word' id='word_1_161' title='bbox 924 3176 941 3235; x_wconf 87' lang='grc' dir='ltr'>δ</span> <span class='ocrx_word' id='word_1_162' title='bbox 958 3174 1052 3250; x_wconf 82' lang='grc' dir='ltr'>ἥλιος,</span> <span class='ocrx_word' id='word_1_163' title='bbox 1069 3175 1220 3241; x_wconf 79' lang='grc' dir='ltr'>ἄπαυστος</span> <span class='ocrx_word' id='word_1_164' title='bbox 1239 3176 1277 3237; x_wconf 84' lang='grc' dir='ltr'>δν</span> <span class='ocrx_word' id='word_1_165' title='bbox 1296 3176 1333 3253; x_wconf 78' lang='grc' dir='ltr'>ἦν</span> <span class='ocrx_word' id='word_1_166' title='bbox 1353 3177 1401 3238; x_wconf 83' lang='grc' dir='ltr'>καὶ</span> <span class='ocrx_word' id='word_1_167' title='bbox 1416 3177 1434 3255; x_wconf 79' lang='grc' dir='ltr'><em>ἡ</em></span> <span class='ocrx_word' id='word_1_168' title='bbox 1447 3175 1551 3255; x_wconf 74' lang='grc' dir='ltr'>ἡμέρα.</span> 
     </span>
    </p>
   </div>
   <div class='ocr_carea' id='block_1_5' title="bbox 507 3280 1552 3366">
    <p class='ocr_par' dir='ltr' id='par_1_9' title="bbox 507 3280 1552 3366">
     <span class='ocr_line' id='line_1_21' title="bbox 507 3280 1552 3366; baseline -0.003 -16"><span class='ocrx_word' id='word_1_169' title='bbox 507 3290 562 3350; x_wconf 80' lang='grc' dir='ltr'>νῦν</span> <span class='ocrx_word' id='word_1_170' title='bbox 587 3287 630 3357; x_wconf 73' lang='grc' dir='ltr'>δὲ,</span> <span class='ocrx_word' id='word_1_171' title='bbox 655 3284 689 3348; x_wconf 82' lang='grc' dir='ltr'>οὗ</span> <span class='ocrx_word' id='word_1_172' title='bbox 715 3284 773 3366; x_wconf 75' lang='grc' dir='ltr'>γάρ</span> <span class='ocrx_word' id='word_1_173' title='bbox 798 3286 891 3356; x_wconf 73' lang='grc' dir='ltr'>ἐστιν,</span> <span class='ocrx_word' id='word_1_174' title='bbox 917 3280 1084 3363; x_wconf 75' lang='grc' dir='ltr'>ἀρξαμένου</span> <span class='ocrx_word' id='word_1_175' title='bbox 1107 3308 1139 3346; x_wconf 84' lang='grc' dir='ltr'>τε</span> <span class='ocrx_word' id='word_1_176' title='bbox 1164 3283 1281 3363; x_wconf 77' lang='grc' dir='ltr'>ἤρξατο,</span> <span class='ocrx_word' id='word_1_177' title='bbox 1310 3286 1357 3346; x_wconf 84' lang='grc' dir='ltr'>καὶ</span> <span class='ocrx_word' id='word_1_178' title='bbox 1384 3283 1552 3362; x_wconf 73' lang='grc' dir='ltr'>παυομένου</span> 
     </span>
    </p>
   </div>
   <div class='ocr_carea' id='block_1_6' title="bbox 617 3487 1441 3567">
    <p class='ocr_par' dir='ltr' id='par_1_10' title="bbox 617 3487 1441 3567">
     <span class='ocr_line' id='line_1_22' title="bbox 617 3487 1441 3567; baseline -0.006 -18"><span class='ocrx_word' id='word_1_179' title='bbox 617 3491 715 3549; x_wconf 77' lang='lat' dir='ltr'>Verrio</span> <span class='ocrx_word' id='word_1_180' title='bbox 728 3512 746 3547; x_wconf 91' lang='grc' dir='ltr'>α</span> <span class='ocrx_word' id='word_1_181' title='bbox 762 3490 926 3548; x_wconf 78' lang='lat' dir='ltr'>Cortstantr&#39;o</span> <span class='ocrx_word' id='word_1_182' title='bbox 942 3491 969 3547; x_wconf 84' lang='grc' dir='ltr'>ιἰι</span> <span class='ocrx_word' id='word_1_183' title='bbox 988 3490 1062 3567; x_wconf 83' lang='lat' dir='ltr'>Epp.</span> <span class='ocrx_word' id='word_1_184' title='bbox 1081 3487 1188 3566; x_wconf 67' lang='lat' dir='ltr'>Pontis.</span> <span class='ocrx_word' id='word_1_185' title='bbox 1208 3488 1287 3545; x_wconf 70' lang='lat' dir='ltr'>Rutu.</span> <span class='ocrx_word' id='word_1_186' title='bbox 1304 3497 1441 3546; x_wconf 77' lang='lat' dir='ltr'>correcta.</span> 
     </span>
    </p>
   </div>
   <div class='ocr_carea' id='block_1_7' title="bbox 506 3627 1552 4663">
    <p class='ocr_par' dir='ltr' id='par_1_11' title="bbox 506 3627 1552 4663">
     <span class='ocr_line' id='line_1_23' title="bbox 549 3627 1552 3706; baseline -0.003 -19"><span class='ocrx_word' id='word_1_187' title='bbox 549 3630 620 3688; x_wconf 91' lang='lat' dir='ltr'>Non</span> <span class='ocrx_word' id='word_1_188' title='bbox 658 3629 737 3686; x_wconf 91' lang='lat' dir='ltr'>enim</span> <span class='ocrx_word' id='word_1_189' title='bbox 775 3639 838 3685; x_wconf 82' lang='lat' dir='ltr'>erut</span> <span class='ocrx_word' id='word_1_190' title='bbox 877 3640 1002 3706; x_wconf 85' lang='lat' dir='ltr'>tempus,</span> <span class='ocrx_word' id='word_1_191' title='bbox 1054 3648 1165 3702; x_wconf 80' lang='lat' dir='ltr'>semper</span> <span class='ocrx_word' id='word_1_192' title='bbox 1190 3627 1352 3685; x_wconf 84' lang='lat' dir='ltr'>exsistere:</span> <span class='ocrx_word' id='word_1_193' title='bbox 1384 3647 1419 3684; x_wconf 84' lang='lat' dir='ltr'>eo</span> <span class='ocrx_word' id='word_1_194' title='bbox 1443 3628 1552 3704; x_wconf 85' lang='lat' dir='ltr'>quippe</span> 
     </span>
     <span class='ocr_line' id='line_1_24' title="bbox 507 3705 1551 3787; baseline -0.004 -21"><span class='ocrx_word' id='word_1_195' title='bbox 507 3709 624 3787; x_wconf 81' lang='lat' dir='ltr'>quando</span> <span class='ocrx_word' id='word_1_196' title='bbox 642 3710 720 3765; x_wconf 89' lang='lat' dir='ltr'>Deus</span> <span class='ocrx_word' id='word_1_197' title='bbox 735 3727 791 3764; x_wconf 90' lang='lat' dir='ltr'>non</span> <span class='ocrx_word' id='word_1_198' title='bbox 807 3719 869 3765; x_wconf 84' lang='lat' dir='ltr'>erat</span> <span class='ocrx_word' id='word_1_199' title='bbox 884 3720 977 3785; x_wconf 83' lang='lat' dir='ltr'>pater.</span> <span class='ocrx_word' id='word_1_200' title='bbox 1055 3707 1105 3764; x_wconf 87' lang='lat' dir='ltr'>lux</span> <span class='ocrx_word' id='word_1_201' title='bbox 1147 3727 1208 3765; x_wconf 89' lang='lat' dir='ltr'>esse</span> <span class='ocrx_word' id='word_1_202' title='bbox 1250 3705 1434 3783; x_wconf 79' lang='lat' dir='ltr'>intelligitur,</span> <span class='ocrx_word' id='word_1_203' title='bbox 1473 3707 1551 3783; x_wconf 91' lang='lat' dir='ltr'>quod</span> 
     </span>
     <span class='ocr_line' id='line_1_25' title="bbox 551 3785 1551 3865; baseline -0.003 -21"><span class='ocrx_word' id='word_1_204' title='bbox 551 3788 713 3863; x_wconf 76' lang='lat' dir='ltr'>profitetur,</span> <span class='ocrx_word' id='word_1_205' title='bbox 726 3786 874 3843; x_wconf 80' lang='lat' dir='ltr'>Christum</span> <span class='ocrx_word' id='word_1_206' title='bbox 890 3807 1004 3865; x_wconf 81' lang='lat' dir='ltr'>semper</span> <span class='ocrx_word' id='word_1_207' title='bbox 1055 3786 1257 3865; x_wconf 69' lang='lat' dir='ltr'>splendentes</span> <span class='ocrx_word' id='word_1_208' title='bbox 1269 3785 1329 3843; x_wconf 86' lang='lat' dir='ltr'>tieri</span> <span class='ocrx_word' id='word_1_209' title='bbox 1342 3787 1444 3862; x_wconf 91' lang='lat' dir='ltr'>nequit</span> <span class='ocrx_word' id='word_1_210' title='bbox 1455 3799 1488 3843; x_wconf 92' lang='lat' dir='ltr'>ut</span> <span class='ocrx_word' id='word_1_211' title='bbox 1499 3786 1551 3842; x_wconf 88' lang='lat' dir='ltr'>lux</span> 
     </span>
     <span class='ocr_line' id='line_1_26' title="bbox 506 3865 1551 3944; baseline -0.004 -19"><span class='ocrx_word' id='word_1_212' title='bbox 506 3886 579 3931; x_wconf 84' lang='lat' dir='ltr'>esse,</span> <span class='ocrx_word' id='word_1_213' title='bbox 595 3877 698 3944; x_wconf 90' lang='lat' dir='ltr'>utpote</span> <span class='ocrx_word' id='word_1_214' title='bbox 712 3866 830 3922; x_wconf 88' lang='lat' dir='ltr'>verbum</span> <span class='ocrx_word' id='word_1_215' title='bbox 847 3876 876 3923; x_wconf 91' lang='lat' dir='ltr'>et</span> <span class='ocrx_word' id='word_1_216' title='bbox 890 3866 1004 3943; x_wconf 80' lang='lat' dir='ltr'>sapien·</span> <span class='ocrx_word' id='word_1_217' title='bbox 1055 3888 1113 3924; x_wconf 86' lang='lat' dir='ltr'>non</span> <span class='ocrx_word' id='word_1_218' title='bbox 1128 3867 1232 3925; x_wconf 75' lang='lat' dir='ltr'>ludent.</span> <span class='ocrx_word' id='word_1_219' title='bbox 1277 3865 1404 3922; x_wconf 84' lang='lat' dir='ltr'>Rursum</span> <span class='ocrx_word' id='word_1_220' title='bbox 1424 3866 1500 3923; x_wconf 89' lang='lat' dir='ltr'>enim</span> <span class='ocrx_word' id='word_1_221' title='bbox 1515 3865 1551 3922; x_wconf 82' lang='lat' dir='ltr'>sd</span> 
     </span>
     <span class='ocr_line' id='line_1_27' title="bbox 507 3944 1551 4024; baseline -0.004 -19"><span class='ocrx_word' id='word_1_222' title='bbox 507 3947 576 4005; x_wconf 81' lang='lat' dir='ltr'>tium</span> <span class='ocrx_word' id='word_1_223' title='bbox 592 3958 621 4005; x_wconf 89' lang='lat' dir='ltr'>et</span> <span class='ocrx_word' id='word_1_224' title='bbox 636 3946 784 4002; x_wconf 89' lang='lat' dir='ltr'>virtutem.</span> <span class='ocrx_word' id='word_1_225' title='bbox 815 3944 921 4022; x_wconf 89' lang='lat' dir='ltr'>Neque</span> <span class='ocrx_word' id='word_1_226' title='bbox 937 3966 1004 4003; x_wconf 85' lang='lat' dir='ltr'>vero</span> <span class='ocrx_word' id='word_1_227' title='bbox 1056 3946 1189 4024; x_wconf 81' lang='lat' dir='ltr'>exemplu</span> <span class='ocrx_word' id='word_1_228' title='bbox 1203 3946 1360 4005; x_wconf 83' lang='lat' dir='ltr'>veniamus.</span> <span class='ocrx_word' id='word_1_229' title='bbox 1392 3945 1424 4003; x_wconf 90' lang='lat' dir='ltr'>Si</span> <span class='ocrx_word' id='word_1_230' title='bbox 1439 3945 1481 4001; x_wconf 87' lang='lat' dir='ltr'>sul</span> <span class='ocrx_word' id='word_1_231' title='bbox 1496 3957 1551 4009; x_wconf 87' lang='lat' dir='ltr'>est,</span> 
     </span>
     <span class='ocr_line' id='line_1_28' title="bbox 508 4025 1552 4103; baseline -0.004 -18"><span class='ocrx_word' id='word_1_232' title='bbox 508 4026 590 4085; x_wconf 89' lang='lat' dir='ltr'>Deus</span> <span class='ocrx_word' id='word_1_233' title='bbox 604 4047 669 4084; x_wconf 89' lang='lat' dir='ltr'>cum</span> <span class='ocrx_word' id='word_1_234' title='bbox 684 4026 744 4082; x_wconf 78' lang='lat' dir='ltr'>hec</span> <span class='ocrx_word' id='word_1_235' title='bbox 758 4045 815 4082; x_wconf 90' lang='lat' dir='ltr'>non</span> <span class='ocrx_word' id='word_1_236' title='bbox 832 4025 1002 4103; x_wconf 86' lang='lat' dir='ltr'>peperisset,</span> <span class='ocrx_word' id='word_1_237' title='bbox 1054 4038 1098 4084; x_wconf 89' lang='lat' dir='ltr'>est</span> <span class='ocrx_word' id='word_1_238' title='bbox 1127 4046 1242 4103; x_wconf 87' lang='lat' dir='ltr'>quoque</span> <span class='ocrx_word' id='word_1_239' title='bbox 1274 4025 1421 4102; x_wconf 85' lang='lat' dir='ltr'>splendor,</span> <span class='ocrx_word' id='word_1_240' title='bbox 1450 4038 1494 4082; x_wconf 87' lang='lat' dir='ltr'>est</span> <span class='ocrx_word' id='word_1_241' title='bbox 1522 4036 1552 4081; x_wconf 90' lang='lat' dir='ltr'>et</span> 
     </span>
     <span class='ocr_line' id='line_1_29' title="bbox 545 4105 1550 4183; baseline -0.003 -18"><span class='ocrx_word' id='word_1_242' title='bbox 545 4106 725 4165; x_wconf 84' lang='lat' dir='ltr'>stesFilium</span> <span class='ocrx_word' id='word_1_243' title='bbox 737 4105 855 4183; x_wconf 81' lang='lat' dir='ltr'>genuit:</span> <span class='ocrx_word' id='word_1_244' title='bbox 874 4106 924 4163; x_wconf 86' lang='lat' dir='ltr'>sed</span> <span class='ocrx_word' id='word_1_245' title='bbox 936 4106 1004 4181; x_wconf 84' lang='lat' dir='ltr'>quis</span> <span class='ocrx_word' id='word_1_246' title='bbox 1054 4106 1139 4164; x_wconf 87' lang='lat' dir='ltr'>dies:</span> <span class='ocrx_word' id='word_1_247' title='bbox 1184 4107 1286 4163; x_wconf 91' lang='lat' dir='ltr'>horum</span> <span class='ocrx_word' id='word_1_248' title='bbox 1325 4106 1347 4162; x_wconf 89' lang='lat' dir='ltr'>si</span> <span class='ocrx_word' id='word_1_249' title='bbox 1388 4105 1462 4162; x_wconf 91' lang='lat' dir='ltr'>nihil</span> <span class='ocrx_word' id='word_1_250' title='bbox 1497 4116 1550 4171; x_wconf 87' lang='lat' dir='ltr'>est,</span> 
     </span>
     <span class='ocr_line' id='line_1_30' title="bbox 535 4183 1549 4264; baseline -0.001 -22"><span class='ocrx_word' id='word_1_251' title='bbox 535 4186 603 4245; x_wconf 90' lang='lat' dir='ltr'>ilius</span> <span class='ocrx_word' id='word_1_252' title='bbox 621 4207 679 4244; x_wconf 91' lang='lat' dir='ltr'>non</span> <span class='ocrx_word' id='word_1_253' title='bbox 698 4206 715 4243; x_wconf 86' lang='grc' dir='ltr'>ο</span> <span class='ocrx_word' id='word_1_254' title='bbox 734 4206 765 4244; x_wconf 87' lang='lat' dir='ltr'>se</span> <span class='ocrx_word' id='word_1_255' title='bbox 783 4185 855 4264; x_wconf 82' lang='lat' dir='ltr'>ipso,</span> <span class='ocrx_word' id='word_1_256' title='bbox 872 4206 1003 4243; x_wconf 76' lang='lat' dir='ltr'>verume</span> <span class='ocrx_word' id='word_1_257' title='bbox 1054 4186 1179 4243; x_wconf 91' lang='lat' dir='ltr'>multum</span> <span class='ocrx_word' id='word_1_258' title='bbox 1214 4187 1295 4243; x_wconf 82' lang='lat' dir='ltr'>abest</span> <span class='ocrx_word' id='word_1_259' title='bbox 1324 4196 1358 4242; x_wconf 89' lang='lat' dir='ltr'>ut</span> <span class='ocrx_word' id='word_1_260' title='bbox 1392 4185 1434 4242; x_wconf 89' lang='lat' dir='ltr'>soi</span> <span class='ocrx_word' id='word_1_261' title='bbox 1465 4183 1549 4242; x_wconf 84' lang='lat' dir='ltr'>adsit.</span> 
     </span>
     <span class='ocr_line' id='line_1_31' title="bbox 508 4266 1550 4335; baseline -0.004 -10"><span class='ocrx_word' id='word_1_262' title='bbox 508 4266 596 4325; x_wconf 81' lang='lat' dir='ltr'>Putre</span> <span class='ocrx_word' id='word_1_263' title='bbox 612 4268 698 4325; x_wconf 81' lang='lat' dir='ltr'>habet</span> <span class='ocrx_word' id='word_1_264' title='bbox 711 4286 782 4324; x_wconf 83' lang='lat' dir='ltr'>esse.</span> <span class='ocrx_word' id='word_1_265' title='bbox 1055 4266 1143 4335; x_wconf 80' lang='lat' dir='ltr'>Quod</span> <span class='ocrx_word' id='word_1_266' title='bbox 1175 4267 1198 4324; x_wconf 91' lang='lat' dir='ltr'>si</span> <span class='ocrx_word' id='word_1_267' title='bbox 1232 4267 1275 4322; x_wconf 84' lang='lat' dir='ltr'>sol</span> <span class='ocrx_word' id='word_1_268' title='bbox 1308 4276 1433 4323; x_wconf 70' lang='lat' dir='ltr'>eternus</span> <span class='ocrx_word' id='word_1_269' title='bbox 1466 4276 1550 4327; x_wconf 84' lang='lat' dir='ltr'>esset,</span> 
     </span>
     <span class='ocr_line' id='line_1_32' title="bbox 547 4344 1550 4424; baseline -0.002 -21"><span class='ocrx_word' id='word_1_270' title='bbox 547 4349 621 4404; x_wconf 89' lang='lat' dir='ltr'>Cum</span> <span class='ocrx_word' id='word_1_271' title='bbox 636 4348 674 4405; x_wconf 84' lang='lat' dir='ltr'>sit</span> <span class='ocrx_word' id='word_1_272' title='bbox 689 4345 825 4424; x_wconf 86' lang='lat' dir='ltr'>splendor</span> <span class='ocrx_word' id='word_1_273' title='bbox 835 4345 908 4403; x_wconf 89' lang='lat' dir='ltr'>lucis</span> <span class='ocrx_word' id='word_1_274' title='bbox 919 4356 1001 4402; x_wconf 83' lang='lat' dir='ltr'>aeter-</span> <span class='ocrx_word' id='word_1_275' title='bbox 1054 4345 1116 4403; x_wconf 90' lang='lat' dir='ltr'>dies</span> <span class='ocrx_word' id='word_1_276' title='bbox 1134 4366 1250 4422; x_wconf 88' lang='lat' dir='ltr'>quoque</span> <span class='ocrx_word' id='word_1_277' title='bbox 1269 4364 1426 4420; x_wconf 83' lang='lat' dir='ltr'>numquam</span> <span class='ocrx_word' id='word_1_278' title='bbox 1447 4344 1550 4402; x_wconf 83' lang='lat' dir='ltr'>defice-</span> 
     </span>
     <span class='ocr_line' id='line_1_33' title="bbox 506 4424 1550 4503; baseline -0.003 -20"><span class='ocrx_word' id='word_1_279' title='bbox 506 4446 561 4491; x_wconf 82' lang='lat' dir='ltr'>noe‚</span> <span class='ocrx_word' id='word_1_280' title='bbox 572 4445 689 4503; x_wconf 84' lang='lat' dir='ltr'>prorsus</span> <span class='ocrx_word' id='word_1_281' title='bbox 699 4437 729 4484; x_wconf 82' lang='lat' dir='ltr'>et</span> <span class='ocrx_word' id='word_1_282' title='bbox 738 4426 799 4503; x_wconf 86' lang='lat' dir='ltr'>ipse</span> <span class='ocrx_word' id='word_1_283' title='bbox 809 4437 937 4483; x_wconf 73' lang='lat' dir='ltr'>eternus</span> <span class='ocrx_word' id='word_1_284' title='bbox 947 4436 1002 4482; x_wconf 87' lang='lat' dir='ltr'>est.</span> <span class='ocrx_word' id='word_1_285' title='bbox 1055 4437 1109 4483; x_wconf 88' lang='lat' dir='ltr'>ret.</span> <span class='ocrx_word' id='word_1_286' title='bbox 1138 4425 1227 4483; x_wconf 89' lang='lat' dir='ltr'>Nunc</span> <span class='ocrx_word' id='word_1_287' title='bbox 1242 4438 1339 4483; x_wconf 80' lang='lat' dir='ltr'>autern</span> <span class='ocrx_word' id='word_1_288' title='bbox 1352 4428 1460 4500; x_wconf 79' lang='lat' dir='ltr'>(neque</span> <span class='ocrx_word' id='word_1_289' title='bbox 1474 4424 1550 4481; x_wconf 89' lang='lat' dir='ltr'>enim</span> 
     </span>
     <span class='ocr_line' id='line_1_34' title="bbox 507 4502 1549 4582; baseline -0.002 -21"><span class='ocrx_word' id='word_1_290' title='bbox 507 4504 588 4563; x_wconf 84' lang='lat' dir='ltr'>Luce</span> <span class='ocrx_word' id='word_1_291' title='bbox 605 4506 682 4563; x_wconf 89' lang='lat' dir='ltr'>enim</span> <span class='ocrx_word' id='word_1_292' title='bbox 701 4524 815 4582; x_wconf 79' lang='lat' dir='ltr'>semper</span> <span class='ocrx_word' id='word_1_293' title='bbox 833 4504 1002 4569; x_wconf 82' lang='lat' dir='ltr'>exsistente,</span> <span class='ocrx_word' id='word_1_294' title='bbox 1054 4505 1094 4561; x_wconf 79' lang='lat' dir='ltr'>itu</span> <span class='ocrx_word' id='word_1_295' title='bbox 1116 4525 1146 4563; x_wconf 89' lang='lat' dir='ltr'>se</span> <span class='ocrx_word' id='word_1_296' title='bbox 1166 4524 1212 4563; x_wconf 89' lang='lat' dir='ltr'>res</span> <span class='ocrx_word' id='word_1_297' title='bbox 1231 4506 1330 4577; x_wconf 80' lang='lat' dir='ltr'>habet)</span> <span class='ocrx_word' id='word_1_298' title='bbox 1347 4503 1409 4562; x_wconf 87' lang='lat' dir='ltr'>dies</span> <span class='ocrx_word' id='word_1_299' title='bbox 1430 4502 1489 4560; x_wconf 89' lang='lat' dir='ltr'>sole</span> <span class='ocrx_word' id='word_1_300' title='bbox 1507 4504 1549 4559; x_wconf 92' lang='lat' dir='ltr'>in-</span> 
     </span>
     <span class='ocr_line' id='line_1_35' title="bbox 507 4582 1551 4663; baseline -0.001 -23"><span class='ocrx_word' id='word_1_301' title='bbox 507 4584 692 4642; x_wconf 75' lang='lat' dir='ltr'>manifestum</span> <span class='ocrx_word' id='word_1_302' title='bbox 711 4595 756 4641; x_wconf 83' lang='lat' dir='ltr'>est</span> <span class='ocrx_word' id='word_1_303' title='bbox 770 4596 801 4639; x_wconf 89' lang='lat' dir='ltr'>et</span> <span class='ocrx_word' id='word_1_304' title='bbox 819 4582 1001 4661; x_wconf 85' lang='lat' dir='ltr'>splendorem</span> <span class='ocrx_word' id='word_1_305' title='bbox 1054 4584 1181 4663; x_wconf 88' lang='lat' dir='ltr'>cipiente</span> <span class='ocrx_word' id='word_1_306' title='bbox 1206 4584 1319 4662; x_wconf 87' lang='lat' dir='ltr'>incipit,</span> <span class='ocrx_word' id='word_1_307' title='bbox 1342 4605 1374 4641; x_wconf 85' lang='lat' dir='ltr'>sc</span> <span class='ocrx_word' id='word_1_308' title='bbox 1399 4583 1551 4641; x_wconf 83' lang='lat' dir='ltr'>desinente</span> 
     </span>
    </p>
   </div>
   <div class='ocr_carea' id='block_1_8' title="bbox 0 0 1854 5667">
    <p class='ocr_par' dir='ltr' id='par_1_12' title="bbox 0 0 1854 5667">
     <span class='ocr_line' id='line_1_36' title="bbox 0 0 1854 5667; baseline 0 0"><span class='ocrx_word' id='word_1_309' title='bbox 0 0 1854 5667; x_wconf 95' lang='lat' dir='ltr'> </span> 
     </span>
    </p>
   </div>
  </div>
 </body>
</html>
