3700 5667
524 678 589 740 AD
613 677 888 740 DIONYSIUM
914 676 1176 743 ROMANUM.
1307 682 1372 757 397

808 960 887 1021 VII.

646 1148 698 1209 Εσ
712 1146 810 1210 eudem
824 1144 901 1209 libro
914 1145 1050 1208 seeundo.

374 1282 445 1345 ‘'Eu
464 1283 542 1368 ὀρχῇ
561 1282 598 1360 ἦν
613 1284 629 1345 ό
643 1284 745 1362 λόγος·
769 1279 838 1345 ἀλλ’
851 1281 904 1345 οὐκ
917 1280 955 1358 ἣν
969 1282 1062 1362 λόγος
1076 1283 1093 1344 ό
1108 1281 1163 1345 τόν
1176 1285 1273 1362 λόγον
1286 1281 1375 1359 προό-

328 1413 427 1468 μενος·
450 1387 535 1453 s’Hv
549 1393 607 1470 γὰρ
625 1392 641 1452 ό
659 1392 753 1470 λόγος
772 1389 844 1471 πρὸς
864 1390 917 1453 τὸν
933 1391 1025 1454 Θεόν·
1047 1391 1170 1471 11σοφία
1183 1391 1373 1472 γεγένηταιό

332 1502 436 1579 κύριος·
460 1500 513 1562 σι’νιι
527 1499 564 1577 ἦν
579 1501 632 1563 οὖν
647 1501 742 1580 σοφία
756 1502 773 1562 ό
788 1500 842 1578 τὴν
857 1500 971 1580 σοφίαν
986 1500 1076 1564 ἀνείς·
1101 1498 1199 1580 ΙἘγὼ
1213 1503 1271 1580 γαρ
1285 1501 1373 1580 ἥμην,

329 1606 463 1693 φησὶν,ᾗ
479 1608 686 1691 προσέχαιρεν.
711 1609 838 1688 ἀλήθειό
852 1611 936 1672 ἔστιν
950 1610 967 1670 ό
982 1611 1120 1688 Χριστός·
1145 1610 1315 1690 Εὐλογητὸς
1329 1612 1372 1683 δὲ,

330 1724 434 1796 φησιν,
451 1719 467 1778 ό
489 1717 568 1783 Θεὸς
587 1721 638 1795 τῆς
657 1718 807 1797 ἀληθείας.
854 1724 972 1783 Profert
990 1724 1052 1781 hoec
1072 1723 1105 1781 S.
1119 1723 1307 1787 Athanasius,
1322 1722 1373 1781 ubi

328 1847 425 1905 supra,
441 1847 471 1885 π.
486 1847 553 1884 xxv.
570 1848 597 1905 p.
612 1827 681 1886 260.

371 2054 407 2110 In
426 2054 572 2132 principio
593 2064 655 2112 erut
682 2056 822 2114 Verbum:
875 2057 966 2134 igitur
980 2054 1121 2132 sapientia
1135 2053 1184 2130 qui
1201 2052 1373 2130 sapientium

331 2133 381 2191 sed
413 2153 471 2189 non
502 2144 564 2191 erat
589 2133 722 2193 Verbum
746 2137 826 2211 quod
875 2135 1034 2215 produxit;
1058 2136 1120 2210 Ego
1133 2134 1210 2191 enim
1225 2153 1312 2198 eram.
1329 2132 1373 2189 in-

332 2212 464 2270 verbum
488 2212 675 2290 produxerit:
705 2215 825 2273 Verbum
875 2215 950 2292 quit,
960 2235 1017 2293 qua
1028 2212 1232 2271 delectabatur.
1254 2210 1373 2270 Veritas

332 2292 408 2349 enim
425 2301 487 2350 erat
498 2295 579 2370 apud
589 2294 692 2352 Deum.
721 2295 825 2352 Domi·
875 2307 919 2353 est
942 2294 1094 2352 Christus:
1126 2292 1299 2350 Benedictus
1319 2312 1373 2349 uu·

329 2391 384 2429 nus
411 2372 553 2450 sapientia
581 2385 644 2433 est:
676 2394 735 2431 non
764 2387 826 2433 erat
876 2383 940 2439 um,
955 2373 1006 2442 uit,
1023 2373 1104 2430 Deus
1117 2371 1259 2429 veritatis.

709 2650 993 2699 ..ψ-

799 2898 899 2962 VIII.
978 2844 981 2851 Ι

683 3089 775 3152 Oircu
789 3087 922 3151 medium
936 3108 1017 3171 ορατ.

372 3244 409 3304 Ei
443 3244 481 3326 τῷ
515 3246 591 3320 τρεῖς
626 3240 701 3305 εἶναι
735 3244 788 3307 τὰς
820 3240 1013 3317 ὑποστάσεις,
1043 3238 1262 3320 μεμερισμένας
1297 3238 1373 3303 εἶναι

331 3349 466 3429 λέγουσι,
491 3357 569 3429 τρεῖς
593 3350 661 3420 είσὶ,
686 3348 742 3431 κᾷν
763 3348 804 3428 μὴ
827 3349 971 3424 θέλωσιν,
995 3346 1014 3424 ἣ
1037 3347 1092 3424 τὴν
1116 3349 1201 3431 θείαν
1220 3352 1372 3411 ΤΡΙΑΔΑ

329 3464 483 3524 παντελῶς
498 3457 701 3524 ἀνελέτωσον.

370 3572 417 3625 Καὶ
431 3572 510 3624 πάλιν
525 3568 634 3644 (inquit
651 3568 682 3626 S.
697 3567 830 3625 Basilius
846 3566 923 3633 M.):

373 3671 519 3750 Θειοτότη
540 3675 597 3753 γὰρ
618 3675 665 3735 διὰ
686 3677 783 3748 τοῦτο,
799 3674 873 3750 μετὰ
892 3671 947 3749 τὴν
967 3669 1095 3733 Μονόδα
1116 3669 1164 3730 καὶ
1177 3664 1219 3730 Ἥ
1240 3672 1371 3730 ΤΡΙΑΣ.

329 3780 443 3839 Extant
460 3782 520 3840 haec
537 3782 616 3860 apud
635 3783 667 3840 S.
679 3783 824 3841 Basilium
840 3782 982 3861 Magnum
997 3782 1032 3849 de
1048 3780 1160 3858 Spiritu
1177 3779 1293 3845 Sancto,
1308 3799 1371 3857 cup.

329 3885 442 3962 penult.
464 3907 492 3963 p.
507 3888 555 3943 61,

369 4098 400 4157 si
421 4118 455 4155 eo
475 4097 554 4173 quod
574 4111 633 4157 tres
654 4100 713 4156 sint
733 4099 825 4177 hypo-
876 4097 990 4157 tollunt.

327 4189 427 4243 stanes,
438 4177 546 4235 divisas
558 4178 665 4243 dicunt,
675 4187 736 4235 tres
746 4189 824 4243 sunt,
916 4179 1041 4255 Propter
1058 4177 1113 4234 hoc
1129 4176 1206 4234 enim
1222 4186 1287 4268 ροιι
1304 4175 1371 4233 uni·

330 4257 416 4314 etiam
439 4257 462 4314 si
485 4255 597 4327 nolint;
626 4269 677 4315 aut
698 4257 824 4314 divinum
875 4268 975 4324 tatem,
990 4268 1035 4315 eut
1054 4267 1084 4314 et
1103 4255 1282 4313 divinissima
1303 4254 1368 4311 Tri·

330 4335 504 4394 Trinitatem
536 4357 653 4413 prorsus
684 4357 700 4394 e
728 4337 825 4396 medio
874 4337 961 4395 nitus.

459 4547 552 4594 ίόαιιιι.
564 4547 579 4593 i.
596 4560 615 4591 ι.
1008 4557 1022 4591 ιτ
1036 4544 1097 4592 Ibid.
1110 4557 1133 4603 5.

458 4628 472 4664 h
490 4641 496 4672 ι
513 4629 568 4674 Cor.
582 4627 597 4673 i.
610 4639 648 4683 τι.
1011 4625 1016 4659 ἰ
1030 4624 1099 4671 I‘eov.
1114 4621 1162 4668 viii.
1175 4635 1214 4681 30.
