3700 5667
310 655 375 725 292
601 650 852 728 RELIQUIAE
879 649 1058 714 sAcRAE.

311 824 410 925 πλήν
428 850 511 903 σου·
540 820 591 902 σὺ
609 821 680 925 γὰρ
699 818 732 900 εἶ
748 823 768 900 5
787 820 891 920 Θεὸς,
906 825 964 901 καὶ
982 823 1047 902 οὐκ
1065 817 1220 926 ᾔδειμεν,
1233 824 1253 901 5
1267 820 1368 905 Θεὸς

311 967 375 1039 τοῦ
397 954 549 1060 Ἰσραὴλ
574 953 710 1058 σωτήρ.
742 958 801 1034 καὶ
827 955 927 1058 παρὰ
951 962 1003 1062 τῷ
1029 956 1237 1064 ἀποστόλερ·
1272 953 1371 1064 ἰἘξ

311 1091 362 1172 ὧν
389 1094 409 1171 5
439 1089 612 1193 Χριστὸς,
640 1089 682 1169 τὸ
710 1088 803 1169 κατὰ
830 1089 963 1192 σάρκα·
1000 1091 1020 1168 5
1050 1088 1102 1170 ὧν
1130 1094 1188 1171 ε’πὶ
1216 1089 1368 1171 πάντων

312 1226 404 1310 Θεὸς
422 1223 617 1327 εὐλογητὸς
635 1231 683 1309 εἶν
701 1222 783 1308 τοὺς
802 1230 942 1308 αἰῶνας.
971 1224 1076 1326 ἀμήν.
1105 1234 1180 1323 τοῦ,
1199 1228 1219 1304 5
1238 1225 1287 1304 ὢν
1304 1227 1366 1305 ἐπὶ

310 1359 468 1441 πάντων·
499 1361 557 1439 καὶ
584 1365 658 1456 τοῦ,
678 1356 778 1457 πλήν
805 1392 890 1454 σου,
913 1360 1104 1459 νοουμένου
1131 1362 1190 1440 ἐπὶ
1216 1358 1394 1452 πάντων5

311 1501 479 1598 γενητῶν.
512 1495 570 1571 καὶ
589 1494 627 1571 ἐν
644 1498 696 1600 τῷ
714 1491 842 1591 Ὠιι-ἦε·
880 1492 1010 1572 Ι(Διότι
1028 1496 1048 1571 5
1068 1492 1161 1577 Θεὸς
1184 1493 1254 1596 ε’γῶ
1274 1500 1360 1593 εἶμι,

311 1633 371 1711 καὶ
389 1630 453 1710 οὐκ
472 1628 673 1731 ἅνθρωπος,
688 1630 727 1707 ε’ν
745 1629 808 1706 σοὶ
826 1622 938 1728 ἅγιος,
953 1631 1011 1706 καὶ
1026 1630 1090 1707 οὐκ
1109 1627 1363 1727 εἰσελεύσομαι

311 1770 361 1848 εἷς
381 1760 501 1859 πόλιν,
526 1764 646 1843 ὀπίσω
673 1763 808 1865 Κυρίου
832 1761 1067 1864 πορεύσομαι.
1099 1766 1158 1842 καὶ
1181 1769 1297 1842 πᾶσαι
1324 1769 1361 1842 αἱ

312 1895 544 1980 θεόπνευστοι
560 1898 699 2002 γραφαὶ
718 1896 813 1976 Θεὸν
831 1896 895 1976 τὸν
914 1895 989 1976 υἱὸν
1006 1907 1071 1977 τοῦ
1089 1903 1185 1978 Θεοῦ
1201 1897 1356 1997 μηνύου-

312 2061 385 2114 σιν·
415 2029 457 2116 ἃς
481 2032 560 2112 καθ’
580 2030 737 2131 ἑκάστην
757 2031 1020 2135 παρατίθεσθαι
1043 2030 1108 2111 τὸν
1126 2031 1202 2111 υἱὸν
1221 2033 1296 2132 (σοι.
1317 2034 1361 2114 τὸ
1375 2064 1414 2104 10

313 2177 376 2250 νῦν
394 2184 454 2243 vid.
469 2166 549 2268 not.)
573 2168 839 2269 ὑπερτιθέμεθα.

368 2310 509 2384 Τοῦτον
532 2301 748 2400 πιστεύομεν
765 2301 836 2381 σὸν
855 2309 906 2410 τῷ
929 2306 1038 2407 πατρὶ
1063 2307 1129 2383 αιέὶ
1148 2302 1234 2383 ὄντα
1253 2307 1360 2384 ἐκπε-

312 2436 539 2540 πληρωκεναι
566 2433 610 2516 τὸ
636 2435 809 2538 πατρικὸν
836 2435 1006 2535 βούλημα
1033 2435 1124 2539 πρὸς
1151 2435 1217 2536 τὴν
1244 2438 1363 2516 κτίσιν

312 2577 384 2651 τῶν
402 2569 511 2650 ὅλων·
542 2563 680 2668 ιΑὐτὸς
702 2567 774 2672 γὰρ
792 2565 876 2667 εἶπε,
896 2573 955 2650 καὶ
972 2571 1226 2671 ἐγεννήθησαν·
1256 2571 1362 2656 αι’σὸς

311 2707 518 2803 ἐνετείλατο,
537 2708 596 2784 καὶ
617 2706 849 2805 ἐκτίσθησαν.
878 2709 898 2785 5
917 2705 956 2786 δὲ
973 2707 1224 2805 ἐντελλόμενος
1241 2707 1360 2815 ἑτέρῳ,
1374 2735 1411 2792 15

311 2840 514 2919 ε’ντελλεται
546 2840 626 2919 τινί·
667 2838 708 2919 ὃν
740 2841 804 2918 οὐκ
836 2841 956 2920 ἄλλον
984 2842 1217 2939 πεπείσμεθα,
1247 2841 1270 2942 ἢ
1299 2842 1363 2922 τὸν

311 2977 486 3074 μονογενῆ
504 2969 580 3051 υἱὸν
594 2981 659 3051 τοῦ
678 2977 774 3051 Θεοῦ
794 2971 899 3070 Θεὸν,
916 2971 946 3080 ᾧ
966 2979 1024 3051 καὶ
1042 2970 1128 3070 εἷπε,
1154 2996 1178 3027 ¹¹¹
1191 2977 1361 3076 Ποιήσω-

312 3143 378 3209 μεν
399 3108 588 3211 ἅνθρονπον
612 3113 687 3186 κατ’
705 3104 833 3198 εἰκόνα,
854 3107 911 3187 καὶ
934 3107 1011 3184 καθ
1032 3108 1205 3203 ὁμοίωσιν
1231 3111 1356 3206 ἡμετέ-

314 3356 370 3413 nim
376 3354 532 3422 anetem
537 3349 705 3412 nescivimus
710 3374 719 3422 3
730 3350 812 3410 Deus
862 3350 919 3409 Dei
932 3348 1092 3409 declarant:
1110 3367 1182 3425 quas
1192 3346 1357 3425 singulatim

313 3435 410 3495 Israel
422 3436 556 3493 salvator.
591 3433 634 3491 Et
647 3432 726 3511 apud
740 3450 809 3511 apo·
861 3450 1033 3569 proponere,
1044 3430 1075 3488 in
1086 3429 1166 3488 aliud
1176 3439 1292 3506 tempus
1302 3429 1358 3488 dif-
1372 3438 1408 3475 20

313 3515 438 3575 stolum:
462 3513 621 3594 Εαηιιὶὁιιι
631 3513 811 3572 Christum·¹
875 3513 993 3571 erimus.

313 3595 434 3653 cundum
456 3614 580 3660 carnem,
596 3594 646 3685 qui
663 3602 705 3652 est
725 3613 813 3672 super
904 3585 996 3650 Hune
1025 3584 1144 3658 Filium,
1169 3591 1219 3667 qui
1248 3610 1361 3668 semper

312 3674 408 3733 omnia
420 3672 811 3732 Deusbenedwtusinsaecu-
862 3692 928 3731 eum
953 3672 1040 3730 Patre
1063 3682 1116 3736 est.
1140 3670 1284 3729 credimus
1306 3671 1361 3726 im.

312 3752 353 3821 ἱα,
361 3755 460 3811 Amen.
489 3750 524 3808 In
538 3752 644 3829 quibus
658 3751 741 3819 illud,
754 3752 813 3818 Qui
862 3751 987 3846 plevim
1008 3750 1188 3809 voluntatem
1210 3760 1359 3828 paternam

313 3841 450 3909 estsuper
459 3832 552 3889 omnia
557 3853 571 3898 ;
590 3842 621 3890 et
631 3831 715 3899 illud,
729 3832 811 3890 Prae·
862 3851 893 3890 m
911 3829 1057 3890 creatione
1074 3829 1211 3888 universi.
1240 3829 1311 3908 Ipse
1332 3850 1359 3887 e·
1373 3844 1387 3882 2
1393 3845 1409 3903 5

315 3919 397 3969 terte
403 3931 418 3976 ,·
434 3910 464 3967 in
473 3910 608 3969 omnibus
616 3912 755 3970 creaturis
767 3912 811 3970 in·
862 3911 919 3969 nim
941 3911 1021 3978 dixit,
1044 3919 1069 3969 et
1081 3907 1170 3988 sacta
1190 3919 1275 3968 sunt:
1302 3910 1363 3988 ipse

313 3988 504 4068 telligendum
521 4000 575 4049 est.
611 3989 654 4048 Et
668 3991 700 4049 in
717 3991 811 4051 Osea:
862 3991 1019 4056 mandavit,
1035 4000 1060 4050 et
1075 3999 1171 4050 creata
1185 3999 1260 4048 sunt.
1300 3990 1361 4061 Qui

315 4068 457 4135 Quoniam
471 4070 552 4128 Deus
566 4090 617 4149 ego
629 4090 701 4138 eum,
716 4081 743 4129 et
758 4093 812 4131 non
861 4082 960 4130 autem
981 4071 1109 4137 mandat,
1129 4069 1212 4129 alteri
1234 4070 1361 4129 mandat.

314 4148 395 4209 Ιιουιο
409 4149 438 4209 in
453 4157 480 4208 le
496 4158 635 4218 sanctum
658 4159 685 4210 et
699 4173 754 4211 ιιοιι
768 4152 811 4210 in·
861 4171 949 4229 quem
971 4171 1029 4209 non
1049 4152 1138 4210 alium
1159 4171 1222 4210 esse
1242 4171 1361 4229 persua·

313 4230 433 4304 grediar
446 4232 475 4288 ιἰι
491 4232 650 4290 civitatem:
669 4241 732 4309 ροτι
748 4233 810 4291 Do-
862 4251 926 4290 sum
948 4232 1097 4299 habemus,
1119 4251 1206 4307 quam
1227 4231 1360 4308 unigeni·
1371 4245 1410 4300 30

314 4306 418 4368 minum
443 4312 602 4370 ambulabo.
646 4310 688 4371 Et
712 4331 812 4370 omnes
862 4321 925 4370 tum
956 4310 1064 4370 Filium
1095 4311 1152 4369 Dei
1182 4311 1289 4376 Deum,
1314 4311 1361 4367 cui

312 4389 465 4469 scriptura
475 4390 581 4449 divinae
592 4392 689 4450 Deum
702 4391 810 4449 Filium
863 4391 959 4450 dixitx
991 4393 1140 4451 Faciamus
1162 4387 1298 4450 hominem
1322 4391 1363 4448 ad

446 4558 538 4608 ¹Rom.
549 4560 582 4608 ix.
595 4575 618 4622 5.
1004 4563 1140 4611 kosmi.
1153 4577 1178 4623 9,
1193 4577 1229 4610 ια

444 4640 452 4677 l
466 4639 505 4687 Ρι.
517 4640 606 4688 cxlviii.
621 4655 644 4702 5.
1006 4655 1029 4684 m
1042 4644 1105 4693 Gen.
1117 4646 1133 4691 i.
1148 4643 1188 4692 26„
