3700 5667
595 669 643 733 IN
667 669 701 734 S.
717 669 930 735 CORNELII
954 671 1252 737 FRAGMENTA.
1407 676 1448 743 77

390 840 578 927 plenamque
591 862 662 905 nrm
675 840 852 926 baptismata
864 863 953 927 aqua
966 842 1152 926 conylraetam
1167 853 1219 919 est,
1230 844 1271 906 rit
1280 844 1450 922 mutitare,

397 943 562 1028 siquidm
579 963 708 1027 portos
726 941 874 1028 baptisma
892 946 1040 1022 tradetur,
1056 947 1168 1030 intepre
1188 954 1217 1009 et
1237 945 1449 1009 solemniteret

392 1068 455 1133 per
467 1046 572 1110 omnio
586 1066 656 1130 qam
668 1045 785 1130 scripta
803 1056 872 1110 sant
890 1047 1075 1132 adipemur,
1090 1057 1180 1132 atque
1193 1047 1257 1110 sirac
1276 1047 1341 1110 allo
1357 1047 1450 1111 ellim

399 1149 647 1235 reimporntiom
657 1149 824 1212 trudatur:
838 1159 893 1213 oct
903 1149 931 1212 ci
941 1172 962 1212 a
974 1151 1087 1214 minore
1095 1149 1173 1214 clero
1180 1151 1450 1234 permeessitotom

400 1251 552 1314 medinm
564 1249 680 1335 finit,
695 1259 829 1315 nomam
850 1260 1052 1335 menas,
1069 1253 1124 1326 de.
1142 1252 1195 1314 ubi
1212 1252 1298 1315 vides
1322 1253 1448 1337 presby·

401 1362 489 1419 teron
513 1353 557 1417 ab
583 1352 763 1417 hominibus
785 1354 915 1417 minoris
939 1353 1013 1418 cleri
1039 1362 1149 1438 aperte
1173 1354 1334 1440 distingui.
1389 1357 1450 1420 Ait

401 1456 486 1520 enim
505 1456 638 1520 minoris
656 1456 731 1520 cleri
754 1456 897 1521 homines
919 1456 1087 1541 ingruente
1109 1464 1236 1521 tuntum
1260 1458 1449 1523 necessitate

402 1559 563 1644 baptisma
577 1559 738 1622 conferre:
761 1559 844 1643 quod
864 1559 1059 1644 presbyteris
1078 1580 1278 1645 nequaquam
1292 1562 1448 1625 convenit.

404 1661 569 1725 Vsnmms.
624 1661 756 1748 [Confer
780 1662 878 1726 verba
905 1661 1070 1746 scriptoris
1098 1685 1119 1726 a
1141 1661 1330 1727 Constantio
1359 1664 1448 1727 allati

402 1764 466 1828 fine
486 1772 574 1828 notoe
604 1763 655 1827 hic
683 1764 826 1848 proxime
854 1764 1015 1848 sequentis
1036 1765 1069 1827 in
1092 1787 1184 1829 voces
1208 1765 1343 1842 Ποιήσας
1365 1766 1446 1849 γάρ]

403 1867 434 1929 Α
450 1866 545 1930 litera
559 1865 675 1930 Graeea
690 1865 833 1930 Valesius
852 1867 994 1930 nonnihil
1016 1867 1137 1932 recedit
1155 1867 1189 1929 in
1203 1867 1287 1930 huno
1303 1869 1447 1932 modum:

403 1969 471 2033 Nec
482 1990 661 2054 quemqnam
674 1989 711 2031 en
725 1968 776 2042 iis,
791 1969 844 2054 qui
858 1979 978 2053 arpenta
991 1970 1023 2032 oi
1037 1969 1133 2032 morbi
1147 1971 1182 2032 ic
1199 1969 1303 2033 lectolo
1318 1973 1450 2055 perinde

402 2092 441 2135 oo
454 2071 636 2155 ilkpersasi
644 2070 790 2154 ficissent,
803 2072 838 2134 lo
856 2072 968 2135 cleram
988 2072 1111 2135 osmod.
1158 2072 1235 2135 Plus
1256 2072 1341 2136 onim
1362 2073 1450 2148 illud,

403 2195 582 2260 qamtqaom
602 2195 638 2237 cn
661 2174 714 2250 iis,
737 2176 820 2238 unde
843 2176 989 2260 exceptio
1015 2176 1117 2239 omnis
1141 2175 1330 2252 excluditur,
1354 2199 1450 2261 quam

404 2275 561 2362 porticula
574 2276 637 2351 τὸν,
652 2285 762 2341 sonat:
785 2277 866 2341 sieut
882 2277 1111 2363 significantius
1125 2277 1244 2362 aliquid
1260 2300 1326 2362 prae
1341 2301 1376 2341 se
1387 2278 1449 2342 sert

404 2381 439 2444 io
451 2379 585 2465 aliquem
598 2379 718 2448 derosa
734 2401 829 2463 quam
846 2380 1031 2463 simpliciter
1050 2380 1084 2442 in
1102 2380 1221 2444 ebrum.
1267 2380 1449 2465 Disciplinae

405 2483 498 2568 hujus
512 2481 714 2545 severitatem
730 2481 893 2565 aliquanto
908 2491 981 2565 post
993 2483 1132 2546 Cornelii
1147 2505 1248 2546 aevum
1262 2485 1450 2568 temperavit

407 2584 662 2649 Neocaesariense
678 2584 851 2659 concilium,
868 2584 1027 2647 hominem
1042 2584 1073 2646 in
1097 2585 1180 2648 lecto
1201 2585 1363 2667 perfusum
1386 2608 1449 2648 non

405 2687 447 2751 ab
455 2688 540 2751 omni
556 2687 629 2749 cleri
644 2687 756 2771 gradu,
766 2688 822 2750 sed
837 2708 857 2749 a
872 2687 1069 2771 presbyterio
1078 2688 1248 2751 dumtaxat
1259 2687 1448 2761 excludens;

406 2789 502 2853 immo
530 2811 602 2852 eum
632 2789 729 2853 etiam
757 2790 800 2852 ad
829 2791 912 2853 hunc
941 2790 1074 2874 gradum
1105 2788 1232 2872 provehi
1263 2790 1451 2873 permittens

400 2901 528 2976 propter
547 2911 718 2975 consequens
738 2891 801 2971 mles
820 2892 955 2954 maulim
977 2891 1124 2973 etfldem,
1140 2890 1347 2975 bominumque
1364 2893 1449 2954 rari-

407 3003 505 3057 tatem.
553 2993 769 3058 Praesenserat
789 2994 963 3070 Fabianus,
983 3015 1038 3056 seu
1059 2994 1160 3077 quivis
1180 2993 1260 3057 nlius
1281 2994 1451 3058 Novatiani

407 3095 581 3171 ordinator,
605 3096 785 3182 hujusmodi
809 3097 1027 3180 exceptionem
1054 3117 1111 3178 per
1133 3094 1377 3159 ecclesiasticum
1403 3117 1451 3158 re-

407 3198 511 3282 gulam
536 3198 688 3282 permitti.
734 3200 803 3262 Neo
830 3206 950 3262 temere
973 3197 1105 3271 divinat,
1130 3198 1182 3280 qni
1206 3198 1353 3281 episcopo
1378 3197 1451 3259 huie

407 3299 544 3363 maximo
559 3299 729 3364 Novatiani
749 3300 907 3385 ingenium
927 3307 961 3364 et
981 3300 1204 3383 eloquentiam,
1226 3322 1296 3382 quae
1318 3300 1350 3361 in
1370 3298 1452 3361 illius

408 3401 593 3486 scriptione
615 3403 800 3466 nominatim
823 3402 855 3465 in
877 3402 1012 3487 epistola
1033 3399 1452 3487 apudeprianum31.ab

409 3500 477 3586 ipso
501 3499 622 3585 scriptu
644 3501 825 3585 suspicitur,
852 3500 1007 3585 placuisse
1033 3499 1202 3583 conjectat.
1256 3497 1317 3578 Qui
1344 3506 1452 3560 autem

409 3601 580 3668 Novatiani
594 3602 798 3680 ordinationi,
811 3624 883 3666 oum
903 3603 945 3666 ad
968 3602 1156 3686 presbyterii
1178 3599 1320 3664 ordinem
1343 3621 1452 3683 prove·

408 3703 549 3781 heretur,
573 3704 830 3778 intercesserunt,
854 3704 1084 3768 ecclesiasticas
1107 3701 1293 3786 objicientes
1316 3701 1453 3784 regulas,

408 3807 522 3891 quibus
535 3806 715 3891 quempiam
730 3806 762 3868 in
779 3805 861 3869 lecto
879 3806 1040 3890 pertusum
1055 3805 1097 3868 cd
1117 3804 1215 3866 ullum
1229 3802 1303 3867 cleri
1318 3804 1452 3887 gradum

409 3910 524 3973 usumi
547 3909 784 3992 prohibebatur,
806 3908 898 3971 simili
920 3908 1045 3971 ratione
1067 3914 1163 3971 antea
1185 3906 1380 3969 intercedere
1399 3906 1452 3968 de·

410 4009 553 4088 buerant,
570 4009 596 4072 si
611 4010 693 4073 ullus
708 4009 736 4073 ei
751 4010 869 4094 gradrm
883 4009 1017 4072 collatus
1031 4008 1152 4071 luisset.
1198 4006 1353 4087 Quocirca
1368 4027 1452 4088 pree·

411 4112 523 4195 hyterii
538 4112 727 4197 dignitatem
748 4110 807 4196 ipsi
822 4133 878 4195 per
893 4110 1022 4187 saltum,
1038 4109 1237 4172 inferioribus
1252 4106 1323 4169 aliis
1337 4106 1453 4169 ordini·

412 4214 467 4276 bus
482 4213 713 4300 pratenuissis,
725 4213 872 4276 collatam
886 4235 955 4276 esse
968 4211 1113 4275 Valesius
1127 4222 1224 4292 atque
1234 4204 1454 4269 Tillemontius

411 4315 480 4379 inde
495 4316 677 4402 conjiciunt.
703 4317 876 4379 Cousmnr.

453 4418 489 4480 P.
507 4417 558 4479 26.
579 4416 665 4499 l.13.
689 4413 826 4494 Ποιήσας
849 4417 907 4496 γὰρ
933 4418 987 4481 τὰς
1015 4411 1285 4494 reparemus—ml
1310 4411 1455 4475 ἐπιδιδοὺς

411 4521 508 4603 τοῦτο]
531 4516 705 4602 Proprium
726 4523 798 4580 erat
820 4516 997 4600 presbyteri
1020 4514 1169 4589 officium,
1183 4510 1406 4575 eucharistiam
1422 4517 1455 4575 et

410 4619 535 4685 ealieem
550 4619 697 4684 fidelibus
711 4618 744 4681 in
758 4638 871 4681 manus
885 4617 1031 4681 tradere:
1054 4617 1149 4700 idque
1164 4617 1315 4678 ἐπιδοῦναι
1329 4612 1456 4696 proprie
