<?xml version="1.0" encoding="UTF-8"?>
<!DOCTYPE html PUBLIC "-//W3C//DTD XHTML 1.0 Transitional//EN"
    "http://www.w3.org/TR/xhtml1/DTD/xhtml1-transitional.dtd">
<html xmlns="http://www.w3.org/1999/xhtml" xml:lang="en" lang="en">
 <head>
  <title>
</title>
<meta http-equiv="Content-Type" content="text/html;charset=utf-8" />
  <meta name='ocr-system' content='tesseract 3.04.00' />
  <meta name='ocr-capabilities' content='ocr_page ocr_carea ocr_par ocr_line ocrx_word'/>
</head>
<body>
  <div class='ocr_page' id='page_1' title='image "./reliquiaesacrae08routgoog_0232.png"; bbox 0 0 3700 5667; ppageno 0'>
   <div class='ocr_carea' id='block_1_1' title="bbox 459 653 1211 732">
    <p class='ocr_par' dir='ltr' id='par_1_1' title="bbox 459 653 1211 732">
     <span class='ocr_line' id='line_1_1' title="bbox 459 653 1211 732; baseline -0.009 -10"><span class='ocrx_word' id='word_1_1' title='bbox 459 655 524 722; x_wconf 68' lang='lat'>226</span> <span class='ocrx_word' id='word_1_2' title='bbox 755 655 1005 732; x_wconf 83' lang='lat' dir='ltr'><strong>RELIQUIAE</strong></span> <span class='ocrx_word' id='word_1_3' title='bbox 1033 653 1211 717; x_wconf 82' lang='lat' dir='ltr'><strong>SACRAE.</strong></span> 
     </span>
    </p>
   </div>
   <div class='ocr_carea' id='block_1_2' title="bbox 457 825 1534 1875">
    <p class='ocr_par' dir='ltr' id='par_1_2' title="bbox 457 825 1534 1875">
     <span class='ocr_line' id='line_1_2' title="bbox 461 825 1506 932; baseline -0.008 -22"><span class='ocrx_word' id='word_1_4' title='bbox 461 831 617 932; x_wconf 81' lang='grc' dir='ltr'>ἅγγελος</span> <span class='ocrx_word' id='word_1_5' title='bbox 635 828 706 931; x_wconf 83' lang='grc' dir='ltr'>γὰρ</span> <span class='ocrx_word' id='word_1_6' title='bbox 727 827 860 929; x_wconf 84' lang='grc' dir='ltr'>Κυρίου</span> <span class='ocrx_word' id='word_1_7' title='bbox 880 825 1039 918; x_wconf 78' lang='grc' dir='ltr'>καταβὰς</span> <span class='ocrx_word' id='word_1_8' title='bbox 1061 826 1105 932; x_wconf 83' lang='grc' dir='ltr'>ἐξ</span> <span class='ocrx_word' id='word_1_9' title='bbox 1128 828 1289 926; x_wconf 86' lang='grc' dir='ltr'>οὐρανοῦ,</span> <span class='ocrx_word' id='word_1_10' title='bbox 1308 827 1367 902; x_wconf 78' lang='grc' dir='ltr'>καὶ</span> <span class='ocrx_word' id='word_1_11' title='bbox 1384 857 1506 926; x_wconf 88' lang='grc' dir='ltr'>προσ·</span> 
     </span>
     <span class='ocr_line' id='line_1_3' title="bbox 460 959 1508 1060; baseline -0.007 -15"><span class='ocrx_word' id='word_1_12' title='bbox 460 964 576 1046; x_wconf 84' lang='grc' dir='ltr'>ελθὼν</span> <span class='ocrx_word' id='word_1_13' title='bbox 595 963 793 1044; x_wconf 79' lang='grc' dir='ltr'>ἀπεκύλισε</span> <span class='ocrx_word' id='word_1_14' title='bbox 815 962 879 1041; x_wconf 84' lang='grc' dir='ltr'>τὸν</span> <span class='ocrx_word' id='word_1_15' title='bbox 898 964 1013 1052; x_wconf 86' lang='grc' dir='ltr'>λίθον,</span> <span class='ocrx_word' id='word_1_16' title='bbox 1034 966 1092 1041; x_wconf 79' lang='grc' dir='ltr'>καὶ</span> <span class='ocrx_word' id='word_1_17' title='bbox 1120 962 1270 1060; x_wconf 85' lang='grc' dir='ltr'>ἐκάθητο</span> <span class='ocrx_word' id='word_1_18' title='bbox 1294 959 1413 1040; x_wconf 82' lang='grc' dir='ltr'>ἐπάνω</span> <span class='ocrx_word' id='word_1_19' title='bbox 1440 962 1508 1038; x_wconf 88' lang='grc' dir='ltr'>αῦ-</span> 
     </span>
     <span class='ocr_line' id='line_1_4' title="bbox 459 1093 1510 1200; baseline -0.003 -22"><span class='ocrx_word' id='word_1_20' title='bbox 459 1107 534 1179; x_wconf 90' lang='grc' dir='ltr'>τοῦ.</span> <span class='ocrx_word' id='word_1_21' title='bbox 567 1097 610 1196; x_wconf 82' lang='grc' dir='ltr'>ἧν</span> <span class='ocrx_word' id='word_1_22' title='bbox 633 1097 670 1177; x_wconf 75' lang='grc' dir='ltr'>δὲ</span> <span class='ocrx_word' id='word_1_23' title='bbox 693 1099 715 1197; x_wconf 86' lang='grc' dir='ltr'>ή</span> <span class='ocrx_word' id='word_1_24' title='bbox 742 1099 816 1177; x_wconf 76' lang='grc' dir='ltr'>ἰδία</span> <span class='ocrx_word' id='word_1_25' title='bbox 834 1099 943 1177; x_wconf 83' lang='grc' dir='ltr'>αὐτοῦ</span> <span class='ocrx_word' id='word_1_26' title='bbox 968 1101 1017 1181; x_wconf 89' lang='grc' dir='ltr'>ὡς</span> <span class='ocrx_word' id='word_1_27' title='bbox 1038 1095 1219 1200; x_wconf 79' lang='grc' dir='ltr'>ἀστραπὴ,</span> <span class='ocrx_word' id='word_1_28' title='bbox 1239 1093 1357 1174; x_wconf 79' lang='grc' dir='ltr'>καὶτὸ</span> <span class='ocrx_word' id='word_1_29' title='bbox 1376 1096 1510 1192; x_wconf 80' lang='grc' dir='ltr'>ἔνδυμα</span> 
     </span>
     <span class='ocr_line' id='line_1_5' title="bbox 459 1231 1508 1338; baseline -0.003 -25"><span class='ocrx_word' id='word_1_30' title='bbox 459 1236 567 1313; x_wconf 87' lang='grc' dir='ltr'>αῦτοῦ</span> <span class='ocrx_word' id='word_1_31' title='bbox 592 1232 719 1313; x_wconf 77' lang='grc' dir='ltr'>λευκὸν</span> <span class='ocrx_word' id='word_1_32' title='bbox 746 1237 833 1313; x_wconf 74' lang='grc' dir='ltr'>ὡσεὶ</span> <span class='ocrx_word' id='word_1_33' title='bbox 858 1233 957 1338; x_wconf 79' lang='grc' dir='ltr'>χιών·</span> <span class='ocrx_word' id='word_1_34' title='bbox 986 1231 1057 1314; x_wconf 80' lang='grc' dir='ltr'>ἀπὸ</span> <span class='ocrx_word' id='word_1_35' title='bbox 1086 1231 1124 1312; x_wconf 72' lang='grc' dir='ltr'>δὲ</span> <span class='ocrx_word' id='word_1_36' title='bbox 1151 1240 1214 1311; x_wconf 88' lang='grc' dir='ltr'>τοῦ</span> <span class='ocrx_word' id='word_1_37' title='bbox 1240 1231 1360 1337; x_wconf 86' lang='grc' dir='ltr'>φόβου</span> <span class='ocrx_word' id='word_1_38' title='bbox 1388 1233 1508 1326; x_wconf 81' lang='grc' dir='ltr'>αὐτοῦ,</span> 
     </span>
     <span class='ocr_line' id='line_1_6' title="bbox 459 1366 1534 1471; baseline -0.001 -22"><span class='ocrx_word' id='word_1_39' title='bbox 459 1372 681 1469; x_wconf 83' lang='grc' dir='ltr'>ἐσείσθησαν</span> <span class='ocrx_word' id='word_1_40' title='bbox 705 1376 737 1449; x_wconf 86' lang='grc' dir='ltr'>οἱ</span> <span class='ocrx_word' id='word_1_41' title='bbox 763 1379 964 1471; x_wconf 85' lang='grc' dir='ltr'>τηροῦντες,</span> <span class='ocrx_word' id='word_1_42' title='bbox 991 1373 1049 1449; x_wconf 78' lang='grc' dir='ltr'>καὶ</span> <span class='ocrx_word' id='word_1_43' title='bbox 1074 1370 1237 1469; x_wconf 71' lang='grc' dir='ltr'>ἐγένοντο</span> <span class='ocrx_word' id='word_1_44' title='bbox 1265 1369 1352 1446; x_wconf 74' lang='grc' dir='ltr'>ὡσεὶ</span> <span class='ocrx_word' id='word_1_45' title='bbox 1379 1366 1534 1468; x_wconf 87' lang='grc' dir='ltr'>νεκροί.5</span> 
     </span>
     <span class='ocr_line' id='line_1_7' title="bbox 459 1499 1506 1608; baseline -0.005 -24"><span class='ocrx_word' id='word_1_46' title='bbox 459 1508 660 1608; x_wconf 76' lang='grc' dir='ltr'>ἀποκριθεὶς</span> <span class='ocrx_word' id='word_1_47' title='bbox 684 1503 721 1583; x_wconf 73' lang='grc' dir='ltr'>δὲ</span> <span class='ocrx_word' id='word_1_48' title='bbox 746 1506 765 1582; x_wconf 84' lang='grc' dir='ltr'>ὁ</span> <span class='ocrx_word' id='word_1_49' title='bbox 793 1504 950 1605; x_wconf 82' lang='grc' dir='ltr'>ἅγγελος</span> <span class='ocrx_word' id='word_1_50' title='bbox 975 1500 1049 1583; x_wconf 80' lang='grc' dir='ltr'>εἷπε</span> <span class='ocrx_word' id='word_1_51' title='bbox 1077 1509 1154 1585; x_wconf 80' lang='grc' dir='ltr'>ταῖς</span> <span class='ocrx_word' id='word_1_52' title='bbox 1178 1503 1331 1608; x_wconf 74' lang='grc' dir='ltr'>γυναιξι,</span> <span class='ocrx_word' id='word_1_53' title='bbox 1356 1499 1406 1598; x_wconf 81' lang='grc' dir='ltr'>μή</span> <span class='ocrx_word' id='word_1_54' title='bbox 1433 1507 1506 1606; x_wconf 92' lang='grc' dir='ltr'>φο·</span> 
     </span>
     <span class='ocr_line' id='line_1_8' title="bbox 457 1635 1508 1741; baseline -0.004 -23"><span class='ocrx_word' id='word_1_55' title='bbox 457 1646 581 1735; x_wconf 87' lang='grc' dir='ltr'>βεῖσθε</span> <span class='ocrx_word' id='word_1_56' title='bbox 601 1643 709 1736; x_wconf 82' lang='grc' dir='ltr'>ὑμεῖς,</span> <span class='ocrx_word' id='word_1_57' title='bbox 731 1635 810 1718; x_wconf 80' lang='grc' dir='ltr'>οἶδα</span> <span class='ocrx_word' id='word_1_58' title='bbox 828 1640 898 1741; x_wconf 85' lang='grc' dir='ltr'>γάρ</span> <span class='ocrx_word' id='word_1_59' title='bbox 919 1637 973 1716; x_wconf 80' lang='grc' dir='ltr'>ὅτι</span> <span class='ocrx_word' id='word_1_60' title='bbox 992 1640 1137 1734; x_wconf 85' lang='grc' dir='ltr'>Ἰησοῦν</span> <span class='ocrx_word' id='word_1_61' title='bbox 1154 1636 1218 1716; x_wconf 80' lang='grc' dir='ltr'>τὸν</span> <span class='ocrx_word' id='word_1_62' title='bbox 1239 1636 1508 1739; x_wconf 74' lang='grc' dir='ltr'>ἐσταυρωμένον</span> 
     </span>
     <span class='ocr_line' id='line_1_9' title="bbox 457 1767 1504 1875; baseline -0.006 -21"><span class='ocrx_word' id='word_1_63' title='bbox 457 1773 598 1875; x_wconf 76' lang='grc' dir='ltr'>ζητεῖτε.</span> <span class='ocrx_word' id='word_1_64' title='bbox 643 1775 706 1852; x_wconf 85' lang='grc' dir='ltr'>οῦκ</span> <span class='ocrx_word' id='word_1_65' title='bbox 739 1774 839 1852; x_wconf 82' lang='grc' dir='ltr'>ἔστιν</span> <span class='ocrx_word' id='word_1_66' title='bbox 870 1771 946 1851; x_wconf 82' lang='grc' dir='ltr'>ὧδε·</span> <span class='ocrx_word' id='word_1_67' title='bbox 990 1773 1124 1874; x_wconf 74' lang='grc' dir='ltr'>ἠγέρθη</span> <span class='ocrx_word' id='word_1_68' title='bbox 1155 1770 1238 1873; x_wconf 85' lang='grc' dir='ltr'>γὰρ,</span> <span class='ocrx_word' id='word_1_69' title='bbox 1269 1771 1385 1854; x_wconf 85' lang='grc' dir='ltr'>καθὼς</span> <span class='ocrx_word' id='word_1_70' title='bbox 1417 1767 1504 1851; x_wconf 80' lang='grc' dir='ltr'>εἷπε.</span> 
     </span>
    </p>
   </div>
   <div class='ocr_carea' id='block_1_3' title="bbox 458 1904 1507 2013">
    <p class='ocr_par' dir='ltr' id='par_1_3' title="bbox 458 1904 1507 2013">
     <span class='ocr_line' id='line_1_10' title="bbox 458 1904 1507 2013; baseline -0.004 -26"><span class='ocrx_word' id='word_1_71' title='bbox 458 1917 563 1988; x_wconf 93' lang='grc' dir='ltr'>τοῦτο</span> <span class='ocrx_word' id='word_1_72' title='bbox 588 1908 626 1988; x_wconf 77' lang='grc' dir='ltr'>δὲ</span> <span class='ocrx_word' id='word_1_73' title='bbox 650 1907 692 1987; x_wconf 82' lang='grc' dir='ltr'>τὸ</span> <span class='ocrx_word' id='word_1_74' title='bbox 718 1908 847 2012; x_wconf 77' lang='grc' dir='ltr'>λεχθὲν</span> <span class='ocrx_word' id='word_1_75' title='bbox 864 1906 947 2013; x_wconf 74' lang='grc' dir='ltr'>ὀψὲ,</span> <span class='ocrx_word' id='word_1_76' title='bbox 966 1913 998 1986; x_wconf 82' lang='grc' dir='ltr'>οἱ</span> <span class='ocrx_word' id='word_1_77' title='bbox 1021 1907 1087 2003; x_wconf 76' lang='grc' dir='ltr'>μέν</span> <span class='ocrx_word' id='word_1_78' title='bbox 1104 1941 1196 1990; x_wconf 92' lang='grc' dir='ltr'>τινες</span> <span class='ocrx_word' id='word_1_79' title='bbox 1214 1905 1396 2005; x_wconf 76' lang='grc' dir='ltr'>οἰήσονται</span> <span class='ocrx_word' id='word_1_80' title='bbox 1416 1904 1507 1984; x_wconf 79' lang='grc' dir='ltr'>κατὰ</span> 
     </span>
    </p>
   </div>
   <div class='ocr_carea' id='block_1_4' title="bbox 454 2040 1556 3217">
    <p class='ocr_par' dir='ltr' id='par_1_4' title="bbox 454 2040 1556 3217">
     <span class='ocr_line' id='line_1_11' title="bbox 458 2040 1556 2145; baseline -0.009 -22"><span class='ocrx_word' id='word_1_81' title='bbox 458 2042 524 2142; x_wconf 81' lang='grc' dir='ltr'>τὴν</span> <span class='ocrx_word' id='word_1_82' title='bbox 547 2043 735 2141; x_wconf 88' lang='grc' dir='ltr'>κοινότητα</span> <span class='ocrx_word' id='word_1_83' title='bbox 759 2051 823 2123; x_wconf 91' lang='grc' dir='ltr'>τοῦ</span> <span class='ocrx_word' id='word_1_84' title='bbox 845 2042 1003 2145; x_wconf 75' lang='grc' dir='ltr'>ῥήματος</span> <span class='ocrx_word' id='word_1_85' title='bbox 1026 2040 1092 2143; x_wconf 78' lang='grc' dir='ltr'>τὴν</span> <span class='ocrx_word' id='word_1_86' title='bbox 1114 2042 1272 2143; x_wconf 75' lang='grc' dir='ltr'>ἑσπέραν</span> <span class='ocrx_word' id='word_1_87' title='bbox 1291 2045 1423 2142; x_wconf 80' lang='grc' dir='ltr'>δηλοῦν</span> <span class='ocrx_word' id='word_1_88' title='bbox 1442 2048 1506 2121; x_wconf 92' lang='grc' dir='ltr'>τοῦ</span> <span class='ocrx_word' id='word_1_89' title='bbox 1520 2077 1556 2115; x_wconf 87' lang='grc' dir='ltr'>ιο</span> 
     </span>
     <span class='ocr_line' id='line_1_12' title="bbox 457 2176 1506 2283; baseline -0.001 -27"><span class='ocrx_word' id='word_1_90' title='bbox 457 2176 663 2272; x_wconf 82' lang='grc' dir='ltr'>σαββάτου·</span> <span class='ocrx_word' id='word_1_91' title='bbox 694 2183 726 2255; x_wconf 84' lang='grc' dir='ltr'>οἱ</span> <span class='ocrx_word' id='word_1_92' title='bbox 754 2176 792 2255; x_wconf 82' lang='grc' dir='ltr'>δὲ</span> <span class='ocrx_word' id='word_1_93' title='bbox 820 2176 1030 2283; x_wconf 79' lang='grc' dir='ltr'>σοφώτερον</span> <span class='ocrx_word' id='word_1_94' title='bbox 1057 2176 1295 2283; x_wconf 80' lang='grc' dir='ltr'>ἐξακούοντες,</span> <span class='ocrx_word' id='word_1_95' title='bbox 1322 2178 1363 2254; x_wconf 83' lang='grc' dir='ltr'>οὐ</span> <span class='ocrx_word' id='word_1_96' title='bbox 1389 2185 1506 2270; x_wconf 89' lang='grc' dir='ltr'>τοῦτο,</span> 
     </span>
     <span class='ocr_line' id='line_1_13' title="bbox 457 2309 1505 2414; baseline 0 -24"><span class='ocrx_word' id='word_1_97' title='bbox 457 2310 559 2390; x_wconf 80' lang='grc' dir='ltr'>ἀλλὰ</span> <span class='ocrx_word' id='word_1_98' title='bbox 586 2310 695 2389; x_wconf 82' lang='grc' dir='ltr'>νύκτα</span> <span class='ocrx_word' id='word_1_99' title='bbox 722 2317 871 2405; x_wconf 82' lang='grc' dir='ltr'>βαθεῖαν</span> <span class='ocrx_word' id='word_1_100' title='bbox 897 2314 1041 2412; x_wconf 81' lang='grc' dir='ltr'>ἐροῦσιν</span> <span class='ocrx_word' id='word_1_101' title='bbox 1071 2309 1169 2390; x_wconf 84' lang='grc' dir='ltr'>εἶναι·</span> <span class='ocrx_word' id='word_1_102' title='bbox 1210 2311 1418 2414; x_wconf 83' lang='grc' dir='ltr'>βραδύτητα</span> <span class='ocrx_word' id='word_1_103' title='bbox 1448 2315 1505 2390; x_wconf 78' lang='grc' dir='ltr'>καὶ</span> 
     </span>
     <span class='ocr_line' id='line_1_14' title="bbox 456 2443 1505 2550; baseline 0.002 -28"><span class='ocrx_word' id='word_1_104' title='bbox 456 2443 594 2546; x_wconf 84' lang='grc' dir='ltr'>μακρὸν</span> <span class='ocrx_word' id='word_1_105' title='bbox 612 2444 742 2548; x_wconf 82' lang='grc' dir='ltr'>χρόνον</span> <span class='ocrx_word' id='word_1_106' title='bbox 761 2454 824 2524; x_wconf 88' lang='grc' dir='ltr'>τοῦ</span> <span class='ocrx_word' id='word_1_107' title='bbox 843 2444 1001 2546; x_wconf 89' lang='grc' dir='ltr'>ῥήματος</span> <span class='ocrx_word' id='word_1_108' title='bbox 1027 2454 1091 2524; x_wconf 88' lang='grc' dir='ltr'>τοῦ</span> <span class='ocrx_word' id='word_1_109' title='bbox 1113 2445 1185 2550; x_wconf 77' lang='grc' dir='ltr'>ὀψὲ</span> <span class='ocrx_word' id='word_1_110' title='bbox 1210 2450 1415 2544; x_wconf 83' lang='grc' dir='ltr'>δηλοῦντος.</span> <span class='ocrx_word' id='word_1_111' title='bbox 1448 2450 1505 2526; x_wconf 82' lang='grc' dir='ltr'>καὶ</span> 
     </span>
     <span class='ocr_line' id='line_1_15' title="bbox 457 2578 1502 2684; baseline -0.001 -26"><span class='ocrx_word' id='word_1_112' title='bbox 457 2579 513 2659; x_wconf 85' lang='grc' dir='ltr'>ὅτι</span> <span class='ocrx_word' id='word_1_113' title='bbox 538 2578 650 2659; x_wconf 80' lang='grc' dir='ltr'>νύκτα</span> <span class='ocrx_word' id='word_1_114' title='bbox 674 2581 787 2681; x_wconf 81' lang='grc' dir='ltr'>λε’γει,</span> <span class='ocrx_word' id='word_1_115' title='bbox 809 2584 867 2659; x_wconf 80' lang='grc' dir='ltr'>καὶ</span> <span class='ocrx_word' id='word_1_116' title='bbox 895 2581 961 2683; x_wconf 85' lang='grc' dir='ltr'>οῦχ</span> <span class='ocrx_word' id='word_1_117' title='bbox 984 2579 1152 2683; x_wconf 76' lang='grc' dir='ltr'>ἑσπέραν,</span> <span class='ocrx_word' id='word_1_118' title='bbox 1172 2581 1342 2681; x_wconf 83' lang='grc' dir='ltr'>ἐπήγαγε,</span> <span class='ocrx_word' id='word_1_119' title='bbox 1360 2586 1406 2684; x_wconf 79' lang='grc' dir='ltr'>τῇ</span> <span class='ocrx_word' id='word_1_120' title='bbox 1424 2583 1502 2659; x_wconf 86' lang='grc' dir='ltr'>ε’πι·</span> 
     </span>
     <span class='ocr_line' id='line_1_16' title="bbox 456 2714 1551 2821; baseline -0.002 -27"><span class='ocrx_word' id='word_1_121' title='bbox 456 2714 659 2821; x_wconf 84' lang='grc' dir='ltr'>φωσκούση</span> <span class='ocrx_word' id='word_1_122' title='bbox 679 2721 726 2798; x_wconf 83' lang='grc' dir='ltr'>είς</span> <span class='ocrx_word' id='word_1_123' title='bbox 744 2717 829 2812; x_wconf 88' lang='grc' dir='ltr'>μίαν</span> <span class='ocrx_word' id='word_1_124' title='bbox 847 2714 1061 2809; x_wconf 82' lang='grc' dir='ltr'>σαββάτων,</span> <span class='ocrx_word' id='word_1_125' title='bbox 1081 2718 1139 2793; x_wconf 79' lang='grc' dir='ltr'>καὶ</span> <span class='ocrx_word' id='word_1_126' title='bbox 1158 2715 1256 2814; x_wconf 73' lang='grc' dir='ltr'>ἧκον,</span> <span class='ocrx_word' id='word_1_127' title='bbox 1277 2717 1385 2810; x_wconf 82' lang='grc' dir='ltr'>οὔπω,</span> <span class='ocrx_word' id='word_1_128' title='bbox 1405 2718 1453 2797; x_wconf 87' lang='grc' dir='ltr'>ὡς</span> <span class='ocrx_word' id='word_1_129' title='bbox 1472 2720 1504 2793; x_wconf 84' lang='grc' dir='ltr'>οἱ</span> <span class='ocrx_word' id='word_1_130' title='bbox 1518 2748 1551 2804; x_wconf 80' lang='lat'>¹5</span> 
     </span>
     <span class='ocr_line' id='line_1_17' title="bbox 455 2849 1504 2955; baseline 0 -28"><span class='ocrx_word' id='word_1_131' title='bbox 455 2851 580 2929; x_wconf 88' lang='grc' dir='ltr'>λοιποί</span> <span class='ocrx_word' id='word_1_132' title='bbox 603 2857 708 2955; x_wconf 82' lang='grc' dir='ltr'>φασι,</span> <span class='ocrx_word' id='word_1_133' title='bbox 727 2849 773 2928; x_wconf 83' lang='grc' dir='ltr'>τὰ</span> <span class='ocrx_word' id='word_1_134' title='bbox 797 2849 968 2951; x_wconf 80' lang='grc' dir='ltr'>ἀρώματα</span> <span class='ocrx_word' id='word_1_135' title='bbox 995 2849 1180 2954; x_wconf 71' lang='grc' dir='ltr'>φέρουσαι,</span> <span class='ocrx_word' id='word_1_136' title='bbox 1199 2849 1300 2929; x_wconf 84' lang='grc' dir='ltr'>ἀλλά</span> <span class='ocrx_word' id='word_1_137' title='bbox 1325 2854 1504 2953; x_wconf 83' lang='grc' dir='ltr'>θεωρῆσαι</span> 
     </span>
     <span class='ocr_line' id='line_1_18' title="bbox 454 2981 1500 3087; baseline 0 -25"><span class='ocrx_word' id='word_1_138' title='bbox 454 2981 518 3062; x_wconf 84' lang='grc' dir='ltr'>τὸν</span> <span class='ocrx_word' id='word_1_139' title='bbox 536 2982 665 3087; x_wconf 82' lang='grc' dir='ltr'>τάφον·</span> <span class='ocrx_word' id='word_1_140' title='bbox 697 2985 754 3061; x_wconf 83' lang='grc' dir='ltr'>καὶ</span> <span class='ocrx_word' id='word_1_141' title='bbox 774 2982 876 3084; x_wconf 80' lang='grc' dir='ltr'>εὗρον</span> <span class='ocrx_word' id='word_1_142' title='bbox 893 2983 958 3062; x_wconf 86' lang='grc' dir='ltr'>τὸν</span> <span class='ocrx_word' id='word_1_143' title='bbox 975 2983 1130 3081; x_wconf 83' lang='grc' dir='ltr'>σεισμὸν</span> <span class='ocrx_word' id='word_1_144' title='bbox 1148 2983 1333 3085; x_wconf 86' lang='grc' dir='ltr'>γεγονότα,</span> <span class='ocrx_word' id='word_1_145' title='bbox 1354 2987 1413 3062; x_wconf 81' lang='grc' dir='ltr'>καὶ</span> <span class='ocrx_word' id='word_1_146' title='bbox 1436 3017 1500 3062; x_wconf 89' lang='grc' dir='ltr'>κα-</span> 
     </span>
     <span class='ocr_line' id='line_1_19' title="bbox 455 3115 1503 3217; baseline -0.001 -22"><span class='ocrx_word' id='word_1_147' title='bbox 455 3115 609 3216; x_wconf 77' lang='grc' dir='ltr'>θήμενον</span> <span class='ocrx_word' id='word_1_148' title='bbox 637 3117 701 3196; x_wconf 89' lang='grc' dir='ltr'>τὸν</span> <span class='ocrx_word' id='word_1_149' title='bbox 729 3117 889 3217; x_wconf 85' lang='grc' dir='ltr'>ἀγγελον</span> <span class='ocrx_word' id='word_1_150' title='bbox 917 3120 975 3196; x_wconf 84' lang='grc' dir='ltr'>ἐπὶ</span> <span class='ocrx_word' id='word_1_151' title='bbox 1003 3126 1066 3197; x_wconf 91' lang='grc' dir='ltr'>τοῦ</span> <span class='ocrx_word' id='word_1_152' title='bbox 1094 3120 1209 3214; x_wconf 89' lang='grc' dir='ltr'>λίθου,</span> <span class='ocrx_word' id='word_1_153' title='bbox 1238 3122 1296 3197; x_wconf 79' lang='grc' dir='ltr'>καὶ</span> <span class='ocrx_word' id='word_1_154' title='bbox 1328 3116 1503 3217; x_wconf 87' lang='grc' dir='ltr'>ἀκηκόασι</span> 
     </span>
    </p>
   </div>
   <div class='ocr_carea' id='block_1_5' title="bbox 453 3249 1503 3355">
    <p class='ocr_par' dir='ltr' id='par_1_5' title="bbox 453 3249 1503 3355">
     <span class='ocr_line' id='line_1_20' title="bbox 453 3249 1503 3355; baseline -0.004 -25"><span class='ocrx_word' id='word_1_155' title='bbox 453 3258 535 3354; x_wconf 88' lang='grc' dir='ltr'>παρ’</span> <span class='ocrx_word' id='word_1_156' title='bbox 567 3253 687 3342; x_wconf 83' lang='grc' dir='ltr'>αὐτοῦ,</span> <span class='ocrx_word' id='word_1_157' title='bbox 718 3253 797 3330; x_wconf 86' lang='grc' dir='ltr'>Οῦκ</span> <span class='ocrx_word' id='word_1_158' title='bbox 825 3253 924 3331; x_wconf 81' lang='grc' dir='ltr'>ἔστιν</span> <span class='ocrx_word' id='word_1_159' title='bbox 953 3249 1032 3330; x_wconf 82' lang='grc' dir='ltr'>ὧδε·</span> <span class='ocrx_word' id='word_1_160' title='bbox 1063 3253 1208 3355; x_wconf 77' lang='grc' dir='ltr'>ἠγέρθη.</span> <span class='ocrx_word' id='word_1_161' title='bbox 1242 3253 1370 3348; x_wconf 88' lang='grc' dir='ltr'>ὁμοίως</span> <span class='ocrx_word' id='word_1_162' title='bbox 1397 3253 1455 3328; x_wconf 83' lang='grc' dir='ltr'>καὶ</span> <span class='ocrx_word' id='word_1_163' title='bbox 1483 3252 1503 3326; x_wconf 86' lang='grc' dir='ltr'>ὁ</span> 
     </span>
    </p>
   </div>
   <div class='ocr_carea' id='block_1_6' title="bbox 454 3474 1550 4657">
    <p class='ocr_par' dir='ltr' id='par_1_6' title="bbox 454 3474 1550 4657">
     <span class='ocr_line' id='line_1_21' title="bbox 455 3474 1549 3556; baseline -0.007 -19"><span class='ocrx_word' id='word_1_164' title='bbox 455 3480 500 3537; x_wconf 75' lang='lat' dir='ltr'>Ins</span> <span class='ocrx_word' id='word_1_165' title='bbox 518 3484 590 3537; x_wconf 82' lang='lat' dir='ltr'>enim</span> <span class='ocrx_word' id='word_1_166' title='bbox 613 3478 729 3537; x_wconf 79' lang='lat' dir='ltr'><em>Domini</em></span> <span class='ocrx_word' id='word_1_167' title='bbox 748 3500 811 3537; x_wconf 82' lang='lat' dir='ltr'>cum</span> <span class='ocrx_word' id='word_1_168' title='bbox 832 3479 868 3536; x_wconf 82' lang='lat' dir='ltr'>de</span> <span class='ocrx_word' id='word_1_169' title='bbox 888 3479 955 3537; x_wconf 81' lang='grc' dir='ltr'>οαὶο</span> <span class='ocrx_word' id='word_1_170' title='bbox 1004 3478 1178 3555; x_wconf 80' lang='lat' dir='ltr'>significare,</span> <span class='ocrx_word' id='word_1_171' title='bbox 1200 3497 1346 3556; x_wconf 79' lang='lat' dir='ltr'>vesperam</span> <span class='ocrx_word' id='word_1_172' title='bbox 1369 3474 1478 3533; x_wconf 79' lang='lat' dir='ltr'>sabbati</span> <span class='ocrx_word' id='word_1_173' title='bbox 1493 3498 1499 3530; x_wconf 89' lang='lat'><strong>:</strong></span> <span class='ocrx_word' id='word_1_174' title='bbox 1513 3493 1549 3530; x_wconf 77' lang='grc' dir='ltr'>το</span> 
     </span>
     <span class='ocr_line' id='line_1_22' title="bbox 454 3555 1501 3638; baseline -0.007 -20"><span class='ocrx_word' id='word_1_175' title='bbox 454 3560 655 3625; x_wconf 75' lang='lat' dir='ltr'><em>descendisset,</em></span> <span class='ocrx_word' id='word_1_176' title='bbox 676 3560 812 3617; x_wconf 78' lang='lat' dir='ltr'>accedens</span> <span class='ocrx_word' id='word_1_177' title='bbox 832 3559 953 3617; x_wconf 76' lang='lat' dir='ltr'><em>devolvit</em></span> <span class='ocrx_word' id='word_1_178' title='bbox 1004 3559 1194 3638; x_wconf 80' lang='lat' dir='ltr'><strong>sapientiores</strong></span> <span class='ocrx_word' id='word_1_179' title='bbox 1215 3570 1311 3615; x_wconf 82' lang='lat' dir='ltr'>autem</span> <span class='ocrx_word' id='word_1_180' title='bbox 1330 3555 1360 3614; x_wconf 90' lang='lat' dir='ltr'>id</span> <span class='ocrx_word' id='word_1_181' title='bbox 1381 3555 1501 3613; x_wconf 79' lang='lat' dir='ltr'>exaudi-</span> 
     </span>
     <span class='ocr_line' id='line_1_23' title="bbox 455 3635 1500 3718; baseline -0.005 -22"><span class='ocrx_word' id='word_1_182' title='bbox 455 3639 588 3716; x_wconf 82' lang='lat' dir='ltr'>lapidem,</span> <span class='ocrx_word' id='word_1_183' title='bbox 604 3648 629 3697; x_wconf 80' lang='lat' dir='ltr'>et</span> <span class='ocrx_word' id='word_1_184' title='bbox 648 3639 718 3696; x_wconf 79' lang='lat' dir='ltr'>sedit</span> <span class='ocrx_word' id='word_1_185' title='bbox 738 3661 825 3718; x_wconf 82' lang='grc' dir='ltr'>ςιιριτ</span> <span class='ocrx_word' id='word_1_186' title='bbox 839 3639 950 3718; x_wconf 77' lang='lat' dir='ltr'>ipsum:</span> <span class='ocrx_word' id='word_1_187' title='bbox 1004 3652 1096 3705; x_wconf 82' lang='lat' dir='ltr'>entes,</span> <span class='ocrx_word' id='word_1_188' title='bbox 1111 3658 1169 3695; x_wconf 87' lang='lat' dir='ltr'>non</span> <span class='ocrx_word' id='word_1_189' title='bbox 1183 3639 1247 3702; x_wconf 87' lang='lat' dir='ltr'><strong>hoc,</strong></span> <span class='ocrx_word' id='word_1_190' title='bbox 1263 3635 1312 3694; x_wconf 82' lang='lat' dir='ltr'>sed</span> <span class='ocrx_word' id='word_1_191' title='bbox 1327 3635 1500 3713; x_wconf 85' lang='lat' dir='ltr'>profundam</span> 
     </span>
     <span class='ocr_line' id='line_1_24' title="bbox 455 3716 1501 3798; baseline -0.002 -24"><span class='ocrx_word' id='word_1_192' title='bbox 455 3720 954 3798; x_wconf 73' lang='lat' dir='ltr'>eratautemspeciesejusutsulan,</span> <span class='ocrx_word' id='word_1_193' title='bbox 1005 3731 1118 3779; x_wconf 86' lang='lat' dir='ltr'>noctem</span> <span class='ocrx_word' id='word_1_194' title='bbox 1143 3738 1205 3776; x_wconf 83' lang='lat' dir='ltr'>esse</span> <span class='ocrx_word' id='word_1_195' title='bbox 1229 3717 1350 3774; x_wconf 80' lang='lat' dir='ltr'>dicent:</span> <span class='ocrx_word' id='word_1_196' title='bbox 1381 3716 1501 3773; x_wconf 80' lang='lat' dir='ltr'>tardita-</span> 
     </span>
     <span class='ocr_line' id='line_1_25' title="bbox 456 3797 1503 3877; baseline -0.003 -22"><span class='ocrx_word' id='word_1_197' title='bbox 456 3806 483 3855; x_wconf 85' lang='lat' dir='ltr'>et</span> <span class='ocrx_word' id='word_1_198' title='bbox 505 3797 695 3854; x_wconf 77' lang='lat' dir='ltr'>indumentum</span> <span class='ocrx_word' id='word_1_199' title='bbox 720 3802 784 3877; x_wconf 73' lang='lat' dir='ltr'>ejus</span> <span class='ocrx_word' id='word_1_200' title='bbox 808 3800 901 3858; x_wconf 80' lang='lat' dir='ltr'><em>album</em></span> <span class='ocrx_word' id='word_1_201' title='bbox 924 3810 954 3857; x_wconf 83' lang='lat' dir='ltr'>ut</span> <span class='ocrx_word' id='word_1_202' title='bbox 1006 3813 1064 3858; x_wconf 88' lang='lat' dir='ltr'>tem</span> <span class='ocrx_word' id='word_1_203' title='bbox 1086 3810 1116 3858; x_wconf 85' lang='lat' dir='ltr'>et</span> <span class='ocrx_word' id='word_1_204' title='bbox 1136 3798 1255 3875; x_wconf 84' lang='lat' dir='ltr'>longum</span> <span class='ocrx_word' id='word_1_205' title='bbox 1276 3807 1392 3871; x_wconf 85' lang='lat' dir='ltr'>tempus</span> <span class='ocrx_word' id='word_1_206' title='bbox 1414 3797 1503 3853; x_wconf 84' lang='lat' dir='ltr'>verbo</span> 
     </span>
     <span class='ocr_line' id='line_1_26' title="bbox 456 3876 1548 3958; baseline 0 -24"><span class='ocrx_word' id='word_1_207' title='bbox 456 3877 525 3942; x_wconf 68' lang='grc' dir='ltr'>οἱνς</span> <span class='ocrx_word' id='word_1_208' title='bbox 542 3877 640 3934; x_wconf 79' lang='lat' dir='ltr'>timore</span> <span class='ocrx_word' id='word_1_209' title='bbox 651 3887 742 3935; x_wconf 80' lang='lat' dir='ltr'>autem</span> <span class='ocrx_word' id='word_1_210' title='bbox 753 3881 816 3957; x_wconf 79' lang='lat' dir='ltr'><em>ejus</em></span> <span class='ocrx_word' id='word_1_211' title='bbox 825 3881 955 3938; x_wconf 78' lang='lat' dir='ltr'><em>concussi</em></span> <span class='ocrx_word' id='word_1_212' title='bbox 1005 3900 1124 3958; x_wconf 80' lang='lat' dir='ltr'>vespere</span> <span class='ocrx_word' id='word_1_213' title='bbox 1140 3877 1332 3955; x_wconf 82' lang='lat' dir='ltr'>significante.</span> <span class='ocrx_word' id='word_1_214' title='bbox 1372 3877 1411 3935; x_wconf 83' lang='lat' dir='ltr'>Et</span> <span class='ocrx_word' id='word_1_215' title='bbox 1425 3876 1503 3952; x_wconf 88' lang='lat' dir='ltr'>quod</span> <span class='ocrx_word' id='word_1_216' title='bbox 1513 3896 1548 3955; x_wconf 83' lang='lat'>25</span> 
     </span>
     <span class='ocr_line' id='line_1_27' title="bbox 455 3956 1503 4037; baseline 0 -24"><span class='ocrx_word' id='word_1_217' title='bbox 455 3965 521 4014; x_wconf 69' lang='lat' dir='ltr'>tunt</span> <span class='ocrx_word' id='word_1_218' title='bbox 533 3956 582 4036; x_wconf 80' lang='grc' dir='ltr'>ηιιὶ</span> <span class='ocrx_word' id='word_1_219' title='bbox 593 3957 753 4024; x_wconf 79' lang='lat' dir='ltr'>servabant,</span> <span class='ocrx_word' id='word_1_220' title='bbox 766 3958 878 4037; x_wconf 80' lang='lat' dir='ltr'>etfacti</span> <span class='ocrx_word' id='word_1_221' title='bbox 889 3970 954 4017; x_wconf 79' lang='lat' dir='ltr'>mut</span> <span class='ocrx_word' id='word_1_222' title='bbox 1005 3970 1118 4018; x_wconf 87' lang='lat' dir='ltr'>noctem</span> <span class='ocrx_word' id='word_1_223' title='bbox 1138 3958 1209 4016; x_wconf 86' lang='lat' dir='ltr'>dicit</span> <span class='ocrx_word' id='word_1_224' title='bbox 1226 3968 1256 4016; x_wconf 85' lang='lat' dir='ltr'>et</span> <span class='ocrx_word' id='word_1_225' title='bbox 1270 3977 1328 4015; x_wconf 88' lang='lat' dir='ltr'>non</span> <span class='ocrx_word' id='word_1_226' title='bbox 1344 3977 1503 4036; x_wconf 80' lang='lat' dir='ltr'>vesperam,</span> 
     </span>
     <span class='ocr_line' id='line_1_28' title="bbox 456 4036 1503 4117; baseline -0.002 -23"><span class='ocrx_word' id='word_1_227' title='bbox 456 4045 486 4094; x_wconf 85' lang='lat' dir='ltr'>ut</span> <span class='ocrx_word' id='word_1_228' title='bbox 503 4036 615 4095; x_wconf 82' lang='lat' dir='ltr'>mortui.</span> <span class='ocrx_word' id='word_1_229' title='bbox 660 4038 842 4115; x_wconf 77' lang='lat' dir='ltr'><em>Respondens</em></span> <span class='ocrx_word' id='word_1_230' title='bbox 861 4049 954 4097; x_wconf 83' lang='lat' dir='ltr'>antem</span> <span class='ocrx_word' id='word_1_231' title='bbox 1006 4040 1172 4117; x_wconf 86' lang='lat' dir='ltr'>subjunxit:</span> <span class='ocrx_word' id='word_1_232' title='bbox 1205 4037 1393 4096; x_wconf 82' lang='lat' dir='ltr'>lllucescente</span> <span class='ocrx_word' id='word_1_233' title='bbox 1416 4038 1445 4094; x_wconf 87' lang='lat' dir='ltr'>in</span> <span class='ocrx_word' id='word_1_234' title='bbox 1469 4056 1503 4093; x_wconf 92' lang='lat' dir='ltr'>u-</span> 
     </span>
     <span class='ocr_line' id='line_1_29' title="bbox 455 4117 1503 4196; baseline 0 -23"><span class='ocrx_word' id='word_1_235' title='bbox 455 4120 583 4196; x_wconf 77' lang='lat' dir='ltr'>angelus,</span> <span class='ocrx_word' id='word_1_236' title='bbox 590 4117 663 4175; x_wconf 65' lang='lat' dir='ltr'>dixit</span> <span class='ocrx_word' id='word_1_237' title='bbox 674 4118 851 4176; x_wconf 77' lang='lat' dir='ltr'>mulieribus:</span> <span class='ocrx_word' id='word_1_238' title='bbox 866 4120 913 4177; x_wconf 88' lang='lat' dir='ltr'>Ne</span> <span class='ocrx_word' id='word_1_239' title='bbox 921 4123 955 4177; x_wconf 76' lang='lat' dir='ltr'>ti·</span> <span class='ocrx_word' id='word_1_240' title='bbox 1005 4140 1071 4177; x_wconf 81' lang='lat' dir='ltr'>nam</span> <span class='ocrx_word' id='word_1_241' title='bbox 1093 4120 1288 4184; x_wconf 80' lang='lat' dir='ltr'>sabbatorum,</span> <span class='ocrx_word' id='word_1_242' title='bbox 1303 4130 1332 4176; x_wconf 84' lang='lat' dir='ltr'>et</span> <span class='ocrx_word' id='word_1_243' title='bbox 1349 4128 1503 4180; x_wconf 83' lang='lat' dir='ltr'>venerunt,</span> 
     </span>
     <span class='ocr_line' id='line_1_30' title="bbox 454 4198 1503 4278; baseline -0.002 -23"><span class='ocrx_word' id='word_1_244' title='bbox 454 4207 524 4255; x_wconf 85' lang='lat' dir='ltr'>mete</span> <span class='ocrx_word' id='word_1_245' title='bbox 537 4219 594 4263; x_wconf 79' lang='lat' dir='ltr'><em>vos,</em></span> <span class='ocrx_word' id='word_1_246' title='bbox 606 4200 664 4256; x_wconf 79' lang='lat' dir='ltr'><em>scio</em></span> <span class='ocrx_word' id='word_1_247' title='bbox 678 4198 750 4255; x_wconf 81' lang='grc' dir='ltr'>οιιὶυι</span> <span class='ocrx_word' id='word_1_248' title='bbox 767 4200 841 4278; x_wconf 83' lang='lat' dir='ltr'><em>quod</em></span> <span class='ocrx_word' id='word_1_249' title='bbox 855 4199 955 4258; x_wconf 72' lang='lat' dir='ltr'>,lesum</span> <span class='ocrx_word' id='word_1_250' title='bbox 1006 4199 1146 4264; x_wconf 88' lang='lat' dir='ltr'>nondum,</span> <span class='ocrx_word' id='word_1_251' title='bbox 1162 4211 1195 4257; x_wconf 86' lang='lat' dir='ltr'>ut</span> <span class='ocrx_word' id='word_1_252' title='bbox 1216 4200 1319 4275; x_wconf 85' lang='lat' dir='ltr'>reliqui</span> <span class='ocrx_word' id='word_1_253' title='bbox 1341 4199 1453 4263; x_wconf 83' lang='lat' dir='ltr'>dicunt,</span> <span class='ocrx_word' id='word_1_254' title='bbox 1472 4218 1503 4253; x_wconf 84' lang='grc' dir='ltr'>ο-</span> 
     </span>
     <span class='ocr_line' id='line_1_31' title="bbox 455 4277 1550 4358; baseline -0.001 -24"><span class='ocrx_word' id='word_1_255' title='bbox 455 4278 622 4354; x_wconf 59' lang='lat' dir='ltr'>crucifixum</span> <span class='ocrx_word' id='word_1_256' title='bbox 633 4279 769 4358; x_wconf 79' lang='lat' dir='ltr'>quoen&#39;tis:</span> <span class='ocrx_word' id='word_1_257' title='bbox 786 4300 838 4337; x_wconf 81' lang='lat' dir='ltr'>non</span> <span class='ocrx_word' id='word_1_258' title='bbox 849 4288 889 4337; x_wconf 81' lang='lat' dir='ltr'>est</span> <span class='ocrx_word' id='word_1_259' title='bbox 900 4280 955 4337; x_wconf 81' lang='lat' dir='ltr'>hic.</span> <span class='ocrx_word' id='word_1_260' title='bbox 1006 4291 1117 4337; x_wconf 77' lang='lat' dir='ltr'>romata</span> <span class='ocrx_word' id='word_1_261' title='bbox 1138 4281 1271 4346; x_wconf 83' lang='lat' dir='ltr'>serentes,</span> <span class='ocrx_word' id='word_1_262' title='bbox 1292 4277 1343 4336; x_wconf 82' lang='lat' dir='ltr'>sed</span> <span class='ocrx_word' id='word_1_263' title='bbox 1365 4278 1401 4336; x_wconf 81' lang='lat' dir='ltr'>ad</span> <span class='ocrx_word' id='word_1_264' title='bbox 1423 4295 1501 4354; x_wconf 80' lang='lat' dir='ltr'><strong>spec·</strong></span> <span class='ocrx_word' id='word_1_265' title='bbox 1511 4297 1550 4353; x_wconf 83' lang='lat'>30</span> 
     </span>
     <span class='ocr_line' id='line_1_32' title="bbox 457 4357 1502 4437; baseline 0.001 -24"><span class='ocrx_word' id='word_1_266' title='bbox 457 4357 626 4415; x_wconf 76' lang='lat' dir='ltr'>Resurrexit</span> <span class='ocrx_word' id='word_1_267' title='bbox 635 4359 718 4424; x_wconf 78' lang='lat' dir='ltr'>enim,</span> <span class='ocrx_word' id='word_1_268' title='bbox 729 4360 803 4416; x_wconf 72' lang='grc' dir='ltr'>,ςίσιιι</span> <span class='ocrx_word' id='word_1_269' title='bbox 813 4359 894 4416; x_wconf 69' lang='lat' dir='ltr'>dixit.</span> <span class='ocrx_word' id='word_1_270' title='bbox 919 4361 954 4417; x_wconf 84' lang='lat' dir='ltr'>ld</span> <span class='ocrx_word' id='word_1_271' title='bbox 1006 4358 1127 4417; x_wconf 80' lang='lat' dir='ltr'>tandum</span> <span class='ocrx_word' id='word_1_272' title='bbox 1156 4359 1331 4437; x_wconf 84' lang='lat' dir='ltr'>sepulcrum.</span> <span class='ocrx_word' id='word_1_273' title='bbox 1378 4358 1502 4415; x_wconf 85' lang='lat' dir='ltr'>Invene-</span> 
     </span>
     <span class='ocr_line' id='line_1_33' title="bbox 455 4438 1502 4517; baseline -0.001 -24"><span class='ocrx_word' id='word_1_274' title='bbox 455 4447 551 4494; x_wconf 81' lang='lat' dir='ltr'>autem</span> <span class='ocrx_word' id='word_1_275' title='bbox 568 4438 645 4513; x_wconf 91' lang='lat' dir='ltr'><strong>quod</strong></span> <span class='ocrx_word' id='word_1_276' title='bbox 660 4438 770 4496; x_wconf 85' lang='lat' dir='ltr'>dictum</span> <span class='ocrx_word' id='word_1_277' title='bbox 786 4450 839 4503; x_wconf 84' lang='lat' dir='ltr'>est,</span> <span class='ocrx_word' id='word_1_278' title='bbox 855 4459 955 4517; x_wconf 84' lang='lat' dir='ltr'><strong>vespe·</strong></span> <span class='ocrx_word' id='word_1_279' title='bbox 1005 4449 1075 4497; x_wconf 86' lang='lat' dir='ltr'>runt</span> <span class='ocrx_word' id='word_1_280' title='bbox 1091 4450 1188 4497; x_wconf 78' lang='lat' dir='ltr'>autem</span> <span class='ocrx_word' id='word_1_281' title='bbox 1203 4438 1312 4496; x_wconf 81' lang='lat' dir='ltr'>factum</span> <span class='ocrx_word' id='word_1_282' title='bbox 1328 4457 1390 4495; x_wconf 80' lang='lat' dir='ltr'>esse</span> <span class='ocrx_word' id='word_1_283' title='bbox 1404 4448 1502 4494; x_wconf 68' lang='grc' dir='ltr'>κοττα-</span> 
     </span>
     <span class='ocr_line' id='line_1_34' title="bbox 455 4515 1502 4595; baseline -0.002 -23"><span class='ocrx_word' id='word_1_284' title='bbox 455 4535 495 4580; x_wconf 83' lang='lat' dir='ltr'>re,</span> <span class='ocrx_word' id='word_1_285' title='bbox 520 4515 569 4573; x_wconf 78' lang='lat' dir='ltr'>alii</span> <span class='ocrx_word' id='word_1_286' title='bbox 599 4518 715 4594; x_wconf 83' lang='lat' dir='ltr'>quidem</span> <span class='ocrx_word' id='word_1_287' title='bbox 745 4519 955 4576; x_wconf 82' lang='lat' dir='ltr'>existimabunt</span> <span class='ocrx_word' id='word_1_288' title='bbox 1005 4530 1126 4585; x_wconf 87' lang='lat' dir='ltr'>motum,</span> <span class='ocrx_word' id='word_1_289' title='bbox 1138 4529 1168 4576; x_wconf 84' lang='lat' dir='ltr'>et</span> <span class='ocrx_word' id='word_1_290' title='bbox 1181 4518 1315 4595; x_wconf 80' lang='lat' dir='ltr'>angelum</span> <span class='ocrx_word' id='word_1_291' title='bbox 1332 4537 1419 4594; x_wconf 85' lang='lat' dir='ltr'>super</span> <span class='ocrx_word' id='word_1_292' title='bbox 1429 4515 1502 4593; x_wconf 83' lang='lat' dir='ltr'>lapi.</span> 
     </span>
     <span class='ocr_line' id='line_1_35' title="bbox 454 4594 1502 4657; baseline -0.002 -4"><span class='ocrx_word' id='word_1_293' title='bbox 454 4595 612 4653; x_wconf 77' lang='lat' dir='ltr'>secundum</span> <span class='ocrx_word' id='word_1_294' title='bbox 625 4598 704 4655; x_wconf 82' lang='lat' dir='ltr'>verbi</span> <span class='ocrx_word' id='word_1_295' title='bbox 716 4599 953 4657; x_wconf 79' lang='lat' dir='ltr'>communitatem</span> <span class='ocrx_word' id='word_1_296' title='bbox 1005 4597 1070 4656; x_wconf 87' lang='lat' dir='ltr'>dem</span> <span class='ocrx_word' id='word_1_297' title='bbox 1082 4599 1244 4656; x_wconf 81' lang='lat' dir='ltr'>sedentem:</span> <span class='ocrx_word' id='word_1_298' title='bbox 1261 4608 1292 4656; x_wconf 89' lang='lat' dir='ltr'>et</span> <span class='ocrx_word' id='word_1_299' title='bbox 1300 4596 1456 4655; x_wconf 82' lang='lat' dir='ltr'>audierunt</span> <span class='ocrx_word' id='word_1_300' title='bbox 1466 4594 1502 4651; x_wconf 77' lang='lat' dir='ltr'>ab</span> 
     </span>
    </p>
   </div>
   <div class='ocr_carea' id='block_1_7' title="bbox 0 0 1854 5667">
    <p class='ocr_par' dir='ltr' id='par_1_7' title="bbox 0 0 1854 5667">
     <span class='ocr_line' id='line_1_36' title="bbox 0 0 1854 5667; baseline 0 1"><span class='ocrx_word' id='word_1_301' title='bbox 0 0 1854 5667; x_wconf 95' lang='lat' dir='ltr'> </span> 
     </span>
    </p>
   </div>
  </div>
 </body>
</html>
