3700 5667
494 669 545 732 IN
570 670 804 733 SYNODUM
830 671 1205 735 ANTIOCHENAM.
1307 669 1373 738 368

328 838 349 868 “
364 852 456 897 usum
474 836 612 901 eeclesiae
631 858 812 911 revocasse3
837 838 951 921 quibus
966 837 1042 901 nihil
1058 848 1171 905 eontra
1185 840 1372 926 figmentum

329 939 348 967 ‘⁴
364 933 523 1001 Ourcelloei
540 937 688 1002 disertius
703 939 764 1004 dici
780 940 917 1023 potuit.”
932 962 963 1024 p.
976 960 1028 1024 34.
1066 941 1155 1006 Vera
1169 943 1236 1006 haeo
1252 943 1373 1018 omnia;

329 1038 533 1118 quamobrem
553 1048 662 1105 autem
676 1050 743 1105 tam
758 1041 840 1104 maie
855 1042 1027 1125 opinentur
1040 1043 1094 1106 alii
1110 1043 1150 1107 de
1165 1043 1228 1107 fide
1243 1044 1374 1108 testium

328 1138 370 1200 ab
390 1139 570 1207 Athanasio
590 1150 846 1221 memoratorum,
865 1145 917 1228 qui
941 1145 1178 1210 damnationem
1198 1145 1283 1210 vocis
1305 1148 1376 1226 ὁμο·

328 1245 431 1306 ουσίου
463 1267 502 1307 ex
533 1245 673 1330 ipsorum
705 1246 979 1310 Antiochenorum
1013 1248 1149 1332 epistola
1182 1248 1372 1332 probabant,

328 1343 421 1427 plane
446 1346 567 1430 ignoro,
595 1347 655 1410 nisi
680 1348 765 1431 quod
792 1347 857 1410 lere
883 1369 941 1411 nos
967 1369 1076 1412 omnes
1101 1350 1194 1413 nimis
1220 1349 1373 1434 proclives

330 1447 427 1511 simus
447 1450 615 1513 mendaces
635 1449 705 1513 illos
720 1458 753 1513 et
767 1449 905 1535 perfidos
920 1451 1114 1528 existimare,
1130 1452 1183 1536 qui
1198 1473 1219 1515 a
1233 1452 1325 1516 nobis
1339 1454 1373 1516 in

329 1570 364 1612 re
383 1571 541 1635 quaquam
564 1551 763 1615 dissentiant.
809 1552 864 1615 Ad
884 1551 962 1626 haeo,
981 1552 1007 1615 si
1030 1553 1129 1616 veteri
1152 1554 1276 1618 cuidam
1297 1555 1372 1618 testi

332 1651 522 1715 credendum
550 1659 644 1725 esset,
670 1653 809 1737 synodus
837 1652 968 1717 Nicaena
995 1654 1174 1719 Antiochia
1201 1655 1286 1719 illam
1315 1677 1373 1719 suo

330 1753 553 1837 comprobasse
575 1753 695 1817 calculo
717 1761 804 1817 recte
825 1754 1006 1833 videretur3
1030 1763 1157 1819 tantum
1179 1757 1317 1831 abesset,
1337 1766 1375 1821 ut

331 1854 492 1938 ignoraret
512 1855 594 1918 illius
613 1854 736 1919 aoncilii
757 1855 851 1918 fidem
872 1863 907 1920 et
928 1856 1116 1920 doctrinam.
1160 1856 1233 1921 Hoc
1258 1858 1377 1922 diserte

331 1956 458 2041 quidem
479 1957 619 2022 affirmat
636 1955 772 2021 Libello
791 1958 927 2042 Sosppho
946 1958 1126 2022 Theodosio
1147 1967 1181 2023 et
1195 1958 1376 2023 Valentini·

331 2082 393 2123 ano
407 2058 509 2145 Impp.
522 2082 543 2123 a
555 2059 674 2123 Basilio
686 2059 830 2122 Diacono
842 2060 1034 2144 reliquisque
1047 2060 1215 2124 Monachis
1228 2059 1375 2135 oblatus;

330 2169 367 2225 at
380 2183 454 2225 vero
475 2161 508 2224 in
528 2183 567 2225 eo
589 2160 725 2247 spectari
748 2161 925 2245 symbolum
948 2162 1012 2225 sive
1031 2163 1103 2242 ὅρον
1123 2163 1274 2246 suspicor,
1291 2163 1377 2247 quod

331 2262 551 2338 Antiochenis,
567 2269 665 2346 atque
680 2262 839 2326 interdum
856 2261 1003 2338 Nioaenis,
1015 2262 1094 2326 falso
1109 2263 1303 2328 attributum
1317 2271 1377 2342 est,

331 2365 427 2430 titulo
449 2364 543 2448 hujus
566 2363 710 2448 symboli,
734 2364 774 2427 de
797 2386 860 2448 quo
882 2372 1044 2449 postremo
1066 2386 1170 2449 agam,
1197 2387 1378 2450 persuasus.

332 2465 437 2530 Verba
451 2465 565 2530 Libelli
582 2465 740 2551 Supplices
753 2465 822 2530 haec
842 2465 1103 2537 σοιτίς-πόντων
1122 2473 1182 2530 τῶν
1199 2467 1380 2531 πιστευσάν-

331 2595 391 2632 των
413 2571 461 2633 καὶ
483 2569 685 2633 πιστευόντων
706 2572 741 2654 τῇ
763 2569 910 2652 όμσσυσίῳ
934 2568 1048 2648 Τριόδι·
1075 2569 1243 2647 Εἰρηναίσυ,
1266 2574 1379 2649 Γρηγο-

330 2674 395 2751 ρίου
416 2675 469 2734 τοῦ
488 2676 622 2751 μεγάλου
643 2671 806 2733 ἐπισκόπου
825 2671 1068 2749 Νεσκαισσρείας,
1086 2673 1134 2747 τῆς
1148 2672 1235 2747 ἁγίας
1252 2671 1379 2734 συνόδου

331 2780 389 2836 τῶν
408 2771 467 2852 ρπ’.
491 2774 661 2835 ἐπισκόπων
681 2772 715 2834 ἓν
728 2769 898 2854 Ἀντιοχείᾳ
918 2771 1186 2852 συναθροισθείσης
1204 2774 1279 2833 κατὰ
1294 2773 1377 2834 Παθ-

331 2882 387 2937 λου
410 2878 463 2937 τοῦ
486 2871 696 2952 Σαμσσατέως,
717 2873 781 2950 ἥτις
804 2877 945 2935 καθεῖλεν
968 2871 1059 2934 αὐτὸν
1082 2873 1130 2933 διὰ
1154 2870 1207 2949 τὴν
1231 2869 1379 2948 ἀσέβειαν

332 2975 430 3045 αὐτοῦ,
447 2977 495 3037 διὰ
516 2973 550 3035 τὸ
569 2973 609 3051 μὴ
629 2973 792 3053 ὁμολογεῖν
811 2972 864 3034 τὸν
885 2971 1018 3053 Χριστὸν
1033 2973 1125 3052 φύσει
1140 2972 1234 3045 Θεὸν,
1251 2974 1299 3036 καὶ
1313 2971 1380 3035 υίὸν

333 3079 415 3138 Θεοῦ
432 3074 553 3154 πατρός·
575 3075 626 3149 τῆς
649 3072 683 3135 ἓν
705 3072 814 3156 Νικαίᾳ
835 3072 968 3153 μεγάλης
990 3073 1038 3135 καί
1063 3073 1151 3153 ἁγίας
1173 3074 1300 3135 συνόδου
1322 3077 1382 3135 τῶν

332 3175 396 3254 τογ’.
422 3176 601 3246 ἐπισκόπων,
617 3177 667 3253 τῆς
684 3173 901 3252 βεβοιωσόσης
918 3173 972 3235 τὸν
989 3174 1061 3253 όρον
1076 3178 1134 3235 τῶν
1149 3173 1183 3235 ἓν
1196 3170 1379 3256 Ἀντιοχείᾳ.

336 3278 432 3362 Αρυό
452 3274 589 3339 Concilio
604 3274 653 3338 ed.
671 3274 785 3339 Labbe
800 3281 878 3337 tom.
894 3273 938 3336 iii.
954 3295 983 3358 p.
1001 3275 1075 3353 426.

377 3378 440 3442 Sed
456 3377 506 3439 his
525 3376 637 3453 missis,
653 3384 806 3460 tanquam
829 3372 1106 3448 hallucinantibus‚
1122 3371 1287 3435 Sozomeni
1308 3393 1382 3435 nar-

334 3481 418 3545 ratio
438 3485 529 3543 extat
549 3478 582 3540 in
603 3477 656 3540 lib.
673 3476 714 3540 iv.
733 3476 816 3540 Hoc.
836 3476 913 3560 ejus,
934 3496 1003 3558 cap.
1020 3493 1068 3557 15.
1084 3473 1146 3535 hue
1168 3494 1280 3557 usque,
1294 3474 1380 3557 quod

334 3581 443 3655 sciam,
469 3577 624 3661 neglecta,
652 3599 723 3661 quae
752 3577 832 3640 satis
860 3583 973 3660 aperte
997 3574 1080 3637 hauc
1107 3573 1192 3636 vocis
1218 3575 1383 3652 ὁμοουσίσυ

333 3680 569 3748 damnationem
600 3678 835 3742 Antiochenam
864 3678 906 3763 ab
936 3674 1115 3739 homiuibus
1144 3673 1267 3737 diverse
1296 3672 1381 3738 inter

336 3809 369 3850 se
385 3783 595 3849 sentientibus
609 3788 763 3845 testatam
778 3802 846 3844 esse
861 3777 1019 3862 significat
1034 3776 1223 3861 probatque.
1267 3775 1383 3841 Tradit

336 3886 419 3950 enim
447 3879 629 3955 historicus,
654 3879 817 3966 episcopos
847 3878 1099 3954 Semi-Arianos,
1125 3878 1210 3962 quod
1238 3877 1383 3962 apprime

335 3984 511 4050 notandum
523 3987 581 4057 est,
592 3979 669 4042 dum
682 3980 787 4043 Sirmii
799 3987 909 4065 egeret
921 3978 1132 4043 Constantius
1142 3977 1225 4062 Imp.
1238 3979 1271 4040 in
1283 3998 1380 4040 unum

336 4095 412 4151 tuno
427 4084 577 4158 libellum,
592 4082 656 4144 sive
677 4080 751 4144 fidei
771 4080 949 4154 formulam,
964 4080 1006 4142 ab
1022 4078 1167 4142 omnibus
1182 4076 1380 4139 subscriben-

336 4190 419 4262 dam,
431 4185 613 4269 conjecisse,
622 4187 691 4246 t'am
706 4206 745 4246 ea
759 4204 830 4266 quae
845 4190 958 4245 ooutra
974 4180 1109 4244 Paulum
1125 4178 1382 4242 Samosatensem

337 4289 370 4351 in
381 4289 441 4352 hoo
451 4283 617 4351 vetustiori
629 4283 761 4347 concilio
772 4281 977 4346 Antiocheno
991 4281 1121 4345 decreta
1135 4277 1272 4348 fuerant,
1285 4295 1382 4359 quam

335 4390 398 4453 alia
413 4389 559 4473 quaedam
571 4391 737 4469 praeterea,
747 4383 837 4468 quasi
850 4382 990 4468 quidam,
1002 4381 1099 4444 verba
1114 4375 1278 4442 Sozomeni
1293 4382 1380 4450 sunt,

335 4489 388 4553 υυό
408 4489 524 4553 ollem
546 4484 682 4551 vocabuli
701 4487 861 4566 όμσσυσίου
877 4484 1044 4569 propriam
1063 4478 1122 4545 sili
1138 4477 1274 4542 loercsim
1290 4474 1383 4539 stabi·

808 4605 828 4669 3
847 4609 866 4646 s
885 4604 902 4647 2
