3700 5667
630 657 660 719 S.
678 656 964 719 PAMPHILUS
989 655 1213 719 MARTYR.
1379 657 1443 723 489

400 820 505 878 Latino
523 822 743 902 interpretatum
763 824 888 903 demptis
908 824 1045 902 Origenis
1063 823 1205 902 excerptis
1223 823 1253 880 in
1268 822 1442 902 Appendice

398 924 543 983 collocavi.

440 1029 583 1089 ‘Factum
604 1033 658 1091 hoc
672 1034 709 1092 A.
723 1034 793 1093 309.
812 1036 856 1092 15.
874 1034 960 1093 Febr.
981 1045 1015 1092 ut
1036 1034 1130 1093 fusius
1149 1034 1276 1092 narravit
1296 1033 1443 1092 Eusebius

397 1133 472 1192 libro
486 1137 573 1195 tertio
587 1137 624 1196 de
638 1139 700 1196 vita
715 1138 746 1196 S.
757 1138 901 1218 Pamphili
917 1160 953 1197 ex
968 1159 1026 1216 quo
1040 1139 1272 1218 apospasmatiou
1286 1158 1324 1198 ex
1334 1137 1443 1196 Codice

399 1240 532 1300 Mediceo
553 1243 678 1321 protulit
700 1244 916 1324 Papebroehius
937 1247 967 1303 in
987 1244 1071 1304 Actis
1092 1245 1224 1304 Sanctor.
1238 1254 1308 1303 tom.
1324 1245 1344 1302 i.
1358 1243 1441 1301 Junii

399 1365 428 1422 p.
445 1345 493 1404 64.
508 1368 567 1424 seq.
582 1348 660 1426 quod
680 1369 773 1428 nuper
789 1351 890 1408 Graece
908 1361 939 1408 et
954 1351 1020 1408 Lat.
1035 1348 1231 1408 recudendum
1251 1348 1318 1407 dedi
1333 1348 1363 1405 in
1383 1347 1443 1426 spi-

398 1450 501 1529 cilegio
516 1452 636 1531 Petrum
651 1452 732 1512 tertii
752 1454 861 1521 saculi,
877 1475 935 1513 una
954 1476 1020 1514 cum
1037 1454 1182 1534 Pamphili
1197 1454 1337 1535 Martyris
1357 1474 1442 1532 argu·

397 1557 503 1615 mentis
518 1559 654 1637 Cupitum
668 1557 735 1617 libri
747 1560 890 1619 Actorum
903 1560 1152 1640 Apostolicorum,
1163 1560 1194 1618 iu
1209 1572 1289 1619 tomo
1298 1560 1329 1618 ii.
1345 1561 1443 1639 Opus-

396 1661 528 1720 culorum
545 1666 572 1719 S.
590 1663 748 1744 Hippolyti
764 1664 873 1724 Hamb.
892 1665 1044 1735 1718.f01.
1075 1665 1176 1723 Vitam
1192 1663 1339 1744 Pamphili
1353 1664 1443 1743 scrip-

395 1767 466 1824 sisse
487 1787 517 1825 se
539 1767 679 1846 peculiari
700 1789 788 1848 opera
809 1780 935 1829 testatur
955 1770 1103 1830 Eusebius
1117 1770 1167 1828 vii.
1182 1770 1232 1828 32.
1253 1790 1282 1848 p.
1298 1767 1368 1828 288.
1383 1788 1443 1846 seq.

397 1871 446 1928 ubi
472 1871 565 1930 virum
592 1873 673 1932 illum
699 1877 912 1946 θαυμασιώτατον
936 1875 1073 1955 appellat,
1108 1876 1294 1935 Pasarcrus.
1346 1873 1444 1952 Digna

395 1989 473 2045 sunt,
497 1999 562 2056 qua
584 1981 785 2040 exscribantur
808 1982 930 2041 Eusebii
953 1983 1040 2041 verba
1052 1982 1143 2068 ppud
1171 1983 1201 2040 S.
1225 1982 1442 2060 Hieronymum

396 2082 483 2141 Lihra
498 2082 592 2161 primo
608 2083 716 2143 Contra
733 2085 875 2162 Belsinum.
920 2087 991 2166 Ipse
1012 2087 1152 2145 Eusebius
1170 2095 1282 2146 amator
1301 2095 1326 2145 et
1349 2103 1444 2164 praec

395 2198 421 2246 et
451 2190 660 2249 contubernalis
689 2191 838 2270 Pamphili
866 2201 924 2251 tres
952 2191 1040 2251 libras
1070 2192 1186 2271 scripsit
1219 2191 1444 2270 elegantissimos

396 2296 481 2352 vitam
498 2296 645 2373 Pamphili
659 2299 826 2356 continentes
835 2320 849 2364 ,·
871 2300 900 2357 ia
916 2298 1115 2378 quibusquam
1130 2308 1229 2357 catera
1247 2297 1326 2355 miris
1345 2296 1440 2354 laudi-

398 2402 447 2458 bus
458 2403 638 2480 predicaret,
651 2403 889 2481 humilitatemque
903 2405 965 2476 ejus
968 2402 1068 2482 ferret
1083 2406 1112 2461 iu
1127 2406 1236 2468 coetrsm,
1250 2407 1334 2461 etiam
1348 2402 1400 2459 hoc
1415 2401 1444 2458 iu

399 2506 482 2564 tertio
496 2507 567 2565 libro
583 2508 712 2565 addidit:
737 2508 845 2573 'Queis
865 2510 1054 2568 studiosorum
1075 2510 1184 2568 anricus
1205 2531 1258 2568 rson
1270 2507 1336 2587 suit
1359 2510 1443 2565 Pam·

397 2611 520 2684 philus?
544 2612 578 2669 Si
592 2631 658 2690 quos
669 2613 780 2672 videbat
795 2614 834 2671 ad
848 2613 951 2672 victum
966 2613 1137 2672 necessariis
1151 2612 1288 2692 indigere,
1300 2611 1444 2690 prebebat

399 2717 554 2796 largeque
570 2727 692 2795 poterat.
736 2719 905 2797 Scripturas
919 2740 1028 2799 quoque
1041 2730 1159 2777 sanetas
1173 2738 1227 2774 non
1241 2718 1282 2775 ad
1296 2715 1443 2791 legendum

399 2831 518 2892 tuntum,
537 2825 585 2879 sed
605 2824 646 2880 ad
666 2824 835 2889 habendum,
859 2824 1001 2883 tribuebat
1021 2823 1237 2903 promptissime.
1276 2823 1337 2880 Nec
1356 2820 1445 2879 solrsm

399 2928 470 2986 uiris
483 2932 532 2986 sed
547 2927 710 3006 etseminis,
726 2951 799 3008 quas
813 2929 927 2988 uidisset
942 2931 1053 2990 lectioni
1067 2931 1189 2988 deditas.
1236 2929 1319 2987 Unde
1332 2936 1358 2986 et
1372 2926 1443 2983 misl-

400 3043 439 3092 tos
453 3036 558 3094 codices
569 3037 767 3114 praeparabat,
780 3045 810 3094 ut
822 3059 906 3116 quum
922 3038 1075 3097 necessitas
1086 3040 1276 3116 proposcisset
1291 3035 1446 3094 volentibus

398 3140 564 3218 largiretur.
611 3141 650 3198 Et
668 3141 729 3219 ipse
743 3143 854 3221 quidem
870 3144 987 3221 proprii
1001 3143 1096 3221 operis
1110 3144 1184 3200 nihil
1197 3146 1307 3201 omniuo
1320 3140 1445 3218 scripsit,

399 3245 520 3322 exceptis
543 3245 674 3319 epistolis,
696 3267 770 3322 qrsas
792 3247 832 3303 ad
854 3251 958 3304 amicos
973 3249 1055 3321 sorte
1078 3247 1212 3309 mittebat,
1234 3246 1263 3302 in
1286 3253 1397 3301 tantum
1417 3262 1446 3300 se

400 3347 558 3403 hnmilitate
576 3347 727 3425 dejecerat.
770 3349 899 3404 Veterum
920 3357 1012 3405 autem
1027 3356 1169 3405 tractatus
1188 3348 1359 3424 scriptorum
1373 3346 1445 3418 lege-

400 3450 447 3507 bat
469 3449 683 3514 studiosissime,
707 3459 732 3507 et
755 3454 781 3506 in
804 3470 898 3508 eorum
925 3450 1104 3508 meditatione
1121 3451 1235 3529 jugiter
1257 3449 1446 3507 versabatur.’

400 3560 424 3625 i.
440 3557 467 3612 9.
486 3573 550 3631 pag.
567 3551 635 3610 465.
650 3553 722 3610 tomi
738 3553 769 3610 ii.
787 3552 842 3631 Op.
860 3554 892 3611 S.
912 3554 1031 3611 Hieron.
1050 3553 1120 3612 edit.
1137 3553 1283 3612 Vallarsii.
1329 3553 1446 3611 Interea

399 3661 528 3738 disputat
543 3658 578 3717 cl.
594 3657 760 3718 Lardnerus
781 3670 881 3718 contra
901 3663 948 3732 τὴν
968 3665 1125 3735 mactmus
1146 3661 1289 3719 Actorum
1310 3661 1341 3718 S.
1359 3659 1444 3716 Pam-

400 3764 471 3842 phili
487 3763 648 3821 aPabricio
662 3764 783 3842 aliisque
797 3764 954 3834 editorum,
966 3767 995 3823 in
1011 3767 1069 3845 Op.
1084 3768 1131 3826 De
1146 3766 1220 3824 Fide
1236 3765 1315 3823 Hist.
1333 3765 1443 3839 Evaug.

400 3879 472 3948 part.
489 3869 532 3928 11.
556 3868 605 3928 lib.
622 3869 640 3927 i.
663 3890 724 3947 cap.
742 3870 789 3928 59.
813 3890 841 3927 a.
862 3872 905 3929 10.
947 3873 993 3930 De
1014 3873 1194 3951 Argumentis
1218 3893 1285 3930 vero
1308 3871 1441 3950 Cupitum

400 3975 467 4031 lihri
484 3975 602 4032 ,datiana
621 3975 718 4053 sipost.
734 3997 800 4033 mox
817 3977 918 4035 dicam.

443 4726 511 4768 vot.
530 4727 572 4767 ΙΙΙ,
