3700 5667
399 637 464 699 482
733 634 1110 699 ANNOTATIONES

399 810 534 872 dixerim
557 832 595 873 eo
621 809 731 893 magis,
754 808 838 892 quod
864 808 896 871 in
920 806 1063 892 plurimis
1088 808 1184 871 rebus
1209 807 1261 870 hic
1290 828 1458 872 commen-

399 914 501 976 tarius
523 935 594 976 cum
613 913 675 977 isto
693 913 742 975 De
761 910 897 976 Fabrioa
918 912 1034 975 Mundi
1054 914 1295 998 ἀποσπασματίῳ
1318 914 1458 997 pulchre

400 1016 574 1080 conveniat.
605 1014 721 1079 Oonl'er
734 1029 767 1079 et
785 1013 908 1079 OeiVior
924 1016 1064 1078 Histoire
1082 1015 1231 1079 Gbnbrule
1245 1015 1299 1079 des
1315 1018 1456 1080 Auterm

400 1120 508 1182 Sacris
526 1127 554 1181 et
575 1117 828 1202 Eccltnaniques,
848 1123 935 1181 tome
950 1117 994 1179 iii.
1012 1138 1083 1197 cap.
1103 1134 1153 1178 ιι.
1174 1121 1199 1196 ς.
1213 1135 1244 1199 3.
1267 1137 1300 1200 p.
1317 1119 1397 1202 346.
1420 1125 1455 1180 et

400 1242 494 1305 quam
510 1220 689 1306 nuperrime
704 1221 777 1297 vidi,
793 1227 961 1304 postquam
981 1219 1088 1283 omnia
1103 1219 1171 1282 haec
1186 1220 1227 1283 de
1244 1219 1418 1284 Victorino
1432 1242 1454 1283 a

398 1345 448 1385 me
470 1323 557 1387 edita
578 1324 717 1400 fuerant,
740 1324 886 1406 Lumpori
908 1322 992 1385 Hist.
1015 1321 1370 1406 Theolopico-Critioam,
1391 1323 1462 1386 vol,

397 1426 461 1490 xiii.
479 1449 510 1511 p.
526 1427 708 1510 572-583.

441 1531 513 1612 Age
533 1552 616 1602 vero,
635 1528 778 1592 breviora
798 1529 943 1613 quaedam
964 1527 1086 1591 Scholia
1102 1526 1261 1591 Victorini
1274 1526 1312 1590 ia
1327 1528 1451 1612 Apoca-

397 1630 498 1714 lypsin
511 1630 601 1713 quasi
616 1629 807 1714 postliminio
817 1630 885 1713 jam
900 1629 1033 1693 reducta
1050 1636 1126 1693 sunt
1139 1651 1160 1692 a
1174 1628 1357 1705 Gallandio,
1374 1650 1450 1713 quse

398 1731 518 1815 primus
547 1755 586 1796 ex
613 1732 774 1797 Oasinensi
804 1732 912 1796 codice
941 1731 1087 1796 ediderat
1113 1730 1250 1794 Basilius
1277 1730 1449 1793 Millonius

397 1830 577 1896 Monachus
599 1831 730 1897 Casinas
753 1832 905 1896 Bononiae
927 1853 1012 1896 anno
1036 1834 1128 1916 1558.
1172 1832 1292 1918 Aitque
1315 1832 1449 1896 Gallen-

397 1935 476 2010 dius,
499 1935 531 1997 in
553 1933 746 1998 Bibliotheca
768 1936 842 1998 PP.
866 1955 931 1997 suae
953 1942 1042 1998 tomo
1057 1935 1096 1998 iv.
1114 1956 1186 2019 pag.
1202 1934 1242 1998 vi.
1266 1957 1301 1997 se
1323 1934 1447 1998 nullum

397 2034 555 2108 dubitare,
577 2035 602 2097 si
623 2035 698 2097 viris
716 2034 819 2098 doctis
841 2045 1008 2118 perspectu
1028 2033 1158 2118 hujusce
1180 2033 1323 2118 opusculi
1343 2035 1447 2098 editio

396 2137 498 2211 unica,
522 2137 664 2221 adeoque
687 2158 828 2222 perrara,
850 2135 970 2210 suisset,
996 2147 1016 2169 “
1032 2136 1107 2220 quin
1130 2136 1264 2212 Scholia,
1286 2145 1446 2220 tanquam

398 2239 604 2323 “genuinum
626 2239 780 2303 Victorini
802 2239 903 2302 fetum
926 2239 1142 2323 excepissent3
1175 2240 1448 2324 agnovissentque

398 2352 418 2374 ‘¹
434 2342 527 2405 simul
552 2342 752 2406 subdititium
776 2341 904 2405 omnino
927 2362 1005 2414 esse,
1030 2348 1144 2426 utpote
1167 2341 1246 2404 mire
1270 2341 1446 2426 interpola-

398 2454 417 2476 “
433 2451 513 2517 tum,
529 2444 799 2509 commentarium
820 2443 906 2506 illum
927 2442 960 2505 in
975 2442 1202 2527 Apocalypsin,
1218 2443 1272 2527 qui
1292 2443 1353 2506 sub
1374 2444 1446 2527 ejus

397 2558 417 2578 ‘¹
431 2547 558 2611 nomine
580 2547 611 2610 in
636 2549 770 2611 Patrum
790 2546 995 2610 Bibliothecis
1017 2545 1266 2611 circumfertur.”
1310 2545 1363 2609 Sia
1382 2545 1445 2610 ille.

396 2648 584 2734 Quanquam
607 2672 681 2712 vero
702 2649 836 2733 vestigia
857 2647 1045 2731 antiquioris
1067 2648 1220 2712 doctrinae
1242 2648 1275 2711 in
1297 2646 1348 2711 his
1370 2647 1444 2710 bre·

396 2753 534 2815 rioribus
563 2751 689 2815 scholiis
718 2753 851 2815 subinde
880 2750 1084 2835 deprehendi,
1112 2748 1306 2832 interpolata
1332 2761 1445 2813 tamen

395 2851 485 2916 istaec
513 2854 554 2915 ab
583 2853 688 2936 aliquo
718 2853 799 2916 male
825 2854 939 2916 feriato
964 2852 1060 2916 luisse
1085 2852 1162 2915 mihi
1187 2851 1390 2926 videbantur,
1418 2851 1444 2914 si

396 2955 490 3017 modo
514 2955 696 3039 opusculum
721 2956 761 3018 ad
786 2954 988 3018 Victorinum
1012 2955 1100 3019 tertii
1124 2954 1228 3019 saeculi
1252 2952 1444 3037 scriptorem

397 3078 469 3118 vere
487 3055 670 3140 pertineret.
716 3057 819 3119 Extat
839 3057 872 3118 in
893 3078 931 3118 eo
952 3058 993 3120 ad
1015 3078 1126 3121 comm.
1145 3078 1194 3135 14.
1213 3078 1281 3139 cap.
1296 3055 1316 3118 i.
1334 3057 1440 3139 Apoc.

400 3159 499 3240 Caput
511 3167 610 3220 araon
629 3158 691 3239 rpite
710 3168 737 3221 ot
757 3158 865 3243 capilli
880 3169 968 3221 eruut
986 3158 1050 3222 alli
1067 3154 1121 3222 dre.
1139 3157 1361 3242 interpretatio
1378 3158 1444 3221 ista

395 3262 480 3323 -In
500 3259 621 3345 cupillis
639 3259 718 3323 olbis
736 3261 890 3324 abbatum
907 3271 948 3323 est
966 3261 1135 3325 multitudo.
1181 3262 1243 3325 Sed
1260 3282 1333 3323 vero
1354 3259 1442 3323 aldo·

394 3369 501 3436 torum,
524 3385 587 3426 nou
612 3360 762 3438 ahbatum,
787 3363 940 3447 scriptum
965 3372 1076 3446 postea
1099 3363 1205 3425 inveni
1228 3363 1259 3424 in
1284 3361 1442 3425 Victorini

395 3464 633 3528 Commentario
648 3487 745 3549 supra
760 3473 1007 3528 commemorato
1016 3490 1025 3539 ;
1046 3465 1078 3527 in
1093 3487 1156 3548 quo
1171 3465 1297 3550 quidem
1311 3464 1444 3548 gemina

391 3567 459 3630 t'ere
477 3568 589 3632 horum
610 3569 806 3632 Scholiorum
826 3575 948 3642 extant,
964 3567 1011 3630 ita
1025 3575 1133 3630 tamen
1154 3576 1190 3630 ut
1211 3574 1344 3649 uterque
1359 3566 1444 3629 liber

394 3679 505 3733 mutua
532 3693 591 3755 ope
618 3669 778 3732 emendari
805 3678 911 3753 queat.
969 3669 1069 3731 Porro
1095 3669 1135 3730 ad
1159 3690 1269 3731 comm.
1295 3668 1343 3729 18.
1367 3689 1440 3752 cap.

393 3771 458 3833 xiii.
479 3773 634 3834 Numerus
654 3771 715 3852 ejus
737 3793 840 3834 norrren
862 3772 1000 3849 dominis,
1018 3781 1045 3834 et
1066 3793 1205 3833 numm
1226 3771 1288 3853 ejus
1308 3772 1443 3833 sescenti

392 3871 548 3953 amopinta
567 3892 629 3946 son,
643 3879 716 3953 post
732 3871 832 3934 multa
852 3871 915 3934 alia
935 3871 994 3934 hoc
1015 3869 1159 3932 additum
1178 3876 1236 3942 est,
1253 3870 1333 3930 Item
1347 3867 1444 3931 aliud

391 3972 454 4055 ey'ua
468 3971 688 4050 (Antichristi)
706 3994 809 4035 norrea
829 3973 960 4048 Gallice,
976 3971 1057 4056 quod
1068 3993 1129 4055 per
1142 3992 1172 4033 se
1187 3968 1319 4054 liquebit,
1334 3969 1373 4031 id
1387 3981 1441 4045 est,

392 4076 579 4155 Γενσηρικὸς,
603 4076 684 4161 quod
703 4074 801 4139 eodem
824 4075 907 4138 ruodo
932 4073 1051 4137 Grceord
1073 4073 1168 4136 litores
1191 4070 1375 4156 computabis
1398 4072 1440 4153 γ’.

392 4189 460 4257 tres,
476 4178 508 4244 ε’.
530 4181 660 4265 quinque
682 4181 737 4243 &a
783 4178 988 4262 Significatur
1009 4184 1118 4241 autern
1141 4175 1329 4239 Gensericus
1352 4177 1379 4236 V
1381 4198 1441 4238 an-

392 4281 536 4345 dalorum
552 4305 617 4358 rex,
634 4282 687 4366 qui
708 4282 822 4346 saeculo
841 4280 953 4364 quinto
969 4279 1149 4343 catholicos
1168 4278 1199 4340 in
1216 4276 1327 4339 Africa
1343 4298 1441 4340 vexa·

394 4392 454 4447 rat.
501 4384 577 4448 Alia
596 4384 698 4461 mitto,
715 4383 771 4448 sed
791 4397 884 4447 notes
903 4383 1013 4456 lector,
1030 4403 1149 4464 quaeso,
1165 4381 1197 4442 in
1212 4381 1322 4443 eodem
1342 4399 1441 4461 opus-

392 4487 462 4550 culo
486 4507 547 4548 non
570 4495 696 4550 tantum
719 4486 806 4559 illud,
829 4486 912 4570 quod
939 4485 971 4547 in
999 4483 1061 4547 fine
1087 4484 1238 4547 adversus
1264 4481 1440 4548 Ohiliastas

391 4587 544 4672 scriptum
567 4594 667 4659 extat,
692 4589 747 4652 sed
770 4596 802 4651 et
825 4588 926 4650 multa
948 4584 1067 4648 scholia
1089 4584 1120 4646 in
1144 4593 1248 4648 totum
1272 4591 1369 4668 caput
1394 4604 1440 4648 20
