3700 5667
548 674 600 737 IN
625 675 855 740 CONCILIA
880 677 1128 742 CARTHAG.
1298 681 1363 749 196

315 861 413 926 quam
430 838 584 905 Crescens
605 840 770 925 episcopus
787 841 943 906 Cirtensis
961 850 1189 906 commemorat
1209 842 1363 928 scriptam

314 965 337 1008 a
350 941 512 1028 Cypriane
526 943 568 1006 ad
584 943 793 1028 Stephanum,
803 965 937 1026 eamque
951 965 1035 1008 nunc
1049 966 1113 1007 nou
1128 951 1240 1009 extare
1254 952 1363 1029 putet,

315 1052 351 1108 et
364 1043 522 1107 diversam
542 1043 639 1107 luisse
658 1067 679 1108 a
700 1043 849 1129 Cypriani
870 1043 925 1107 illa
945 1045 987 1108 ad
1008 1044 1207 1129 Stephanum
1224 1045 1264 1107 de
1283 1045 1362 1128 bap-

315 1145 412 1209 tismo
433 1145 666 1221 hoereticorum,
683 1168 754 1231 quoe
775 1168 861 1210 num.
876 1146 965 1210 lxxii.
983 1153 1126 1210 notatur.
1173 1145 1365 1209 Pearsonius

315 1268 391 1310 vero
413 1246 447 1309 in
467 1246 639 1311 Annalibus
664 1249 754 1332 prr.
777 1248 819 1311 ad
841 1269 894 1311 an.
915 1251 988 1331 256.
1029 1250 1169 1311 “Lecta
1192 1254 1242 1310 est
1265 1247 1364 1311 etiam

316 1347 501 1432 “Epistola
529 1347 679 1432 Cypriani
708 1349 750 1413 ad
786 1348 996 1432 Stephanum,
1025 1348 1110 1432 quod
1139 1348 1267 1433 quidem
1296 1348 1365 1432 ipse

318 1457 340 1487 “
356 1449 463 1513 omisit
480 1448 586 1533 [initio
600 1449 772 1536 Actorum],
793 1450 849 1513 sed
864 1449 1019 1514 Crescens
1040 1472 1060 1514 a
1078 1450 1168 1515 Cirta
1189 1449 1365 1534 Episcopus

319 1556 341 1588 “
356 1551 509 1615 notavit.”
524 1559 550 1626 t.
567 1551 609 1613 ix.
638 1551 749 1628 Voces,
764 1552 892 1636 itemquo
913 1552 958 1615 od
978 1552 1177 1637 Stephanum,
1199 1558 1313 1615 extant
1332 1551 1366 1614 in

317 1661 458 1736 quotuor,
474 1651 588 1737 quibus
602 1658 685 1728 utor,
702 1651 851 1716 codicibus
864 1653 1120 1738 Augustinoque.

364 1754 493 1836 P.119.
515 1753 535 1815 l.
557 1754 586 1817 8.
610 1775 722 1817 censeo
744 1754 815 1839 ego]
839 1755 872 1817 A
893 1777 944 1818 me
965 1755 1077 1819 addita
1098 1762 1149 1819 est
1170 1777 1232 1818 vox
1254 1776 1304 1840 09⁰
1326 1774 1368 1817 ex

319 1853 412 1917 oodd.
427 1853 551 1917 duobus
572 1853 605 1916 iu
627 1855 703 1919 edit.
721 1855 825 1919 Oxou.
841 1855 1006 1940 tribusque
1022 1856 1062 1919 de
1076 1863 1214 1941 quatuor
1227 1855 1318 1931 meis,
1333 1862 1368 1918 et

319 1955 503 2040 Augustino
518 1957 697 2042 desumpta.
725 1957 836 2022 Habet
852 1959 954 2021 codex
968 1958 1051 2021 ulter
1065 1979 1165 2021 comeo
1179 1978 1247 2042 erpo
1261 1979 1321 2042 epo.

365 2056 445 2119 lbid.
461 2056 482 2120 l.
503 2076 549 2121 12.
565 2079 623 2141 per
636 2079 749 2121 manus
762 2058 1009 2143 impositionem]
1030 2058 1229 2122 Poenitentes
1244 2058 1286 2120 ad
1300 2079 1368 2142 poe-

320 2157 464 2223 nitentiae
491 2159 663 2223 stationem
688 2182 779 2223 suam
802 2183 860 2246 per
882 2183 1034 2224 manuum
1058 2160 1290 2245 impositionem
1313 2160 1369 2223 ad·

321 2259 407 2324 mitti
426 2259 512 2325 soliti
534 2268 630 2335 sunt,
656 2283 728 2345 quae
751 2261 878 2345 quidem
900 2262 1060 2347 impositio
1081 2283 1231 2325 manuum
1253 2261 1370 2346 saepius

322 2362 537 2446 repetebatur.
583 2364 657 2426 Hoc
678 2373 786 2427 autem
806 2363 1003 2448 significatur
1022 2364 1055 2426 in
1076 2363 1225 2449 Cypriani
1240 2364 1303 2448 Ep.
1319 2384 1370 2427 xv.

322 2462 363 2527 al.
385 2483 434 2527 11.
461 2465 547 2527 Item
569 2486 689 2528 conone
708 2487 760 2529 xv.
782 2465 911 2528 Ooocilii
930 2466 1109 2551 Apollineis
1130 2467 1288 2530 sancitum
1310 2471 1371 2543 est,

324 2565 439 2629 debere
452 2587 562 2629 omnes
576 2566 618 2629 ad
633 2566 815 2651 episcopum
830 2568 981 2631 accedere
995 2567 1193 2652 poeuitentiae
1211 2589 1319 2643 causa,
1333 2572 1371 2631 ut

323 2686 435 2729 manus
451 2664 510 2728 sibi
525 2664 729 2750 imponantur
743 2667 916 2730 secundum
931 2688 1051 2729 morem
1066 2666 1183 2750 ubique
1196 2675 1370 2752 receptum.

325 2764 406 2830 Haec
427 2767 641 2830 Msnsnsmus
660 2768 785 2852 Interp.
805 2768 968 2853 Anglicus.
1014 2767 1090 2830 Trio
1111 2768 1225 2832 saltem
1244 2768 1372 2853 imposi-

325 2868 447 2932 tionum
462 2889 575 2932 manus
588 2890 706 2953 genera
721 2868 753 2930 iu
767 2869 861 2952 hujus
875 2869 997 2937 concilii
1013 2869 1094 2933 actis
1108 2869 1251 2946 invenio;
1274 2891 1372 2933 unum

324 2968 370 3031 ad
387 2968 595 3053 acetpimdmn
617 2969 770 3052 Spiritum
790 2970 937 3031 &ndum
955 2968 987 3031 iu
1008 2968 1173 3053 Suffragiis
1187 2991 1219 3031 v.
1235 2976 1269 3033 et
1283 2991 1372 3031 xxiv·

325 3077 359 3135 et
372 3070 405 3133 in
420 3071 565 3155 Epistola
585 3072 703 3155 Synodi
724 3071 893 3155 superioris
912 3060 1213 3149 commemoratum
1235 3070 1373 3135 alterum

324 3194 347 3236 a
367 3171 536 3236 (irascente
557 3172 609 3235 hic
632 3173 806 3237 adductum
826 3173 862 3234 io
877 3173 1088 3256 pendentem
1110 3193 1205 3256 super
1227 3172 1372 3256 baptiza·

327 3280 378 3338 tos
399 3273 485 3358 apud
507 3274 684 3350 haereticos,
707 3282 741 3338 et
764 3296 859 3358 super
881 3273 950 3336 illos
975 3274 1027 3356 qui
1050 3273 1206 3358 baptizati
1231 3273 1318 3356 prius
1341 3272 1375 3338 in

327 3374 457 3438 eeclesia
471 3375 616 3450 fuissent,
628 3383 740 3460 postea
748 3397 809 3460 per
818 3397 926 3438 omnus
941 3375 1157 3459 impositionem
1172 3373 1373 3450 restituendos,

327 3476 367 3540 de
388 3498 452 3560 quo
474 3475 542 3559 agit
565 3484 598 3540 et
621 3477 812 3561 suffragium
835 3500 913 3540 xxn.
933 3475 1064 3540 tertium
1081 3474 1216 3558 denique
1237 3476 1272 3538 in
1291 3496 1375 3538 ceor-

327 3577 415 3640 oismo
430 3577 617 3652 adhibitum,
631 3578 714 3661 quod
730 3579 761 3640 in
778 3578 912 3663 Suffrag.
929 3599 1051 3640 xxxvn.
1067 3573 1260 3660 nominatur,
1277 3577 1376 3660 quod-

328 3699 388 3764 que
403 3678 536 3742 indicari
552 3679 676 3743 videtur
690 3679 723 3741 in
737 3702 790 3743 vn.
806 3692 840 3743 et
854 3702 943 3742 xxxr.

379 3781 517 3845 Romani
551 3781 678 3864 quidem
712 3781 849 3867 episcopi
880 3782 977 3844 verba
1007 3803 1077 3864 quae
1106 3802 1127 3845 a
1156 3780 1316 3866 prriano
1344 3779 1378 3844 in

328 3881 427 3966 Epist.
447 3882 494 3945 od
511 3883 702 3966 Pompeium,
723 3884 781 3946 sub
803 3883 873 3947 init.
892 3882 1103 3958 adducuntur,
1120 3881 1168 3946 ito
1190 3904 1224 3945 se
1245 3881 1378 3957 habent,

329 3982 368 4044 Si
385 3983 453 4066 quis
471 4003 538 4067 erpo
557 4004 579 4046 a
600 4005 784 4068 quacumque
798 3984 905 4046 doereei
925 3983 1041 4046 cenarit
1057 3981 1103 4045 cd
1119 4003 1182 4058 nos,
1197 3981 1278 4043 nihil
1294 3981 1379 4043 iuno·

329 4093 424 4159 saw,
447 4085 510 4147 ehi·
531 4085 611 4169 quod
632 4086 780 4148 troditwm
803 4095 855 4159 cst,
878 4094 912 4148 ut
934 4106 1044 4147 manus
1066 4083 1117 4146 illi
1139 4083 1314 4165 imponatur
1336 4082 1383 4145 ed

324 4186 543 4267 penitentiam.
582 4186 627 4249 Et
642 4195 812 4271 postquam
826 4186 934 4271 priora
951 4185 1150 4269 scripseram,
1164 4182 1228 4244 vidi
1246 4183 1379 4245 Petrum

331 4286 553 4352 Constantium
573 4289 605 4351 in
623 4290 841 4352 Dissertmonc
863 4310 960 4372 supra
979 4311 1011 4372 p.
1032 4307 1101 4370 149.
1121 4291 1380 4362 commemorata,

331 4409 401 4470 quae
420 4389 470 4453 Do
493 4389 644 4475 Stephani
666 4392 820 4453 Sementia
840 4390 908 4474 agit
930 4389 1023 4453 Oirce
1040 4388 1249 4471 Receptionem
1267 4389 1381 4451 Hoers-

331 4490 465 4565 tioorom‚
482 4493 650 4557 docentem
666 4501 742 4557 sect.
760 4517 788 4557 v.
803 4516 834 4578 p.
853 4493 1033 4577 238—246.
1051 4490 1128 4554 nihil
1146 4511 1215 4553 esse
1229 4489 1262 4552 in
1278 4490 1381 4555 verbis

333 4590 498 4676 Stephani,
515 4595 599 4677 quod
621 4595 853 4676 confirmationis
873 4601 1107 4658 sacramentum
1122 4591 1289 4678 significet,
1304 4590 1381 4654 nihil

814 4717 862 4759 co
879 4714 897 4757 2
