<?xml version="1.0" encoding="UTF-8"?>
<!DOCTYPE html PUBLIC "-//W3C//DTD XHTML 1.0 Transitional//EN"
    "http://www.w3.org/TR/xhtml1/DTD/xhtml1-transitional.dtd">
<html xmlns="http://www.w3.org/1999/xhtml" xml:lang="en" lang="en">
 <head>
  <title>
</title>
<meta http-equiv="Content-Type" content="text/html;charset=utf-8" />
  <meta name='ocr-system' content='tesseract 3.04.00' />
  <meta name='ocr-capabilities' content='ocr_page ocr_carea ocr_par ocr_line ocrx_word'/>
</head>
<body>
  <div class='ocr_page' id='page_1' title='image "./reliquiaesacrae08routgoog_0409.png"; bbox 0 0 3700 5667; ppageno 0'>
   <div class='ocr_carea' id='block_1_1' title="bbox 491 684 1394 756">
    <p class='ocr_par' dir='ltr' id='par_1_1' title="bbox 491 684 1394 756">
     <span class='ocr_line' id='line_1_1' title="bbox 491 684 1394 756; baseline 0.003 -9"><span class='ocrx_word' id='word_1_1' title='bbox 491 708 494 713; x_wconf 93' lang='lat'>·</span> <span class='ocrx_word' id='word_1_2' title='bbox 547 686 615 748; x_wconf 84' lang='lat' dir='ltr'>AD</span> <span class='ocrx_word' id='word_1_3' title='bbox 638 684 915 749; x_wconf 77' lang='lat' dir='ltr'>D10NYSIUM</span> <span class='ocrx_word' id='word_1_4' title='bbox 941 686 1202 749; x_wconf 82' lang='lat' dir='ltr'><strong>ROMANUM.</strong></span> <span class='ocrx_word' id='word_1_5' title='bbox 1332 689 1394 756; x_wconf 75' lang='lat'>391</span> 
     </span>
    </p>
   </div>
   <div class='ocr_carea' id='block_1_2' title="bbox 349 855 1400 2766">
    <p class='ocr_par' dir='ltr' id='par_1_2' title="bbox 349 855 1400 1371">
     <span class='ocr_line' id='line_1_2' title="bbox 354 855 1400 936; baseline 0.002 -18"><span class='ocrx_word' id='word_1_6' title='bbox 354 858 484 919; x_wconf 82' lang='grc' dir='ltr'>παύεται.</span> <span class='ocrx_word' id='word_1_7' title='bbox 509 857 525 917; x_wconf 88' lang='grc' dir='ltr'>ὁ</span> <span class='ocrx_word' id='word_1_8' title='bbox 540 855 574 918; x_wconf 83' lang='grc' dir='ltr'>δέ</span> <span class='ocrx_word' id='word_1_9' title='bbox 588 881 623 936; x_wconf 89' lang='grc' dir='ltr'>γε</span> <span class='ocrx_word' id='word_1_10' title='bbox 643 855 722 921; x_wconf 85' lang='grc' dir='ltr'>Θεὸς</span> <span class='ocrx_word' id='word_1_11' title='bbox 740 857 860 919; x_wconf 78' lang='grc' dir='ltr'>αἰώνιόν</span> <span class='ocrx_word' id='word_1_12' title='bbox 875 857 940 918; x_wconf 74' lang='grc' dir='ltr'>ἔστι</span> <span class='ocrx_word' id='word_1_13' title='bbox 958 861 1030 936; x_wconf 80' lang='grc' dir='ltr'>φῶς,</span> <span class='ocrx_word' id='word_1_14' title='bbox 1048 857 1116 919; x_wconf 80' lang='grc' dir='ltr'>οὔτε</span> <span class='ocrx_word' id='word_1_15' title='bbox 1136 855 1311 935; x_wconf 76' lang='grc' dir='ltr'>ἀρξάμενον,</span> <span class='ocrx_word' id='word_1_16' title='bbox 1332 858 1400 921; x_wconf 82' lang='grc' dir='ltr'>οὔτε</span> 
     </span>
     <span class='ocr_line' id='line_1_3' title="bbox 352 965 1398 1049; baseline 0.003 -24"><span class='ocrx_word' id='word_1_17' title='bbox 352 968 444 1041; x_wconf 76' lang='grc' dir='ltr'>λῆξόν</span> <span class='ocrx_word' id='word_1_18' title='bbox 466 989 546 1027; x_wconf 86' lang='grc' dir='ltr'>ποτε.</span> <span class='ocrx_word' id='word_1_19' title='bbox 574 965 680 1027; x_wconf 85' lang='grc' dir='ltr'>οὐκοῦν</span> <span class='ocrx_word' id='word_1_20' title='bbox 703 965 823 1026; x_wconf 73' lang='grc' dir='ltr'>αἰώνιον</span> <span class='ocrx_word' id='word_1_21' title='bbox 844 965 1004 1044; x_wconf 86' lang='grc' dir='ltr'>πρόκειται,</span> <span class='ocrx_word' id='word_1_22' title='bbox 1029 965 1077 1026; x_wconf 84' lang='grc' dir='ltr'>καλ</span> <span class='ocrx_word' id='word_1_23' title='bbox 1099 965 1242 1028; x_wconf 79' lang='grc' dir='ltr'>σύνεστιν</span> <span class='ocrx_word' id='word_1_24' title='bbox 1263 965 1341 1049; x_wconf 74' lang='grc' dir='ltr'>αὐτῷ</span> <span class='ocrx_word' id='word_1_25' title='bbox 1364 965 1398 1028; x_wconf 82' lang='grc' dir='ltr'>τὸ</span> 
     </span>
     <span class='ocr_line' id='line_1_4' title="bbox 352 1073 1399 1155; baseline 0.003 -21"><span class='ocrx_word' id='word_1_26' title='bbox 352 1075 534 1153; x_wconf 81' lang='grc' dir='ltr'>ἀπαύγασμα</span> <span class='ocrx_word' id='word_1_27' title='bbox 555 1074 689 1154; x_wconf 82' lang='grc' dir='ltr'>ἄναρχον</span> <span class='ocrx_word' id='word_1_28' title='bbox 709 1073 757 1135; x_wconf 87' lang='grc' dir='ltr'>καλ</span> <span class='ocrx_word' id='word_1_29' title='bbox 776 1074 920 1152; x_wconf 76' lang='grc' dir='ltr'>ἆειγενές,</span> <span class='ocrx_word' id='word_1_30' title='bbox 943 1074 1185 1152; x_wconf 83' lang='grc' dir='ltr'>προφαινόμενον</span> <span class='ocrx_word' id='word_1_31' title='bbox 1207 1073 1306 1146; x_wconf 76' lang='grc' dir='ltr'>αὐτοῦ,</span> <span class='ocrx_word' id='word_1_32' title='bbox 1326 1076 1399 1155; x_wconf 84' lang='grc' dir='ltr'>ὅπερ</span> 
     </span>
     <span class='ocr_line' id='line_1_5' title="bbox 351 1176 1397 1260; baseline 0.003 -22"><span class='ocrx_word' id='word_1_33' title='bbox 351 1179 435 1240; x_wconf 80' lang='grc' dir='ltr'>ε’σπλν</span> <span class='ocrx_word' id='word_1_34' title='bbox 453 1180 470 1256; x_wconf 85' lang='grc' dir='ltr'>ἡ</span> <span class='ocrx_word' id='word_1_35' title='bbox 488 1180 623 1259; x_wconf 83' lang='grc' dir='ltr'>λέγουσα</span> <span class='ocrx_word' id='word_1_36' title='bbox 645 1181 750 1260; x_wconf 83' lang='grc' dir='ltr'>σοφία,</span> <span class='ocrx_word' id='word_1_37' title='bbox 771 1180 873 1259; x_wconf 64' lang='grc' dir='ltr'>ειἘγὼ</span> <span class='ocrx_word' id='word_1_38' title='bbox 894 1179 971 1256; x_wconf 84' lang='grc' dir='ltr'>ἥμην</span> <span class='ocrx_word' id='word_1_39' title='bbox 991 1176 1009 1256; x_wconf 77' lang='grc' dir='ltr'><em>ᾖ</em></span> <span class='ocrx_word' id='word_1_40' title='bbox 1031 1178 1222 1260; x_wconf 76' lang='grc' dir='ltr'>προσέχαιρε·</span> <span class='ocrx_word' id='word_1_41' title='bbox 1249 1178 1311 1241; x_wconf 84' lang='grc' dir='ltr'>καθ’</span> <span class='ocrx_word' id='word_1_42' title='bbox 1331 1179 1397 1258; x_wconf 75' lang='grc' dir='ltr'>ἡμέ-</span> 
     </span>
     <span class='ocr_line' id='line_1_6' title="bbox 349 1288 1256 1371; baseline 0.003 -23"><span class='ocrx_word' id='word_1_43' title='bbox 349 1313 407 1363; x_wconf 90' lang='grc' dir='ltr'>ραν</span> <span class='ocrx_word' id='word_1_44' title='bbox 422 1290 453 1349; x_wconf 82' lang='grc' dir='ltr'>δὲ</span> <span class='ocrx_word' id='word_1_45' title='bbox 470 1288 671 1367; x_wconf 83' lang='grc' dir='ltr'>εὐφραινόμην</span> <span class='ocrx_word' id='word_1_46' title='bbox 687 1290 720 1350; x_wconf 76' lang='grc' dir='ltr'>ἔν</span> <span class='ocrx_word' id='word_1_47' title='bbox 734 1290 882 1370; x_wconf 79' lang='grc' dir='ltr'>προσώπῳ</span> <span class='ocrx_word' id='word_1_48' title='bbox 898 1288 988 1350; x_wconf 76' lang='grc' dir='ltr'>αὐτοῦ</span> <span class='ocrx_word' id='word_1_49' title='bbox 1004 1289 1036 1349; x_wconf 75' lang='grc' dir='ltr'>ἓν</span> <span class='ocrx_word' id='word_1_50' title='bbox 1051 1288 1141 1349; x_wconf 80' lang='grc' dir='ltr'>παντὶ</span> <span class='ocrx_word' id='word_1_51' title='bbox 1156 1289 1256 1371; x_wconf 72' lang='grc' dir='ltr'>καιρῷ.</span> 
     </span>
    </p>

    <p class='ocr_par' dir='ltr' id='par_1_3' title="bbox 350 1398 1398 1574">
     <span class='ocr_line' id='line_1_7' title="bbox 393 1398 1398 1473; baseline 0.002 -20"><span class='ocrx_word' id='word_1_52' title='bbox 393 1403 440 1453; x_wconf 82' lang='grc' dir='ltr'>Καὶ</span> <span class='ocrx_word' id='word_1_53' title='bbox 461 1398 533 1454; x_wconf 79' lang='grc' dir='ltr'>αὖθις</span> <span class='ocrx_word' id='word_1_54' title='bbox 554 1402 643 1470; x_wconf 80' lang='grc' dir='ltr'>ἐπάγει</span> <span class='ocrx_word' id='word_1_55' title='bbox 663 1399 718 1468; x_wconf 85' lang='grc' dir='ltr'>μετ’</span> <span class='ocrx_word' id='word_1_56' title='bbox 738 1399 815 1469; x_wconf 82' lang='grc' dir='ltr'>ὀλίγα</span> <span class='ocrx_word' id='word_1_57' title='bbox 835 1398 944 1473; x_wconf 86' lang='lat' dir='ltr'>(inquit</span> <span class='ocrx_word' id='word_1_58' title='bbox 964 1398 1155 1467; x_wconf 78' lang='lat' dir='ltr'><strong>Athanasius)</strong></span> <span class='ocrx_word' id='word_1_59' title='bbox 1171 1404 1230 1471; x_wconf 90' lang='grc' dir='ltr'>περλ</span> <span class='ocrx_word' id='word_1_60' title='bbox 1251 1405 1298 1454; x_wconf 84' lang='grc' dir='ltr'>τοῦ</span> <span class='ocrx_word' id='word_1_61' title='bbox 1317 1402 1398 1455; x_wconf 79' lang='grc' dir='ltr'>αὐτοῦ</span> 
     </span>
     <span class='ocr_line' id='line_1_8' title="bbox 350 1505 444 1574; baseline 0.011 -19"><span class='ocrx_word' id='word_1_62' title='bbox 350 1505 444 1574; x_wconf 71' lang='grc' dir='ltr'>λέγων.</span> 
     </span>
    </p>

    <p class='ocr_par' dir='ltr' id='par_1_4' title="bbox 352 1603 1398 1993">
     <span class='ocr_line' id='line_1_9' title="bbox 390 1603 1396 1687; baseline 0.004 -21"><span class='ocrx_word' id='word_1_63' title='bbox 390 1603 502 1668; x_wconf 70' lang='lat' dir='ltr'>&#39;Omns</span> <span class='ocrx_word' id='word_1_64' title='bbox 523 1605 577 1665; x_wconf 83' lang='grc' dir='ltr'>οὖν</span> <span class='ocrx_word' id='word_1_65' title='bbox 597 1605 716 1666; x_wconf 82' lang='grc' dir='ltr'>αἰωνίου</span> <span class='ocrx_word' id='word_1_66' title='bbox 736 1609 787 1666; x_wconf 85' lang='grc' dir='ltr'>τοῦ</span> <span class='ocrx_word' id='word_1_67' title='bbox 807 1604 929 1684; x_wconf 83' lang='grc' dir='ltr'>πατρὸς,</span> <span class='ocrx_word' id='word_1_68' title='bbox 945 1606 1063 1669; x_wconf 78' lang='grc' dir='ltr'>αἰώνιος</span> <span class='ocrx_word' id='word_1_69' title='bbox 1083 1606 1099 1666; x_wconf 88' lang='grc' dir='ltr'>ό</span> <span class='ocrx_word' id='word_1_70' title='bbox 1117 1607 1179 1670; x_wconf 78' lang='grc' dir='ltr'>υἱός</span> <span class='ocrx_word' id='word_1_71' title='bbox 1195 1607 1268 1681; x_wconf 77' lang='grc' dir='ltr'>ἔστι,</span> <span class='ocrx_word' id='word_1_72' title='bbox 1285 1612 1349 1687; x_wconf 84' lang='grc' dir='ltr'>φῶς</span> <span class='ocrx_word' id='word_1_73' title='bbox 1363 1610 1396 1670; x_wconf 66' lang='grc' dir='ltr'>ἐκ</span> 
     </span>
     <span class='ocr_line' id='line_1_10' title="bbox 352 1711 1398 1793; baseline 0.005 -19"><span class='ocrx_word' id='word_1_74' title='bbox 352 1713 449 1792; x_wconf 86' lang='grc' dir='ltr'>φωτὸς</span> <span class='ocrx_word' id='word_1_75' title='bbox 464 1711 515 1774; x_wconf 80' lang='grc' dir='ltr'>ὧν.</span> <span class='ocrx_word' id='word_1_76' title='bbox 543 1714 628 1777; x_wconf 84' lang='grc' dir='ltr'>ὄντος</span> <span class='ocrx_word' id='word_1_77' title='bbox 644 1716 700 1793; x_wconf 78' lang='grc' dir='ltr'>γὰρ</span> <span class='ocrx_word' id='word_1_78' title='bbox 715 1713 836 1793; x_wconf 79' lang='grc' dir='ltr'>γονέως,</span> <span class='ocrx_word' id='word_1_79' title='bbox 852 1715 916 1776; x_wconf 80' lang='grc' dir='ltr'>ἔστι</span> <span class='ocrx_word' id='word_1_80' title='bbox 933 1713 980 1776; x_wconf 83' lang='grc' dir='ltr'>καλ</span> <span class='ocrx_word' id='word_1_81' title='bbox 997 1713 1110 1775; x_wconf 75' lang='grc' dir='ltr'>τέκνον·</span> <span class='ocrx_word' id='word_1_82' title='bbox 1139 1716 1165 1775; x_wconf 83' lang='grc' dir='ltr'>εἰ</span> <span class='ocrx_word' id='word_1_83' title='bbox 1184 1716 1216 1775; x_wconf 75' lang='grc' dir='ltr'>δὲ</span> <span class='ocrx_word' id='word_1_84' title='bbox 1235 1714 1275 1792; x_wconf 74' lang='grc' dir='ltr'>μὴ</span> <span class='ocrx_word' id='word_1_85' title='bbox 1292 1716 1398 1779; x_wconf 81' lang='grc' dir='ltr'>τέκνον</span> 
     </span>
     <span class='ocr_line' id='line_1_11' title="bbox 352 1820 1398 1904; baseline 0.005 -22"><span class='ocrx_word' id='word_1_86' title='bbox 352 1824 406 1899; x_wconf 82' lang='grc' dir='ltr'>εἴη,</span> <span class='ocrx_word' id='word_1_87' title='bbox 423 1827 482 1886; x_wconf 82' lang='grc' dir='ltr'>πῶς</span> <span class='ocrx_word' id='word_1_88' title='bbox 503 1822 550 1883; x_wconf 86' lang='grc' dir='ltr'>καὶ</span> <span class='ocrx_word' id='word_1_89' title='bbox 571 1822 649 1886; x_wconf 82' lang='grc' dir='ltr'>τίνος</span> <span class='ocrx_word' id='word_1_90' title='bbox 670 1822 745 1883; x_wconf 84' lang='grc' dir='ltr'>εἶναι</span> <span class='ocrx_word' id='word_1_91' title='bbox 765 1823 885 1884; x_wconf 80' lang='grc' dir='ltr'>δύναται</span> <span class='ocrx_word' id='word_1_92' title='bbox 904 1820 1028 1901; x_wconf 81' lang='grc' dir='ltr'>γονεός;</span> <span class='ocrx_word' id='word_1_93' title='bbox 1053 1820 1121 1884; x_wconf 82' lang='grc' dir='ltr'>ἀλλ’</span> <span class='ocrx_word' id='word_1_94' title='bbox 1139 1824 1216 1884; x_wconf 80' lang='grc' dir='ltr'>εἰσὶν</span> <span class='ocrx_word' id='word_1_95' title='bbox 1234 1825 1334 1904; x_wconf 79' lang='grc' dir='ltr'>ἄμφω,</span> <span class='ocrx_word' id='word_1_96' title='bbox 1350 1825 1398 1887; x_wconf 88' lang='grc' dir='ltr'>καλ</span> 
     </span>
     <span class='ocr_line' id='line_1_12' title="bbox 353 1932 501 1993; baseline 0 -2"><span class='ocrx_word' id='word_1_97' title='bbox 353 1933 429 1993; x_wconf 80' lang='grc' dir='ltr'>εἰσὶν</span> <span class='ocrx_word' id='word_1_98' title='bbox 444 1932 501 1993; x_wconf 82' lang='grc' dir='ltr'>ἀεί.</span> 
     </span>
    </p>

    <p class='ocr_par' dir='ltr' id='par_1_5' title="bbox 390 2039 1112 2113">
     <span class='ocr_line' id='line_1_13' title="bbox 390 2039 1112 2113; baseline 0.004 -19"><span class='ocrx_word' id='word_1_99' title='bbox 390 2039 454 2095; x_wconf 78' lang='grc' dir='ltr'>Εἶτα</span> <span class='ocrx_word' id='word_1_100' title='bbox 468 2045 547 2096; x_wconf 86' lang='grc' dir='ltr'>πάλιν</span> <span class='ocrx_word' id='word_1_101' title='bbox 560 2044 721 2113; x_wconf 78' lang='grc' dir='ltr'>προστίθησι</span> <span class='ocrx_word' id='word_1_102' title='bbox 736 2047 819 2096; x_wconf 83' lang='grc' dir='ltr'>ταῦτα</span> <span class='ocrx_word' id='word_1_103' title='bbox 834 2039 1031 2112; x_wconf 77' lang='lat' dir='ltr'>(Athanasius</span> <span class='ocrx_word' id='word_1_104' title='bbox 1045 2041 1112 2108; x_wconf 78' lang='lat' dir='ltr'>ait).</span> 
     </span>
    </p>

    <p class='ocr_par' dir='ltr' id='par_1_6' title="bbox 351 2141 1398 2545">
     <span class='ocr_line' id='line_1_14' title="bbox 395 2141 1396 2223; baseline 0.001 -19"><span class='ocrx_word' id='word_1_105' title='bbox 395 2141 497 2207; x_wconf 83' lang='grc' dir='ltr'>Φωτός</span> <span class='ocrx_word' id='word_1_106' title='bbox 510 2145 566 2220; x_wconf 75' lang='grc' dir='ltr'>μὲν</span> <span class='ocrx_word' id='word_1_107' title='bbox 582 2143 635 2204; x_wconf 80' lang='grc' dir='ltr'>οὖν</span> <span class='ocrx_word' id='word_1_108' title='bbox 650 2145 736 2207; x_wconf 82' lang='grc' dir='ltr'>ὄντος</span> <span class='ocrx_word' id='word_1_109' title='bbox 751 2147 803 2204; x_wconf 82' lang='grc' dir='ltr'>τοῦ</span> <span class='ocrx_word' id='word_1_110' title='bbox 819 2146 911 2215; x_wconf 80' lang='grc' dir='ltr'>Θεοῦ,</span> <span class='ocrx_word' id='word_1_111' title='bbox 927 2144 943 2203; x_wconf 87' lang='grc' dir='ltr'>ὁ</span> <span class='ocrx_word' id='word_1_112' title='bbox 959 2144 1089 2221; x_wconf 83' lang='grc' dir='ltr'>Χριστός</span> <span class='ocrx_word' id='word_1_113' title='bbox 1104 2144 1189 2204; x_wconf 68' lang='grc' dir='ltr'>ἔστιν</span> <span class='ocrx_word' id='word_1_114' title='bbox 1204 2143 1396 2223; x_wconf 80' lang='grc' dir='ltr'>ἀπαύγασμα.</span> 
     </span>
     <span class='ocr_line' id='line_1_15' title="bbox 351 2248 1398 2332; baseline 0.007 -21"><span class='ocrx_word' id='word_1_115' title='bbox 351 2248 515 2328; x_wconf 81' lang='grc' dir='ltr'>πνεύματος</span> <span class='ocrx_word' id='word_1_116' title='bbox 537 2252 569 2312; x_wconf 80' lang='grc' dir='ltr'>δὲ</span> <span class='ocrx_word' id='word_1_117' title='bbox 592 2252 687 2322; x_wconf 87' lang='grc' dir='ltr'>ὄντος,</span> <span class='ocrx_word' id='word_1_118' title='bbox 710 2251 851 2329; x_wconf 68' lang='grc' dir='ltr'>1’πνεῦμα</span> <span class='ocrx_word' id='word_1_119' title='bbox 870 2250 937 2331; x_wconf 81' lang='grc' dir='ltr'>γάρ,</span> <span class='ocrx_word' id='word_1_120' title='bbox 962 2259 1067 2331; x_wconf 84' lang='grc' dir='ltr'>φησιν,</span> <span class='ocrx_word' id='word_1_121' title='bbox 1089 2254 1105 2313; x_wconf 87' lang='grc' dir='ltr'>ὁ</span> <span class='ocrx_word' id='word_1_122' title='bbox 1130 2250 1221 2326; x_wconf 86' lang='grc' dir='ltr'>Θεὸς,</span> <span class='ocrx_word' id='word_1_123' title='bbox 1241 2252 1398 2332; x_wconf 76' lang='grc' dir='ltr'>ἀναλόγως</span> 
     </span>
     <span class='ocr_line' id='line_1_16' title="bbox 351 2357 1397 2440; baseline 0.008 -20"><span class='ocrx_word' id='word_1_124' title='bbox 351 2357 443 2420; x_wconf 84' lang='grc' dir='ltr'>πόλιν</span> <span class='ocrx_word' id='word_1_125' title='bbox 463 2361 479 2419; x_wconf 88' lang='grc' dir='ltr'>ὁ</span> <span class='ocrx_word' id='word_1_126' title='bbox 498 2358 627 2437; x_wconf 87' lang='grc' dir='ltr'>Χριστὸς</span> <span class='ocrx_word' id='word_1_127' title='bbox 647 2360 730 2436; x_wconf 81' lang='grc' dir='ltr'>ἀτμὶς</span> <span class='ocrx_word' id='word_1_128' title='bbox 750 2359 881 2439; x_wconf 85' lang='grc' dir='ltr'>λέγεται·</span> <span class='ocrx_word' id='word_1_129' title='bbox 906 2361 1029 2437; x_wconf 66' lang='grc' dir='ltr'>οἈπμλς</span> <span class='ocrx_word' id='word_1_130' title='bbox 1050 2360 1116 2440; x_wconf 83' lang='grc' dir='ltr'>γάρ,</span> <span class='ocrx_word' id='word_1_131' title='bbox 1136 2362 1240 2439; x_wconf 82' lang='grc' dir='ltr'>φησίν,</span> <span class='ocrx_word' id='word_1_132' title='bbox 1262 2363 1326 2424; x_wconf 76' lang='grc' dir='ltr'>ἔστι</span> <span class='ocrx_word' id='word_1_133' title='bbox 1348 2366 1397 2440; x_wconf 80' lang='grc' dir='ltr'>τῆς</span> 
     </span>
     <span class='ocr_line' id='line_1_17' title="bbox 351 2468 674 2545; baseline 0.006 -18"><span class='ocrx_word' id='word_1_134' title='bbox 351 2472 402 2528; x_wconf 86' lang='grc' dir='ltr'>ποῦ</span> <span class='ocrx_word' id='word_1_135' title='bbox 418 2472 499 2531; x_wconf 83' lang='grc' dir='ltr'>Θεοῦ</span> <span class='ocrx_word' id='word_1_136' title='bbox 515 2468 674 2545; x_wconf 77' lang='grc' dir='ltr'>δυνάμεως.</span> 
     </span>
    </p>

    <p class='ocr_par' dir='ltr' id='par_1_7' title="bbox 393 2578 1192 2655">
     <span class='ocr_line' id='line_1_18' title="bbox 393 2578 1192 2655; baseline 0.003 -22"><span class='ocrx_word' id='word_1_137' title='bbox 393 2583 440 2634; x_wconf 79' lang='grc' dir='ltr'>Καὶ</span> <span class='ocrx_word' id='word_1_138' title='bbox 455 2583 482 2634; x_wconf 78' lang='grc' dir='ltr'>ἐκ</span> <span class='ocrx_word' id='word_1_139' title='bbox 492 2584 539 2634; x_wconf 81' lang='grc' dir='ltr'>τοῦ</span> <span class='ocrx_word' id='word_1_140' title='bbox 553 2581 673 2651; x_wconf 80' lang='grc' dir='ltr'>δευτέρου</span> <span class='ocrx_word' id='word_1_141' title='bbox 688 2579 796 2655; x_wconf 87' lang='lat' dir='ltr'>(inquit</span> <span class='ocrx_word' id='word_1_142' title='bbox 811 2578 1003 2651; x_wconf 76' lang='lat' dir='ltr'><strong>Athanasius)</strong></span> <span class='ocrx_word' id='word_1_143' title='bbox 1019 2582 1099 2634; x_wconf 83' lang='grc' dir='ltr'>πόλιν</span> <span class='ocrx_word' id='word_1_144' title='bbox 1113 2583 1192 2652; x_wconf 79' lang='grc' dir='ltr'>φησί.</span> 
     </span>
    </p>

    <p class='ocr_par' dir='ltr' id='par_1_8' title="bbox 393 2681 1397 2766">
     <span class='ocr_line' id='line_1_19' title="bbox 393 2681 1397 2766; baseline 0.004 -23"><span class='ocrx_word' id='word_1_145' title='bbox 393 2718 436 2729; x_wconf 86' lang='grc'><strong>-</strong></span> <span class='ocrx_word' id='word_1_146' title='bbox 450 2685 541 2759; x_wconf 88' lang='grc' dir='ltr'>μόνος</span> <span class='ocrx_word' id='word_1_147' title='bbox 560 2684 592 2744; x_wconf 76' lang='grc' dir='ltr'>δὲ</span> <span class='ocrx_word' id='word_1_148' title='bbox 614 2683 630 2743; x_wconf 87' lang='grc' dir='ltr'>ὁ</span> <span class='ocrx_word' id='word_1_149' title='bbox 650 2681 712 2747; x_wconf 83' lang='grc' dir='ltr'>υἱὸς</span> <span class='ocrx_word' id='word_1_150' title='bbox 733 2683 779 2744; x_wconf 81' lang='grc' dir='ltr'>ἀεὶ</span> <span class='ocrx_word' id='word_1_151' title='bbox 800 2683 899 2746; x_wconf 84' lang='grc' dir='ltr'>συνὼν</span> <span class='ocrx_word' id='word_1_152' title='bbox 920 2687 959 2766; x_wconf 76' lang='grc' dir='ltr'>τῷ</span> <span class='ocrx_word' id='word_1_153' title='bbox 979 2684 1077 2762; x_wconf 81' lang='grc' dir='ltr'>πατρὶ,</span> <span class='ocrx_word' id='word_1_154' title='bbox 1095 2684 1142 2745; x_wconf 81' lang='grc' dir='ltr'>καὶ</span> <span class='ocrx_word' id='word_1_155' title='bbox 1156 2686 1209 2744; x_wconf 86' lang='grc' dir='ltr'>τοῦ</span> <span class='ocrx_word' id='word_1_156' title='bbox 1223 2685 1309 2750; x_wconf 83' lang='grc' dir='ltr'>ὄντος</span> <span class='ocrx_word' id='word_1_157' title='bbox 1323 2692 1397 2764; x_wconf 64' lang='grc' dir='ltr'>πλιγ</span> 
     </span>
    </p>
   </div>
   <div class='ocr_carea' id='block_1_3' title="bbox 351 2791 1398 2879">
    <p class='ocr_par' dir='ltr' id='par_1_9' title="bbox 351 2791 1398 2879">
     <span class='ocr_line' id='line_1_20' title="bbox 351 2791 1398 2879; baseline 0.007 -26"><span class='ocrx_word' id='word_1_158' title='bbox 351 2791 503 2871; x_wconf 86' lang='grc' dir='ltr'>ροόμενος,</span> <span class='ocrx_word' id='word_1_159' title='bbox 528 2795 576 2855; x_wconf 81' lang='grc' dir='ltr'>καλ</span> <span class='ocrx_word' id='word_1_160' title='bbox 598 2793 686 2858; x_wconf 82' lang='grc' dir='ltr'>αὐτός</span> <span class='ocrx_word' id='word_1_161' title='bbox 708 2795 802 2870; x_wconf 77' lang='grc' dir='ltr'>ἔστιν,</span> <span class='ocrx_word' id='word_1_162' title='bbox 826 2792 867 2856; x_wconf 76' lang='grc' dir='ltr'>ὢν</span> <span class='ocrx_word' id='word_1_163' title='bbox 890 2795 922 2855; x_wconf 71' lang='grc' dir='ltr'>ἐκ</span> <span class='ocrx_word' id='word_1_164' title='bbox 945 2798 998 2855; x_wconf 84' lang='grc' dir='ltr'>τοῦ</span> <span class='ocrx_word' id='word_1_165' title='bbox 1019 2795 1140 2874; x_wconf 87' lang='grc' dir='ltr'>πατρός.</span> <span class='ocrx_word' id='word_1_166' title='bbox 1192 2801 1262 2858; x_wconf 82' lang='lat' dir='ltr'>Haec</span> <span class='ocrx_word' id='word_1_167' title='bbox 1286 2802 1398 2879; x_wconf 80' lang='lat' dir='ltr'>prolate</span> 
     </span>
    </p>
   </div>
   <div class='ocr_carea' id='block_1_4' title="bbox 351 2904 1396 3087">
    <p class='ocr_par' dir='ltr' id='par_1_10' title="bbox 351 2904 1396 3087">
     <span class='ocr_line' id='line_1_21' title="bbox 351 2904 1396 2982; baseline 0.003 -21"><span class='ocrx_word' id='word_1_168' title='bbox 351 2915 419 2961; x_wconf 86' lang='lat' dir='ltr'>sunt</span> <span class='ocrx_word' id='word_1_169' title='bbox 444 2905 517 2961; x_wconf 86' lang='lat' dir='ltr'>serie</span> <span class='ocrx_word' id='word_1_170' title='bbox 541 2905 679 2962; x_wconf 82' lang='lat' dir='ltr'>continua</span> <span class='ocrx_word' id='word_1_171' title='bbox 704 2925 720 2960; x_wconf 83' lang='lat' dir='ltr'><strong>a</strong></span> <span class='ocrx_word' id='word_1_172' title='bbox 747 2905 777 2962; x_wconf 91' lang='lat' dir='ltr'>S.</span> <span class='ocrx_word' id='word_1_173' title='bbox 798 2905 959 2963; x_wconf 74' lang='lat' dir='ltr'><em>Athanasio</em></span> <span class='ocrx_word' id='word_1_174' title='bbox 981 2906 1009 2961; x_wconf 86' lang='grc' dir='ltr'>ιἰι</span> <span class='ocrx_word' id='word_1_175' title='bbox 1035 2904 1166 2982; x_wconf 73' lang='lat' dir='ltr'>Epistola</span> <span class='ocrx_word' id='word_1_176' title='bbox 1190 2905 1225 2961; x_wconf 84' lang='lat' dir='ltr'>de</span> <span class='ocrx_word' id='word_1_177' title='bbox 1248 2905 1396 2964; x_wconf 73' lang='lat' dir='ltr'><em>Sententia</em></span> 
     </span>
     <span class='ocr_line' id='line_1_22' title="bbox 353 3009 1034 3087; baseline 0.004 -24"><span class='ocrx_word' id='word_1_178' title='bbox 353 3009 496 3087; x_wconf 73' lang='lat' dir='ltr'><em>Dionysii,</em></span> <span class='ocrx_word' id='word_1_179' title='bbox 513 3030 591 3066; x_wconf 90' lang='lat' dir='ltr'>num.</span> <span class='ocrx_word' id='word_1_180' title='bbox 608 3030 655 3066; x_wconf 86' lang='lat' dir='ltr'>xv.</span> <span class='ocrx_word' id='word_1_181' title='bbox 671 3030 698 3084; x_wconf 88' lang='lat' dir='ltr'>p.</span> <span class='ocrx_word' id='word_1_182' title='bbox 714 3012 782 3068; x_wconf 81' lang='lat'>253.</span> <span class='ocrx_word' id='word_1_183' title='bbox 800 3011 842 3067; x_wconf 81' lang='lat' dir='ltr'>ed.</span> <span class='ocrx_word' id='word_1_184' title='bbox 861 3010 1034 3068; x_wconf 79' lang='lat' dir='ltr'>Benedictin.</span> 
     </span>
    </p>
   </div>
   <div class='ocr_carea' id='block_1_5' title="bbox 351 3237 848 4428">
    <p class='ocr_par' dir='ltr' id='par_1_11' title="bbox 351 3237 848 4109">
     <span class='ocr_line' id='line_1_23' title="bbox 351 3237 848 3295; baseline -0.004 -2"><span class='ocrx_word' id='word_1_185' title='bbox 351 3238 466 3295; x_wconf 87' lang='lat' dir='ltr'>desinit.</span> <span class='ocrx_word' id='word_1_186' title='bbox 511 3237 592 3294; x_wconf 78' lang='lat' dir='ltr'>Deus</span> <span class='ocrx_word' id='word_1_187' title='bbox 617 3248 714 3295; x_wconf 83' lang='lat' dir='ltr'>autem</span> <span class='ocrx_word' id='word_1_188' title='bbox 740 3249 848 3294; x_wconf 65' lang='lat' dir='ltr'>aeterna</span> 
     </span>
     <span class='ocr_line' id='line_1_24' title="bbox 351 3317 847 3392; baseline -0.002 -20"><span class='ocrx_word' id='word_1_189' title='bbox 351 3317 397 3373; x_wconf 82' lang='lat' dir='ltr'>iux</span> <span class='ocrx_word' id='word_1_190' title='bbox 427 3328 480 3379; x_wconf 80' lang='lat' dir='ltr'>est.</span> <span class='ocrx_word' id='word_1_191' title='bbox 504 3337 568 3391; x_wconf 71' lang='lat' dir='ltr'>quie</span> <span class='ocrx_word' id='word_1_192' title='bbox 595 3336 689 3392; x_wconf 83' lang='lat' dir='ltr'>neque</span> <span class='ocrx_word' id='word_1_193' title='bbox 717 3317 847 3391; x_wconf 89' lang='lat' dir='ltr'>incoepit,</span> 
     </span>
     <span class='ocr_line' id='line_1_25' title="bbox 352 3394 846 3471; baseline -0.002 -21"><span class='ocrx_word' id='word_1_194' title='bbox 352 3417 445 3471; x_wconf 83' lang='lat' dir='ltr'>neque</span> <span class='ocrx_word' id='word_1_195' title='bbox 465 3396 580 3452; x_wconf 85' lang='lat' dir='ltr'>deficiet</span> <span class='ocrx_word' id='word_1_196' title='bbox 598 3414 743 3469; x_wconf 83' lang='lat' dir='ltr'>nmquam.</span> <span class='ocrx_word' id='word_1_197' title='bbox 788 3394 846 3470; x_wconf 75' lang='lat' dir='ltr'>Ipsi</span> 
     </span>
     <span class='ocr_line' id='line_1_26' title="bbox 352 3474 848 3551; baseline -0.004 -20"><span class='ocrx_word' id='word_1_198' title='bbox 352 3497 420 3551; x_wconf 83' lang='lat' dir='ltr'>ergo</span> <span class='ocrx_word' id='word_1_199' title='bbox 457 3474 593 3549; x_wconf 82' lang='lat' dir='ltr'>praelucet</span> <span class='ocrx_word' id='word_1_200' title='bbox 627 3494 659 3530; x_wconf 81' lang='lat' dir='ltr'>ac</span> <span class='ocrx_word' id='word_1_201' title='bbox 699 3474 848 3530; x_wconf 79' lang='lat' dir='ltr'>coexsistit</span> 
     </span>
     <span class='ocr_line' id='line_1_27' title="bbox 352 3552 848 3629; baseline -0.008 -18"><span class='ocrx_word' id='word_1_202' title='bbox 352 3568 475 3611; x_wconf 68' lang='lat' dir='ltr'>«eternus</span> <span class='ocrx_word' id='word_1_203' title='bbox 490 3552 631 3629; x_wconf 79' lang='lat' dir='ltr'>splendor,</span> <span class='ocrx_word' id='word_1_204' title='bbox 650 3554 700 3628; x_wconf 93' lang='lat' dir='ltr'>qui</span> <span class='ocrx_word' id='word_1_205' title='bbox 715 3554 777 3610; x_wconf 78' lang='lat' dir='ltr'>sine</span> <span class='ocrx_word' id='word_1_206' title='bbox 792 3553 848 3608; x_wconf 87' lang='lat' dir='ltr'>ini-</span> 
     </span>
     <span class='ocr_line' id='line_1_28' title="bbox 351 3632 848 3709; baseline -0.006 -19"><span class='ocrx_word' id='word_1_207' title='bbox 351 3635 393 3691; x_wconf 88' lang='lat' dir='ltr'>tio</span> <span class='ocrx_word' id='word_1_208' title='bbox 415 3635 558 3690; x_wconf 72' lang='lat' dir='ltr'>exsistens</span> <span class='ocrx_word' id='word_1_209' title='bbox 581 3644 611 3690; x_wconf 89' lang='lat' dir='ltr'>et</span> <span class='ocrx_word' id='word_1_210' title='bbox 633 3653 745 3709; x_wconf 80' lang='lat' dir='ltr'>semper</span> <span class='ocrx_word' id='word_1_211' title='bbox 766 3632 848 3708; x_wconf 74' lang='lat' dir='ltr'>geni-</span> 
     </span>
     <span class='ocr_line' id='line_1_29' title="bbox 352 3712 848 3789; baseline -0.004 -19"><span class='ocrx_word' id='word_1_212' title='bbox 352 3726 408 3780; x_wconf 87' lang='lat' dir='ltr'>tus,</span> <span class='ocrx_word' id='word_1_213' title='bbox 428 3725 494 3771; x_wconf 81' lang='lat' dir='ltr'>ante</span> <span class='ocrx_word' id='word_1_214' title='bbox 516 3733 582 3770; x_wconf 87' lang='lat' dir='ltr'>eum</span> <span class='ocrx_word' id='word_1_215' title='bbox 605 3713 719 3778; x_wconf 76' lang='lat' dir='ltr'>emicat,</span> <span class='ocrx_word' id='word_1_216' title='bbox 740 3712 848 3789; x_wconf 87' lang='lat' dir='ltr'>quique</span> 
     </span>
     <span class='ocr_line' id='line_1_30' title="bbox 351 3791 847 3870; baseline 0 -21"><span class='ocrx_word' id='word_1_217' title='bbox 351 3806 394 3849; x_wconf 79' lang='lat' dir='ltr'>est</span> <span class='ocrx_word' id='word_1_218' title='bbox 427 3814 460 3851; x_wconf 83' lang='lat' dir='ltr'>ea</span> <span class='ocrx_word' id='word_1_219' title='bbox 492 3794 642 3870; x_wconf 82' lang='lat' dir='ltr'>snpientia,</span> <span class='ocrx_word' id='word_1_220' title='bbox 672 3813 735 3868; x_wconf 76' lang='lat' dir='ltr'>quae</span> <span class='ocrx_word' id='word_1_221' title='bbox 767 3791 847 3856; x_wconf 85' lang='lat' dir='ltr'>dicit,</span> 
     </span>
     <span class='ocr_line' id='line_1_31' title="bbox 354 3872 847 3950; baseline 0.004 -23"><span class='ocrx_word' id='word_1_222' title='bbox 354 3875 414 3950; x_wconf 80' lang='lat' dir='ltr'>Ego</span> <span class='ocrx_word' id='word_1_223' title='bbox 427 3894 503 3930; x_wconf 84' lang='lat' dir='ltr'>eram</span> <span class='ocrx_word' id='word_1_224' title='bbox 516 3894 571 3950; x_wconf 83' lang='lat' dir='ltr'>qna</span> <span class='ocrx_word' id='word_1_225' title='bbox 580 3873 743 3950; x_wconf 78' lang='lat' dir='ltr'>gaudebat:</span> <span class='ocrx_word' id='word_1_226' title='bbox 764 3881 789 3930; x_wconf 83' lang='lat' dir='ltr'>et</span> <span class='ocrx_word' id='word_1_227' title='bbox 801 3872 847 3929; x_wconf 87' lang='lat' dir='ltr'>de·</span> 
     </span>
     <span class='ocr_line' id='line_1_32' title="bbox 352 3951 847 4031; baseline 0 -24"><span class='ocrx_word' id='word_1_228' title='bbox 352 3954 479 4011; x_wconf 78' lang='lat' dir='ltr'>Ieclnbnr</span> <span class='ocrx_word' id='word_1_229' title='bbox 505 3954 627 4031; x_wconf 77' lang='lat' dir='ltr'>quotidie</span> <span class='ocrx_word' id='word_1_230' title='bbox 652 3962 718 4010; x_wconf 81' lang='lat' dir='ltr'>anie</span> <span class='ocrx_word' id='word_1_231' title='bbox 735 3951 847 4030; x_wconf 76' lang='lat' dir='ltr'>faciem</span> 
     </span>
     <span class='ocr_line' id='line_1_33' title="bbox 352 4034 648 4109; baseline 0 -20"><span class='ocrx_word' id='word_1_232' title='bbox 352 4036 415 4109; x_wconf 66' lang='lat' dir='ltr'>ejus</span> <span class='ocrx_word' id='word_1_233' title='bbox 429 4034 503 4090; x_wconf 79' lang='lat' dir='ltr'>onnn&#39;</span> <span class='ocrx_word' id='word_1_234' title='bbox 518 4042 648 4109; x_wconf 72' lang='lat' dir='ltr'>tempore.</span> 
     </span>
    </p>

    <p class='ocr_par' dir='ltr' id='par_1_12' title="bbox 352 4112 847 4428">
     <span class='ocr_line' id='line_1_34' title="bbox 393 4112 847 4188; baseline -0.004 -19"><span class='ocrx_word' id='word_1_235' title='bbox 393 4113 467 4169; x_wconf 90' lang='lat' dir='ltr'>Cum</span> <span class='ocrx_word' id='word_1_236' title='bbox 480 4133 549 4188; x_wconf 83' lang='lat' dir='ltr'>ergo</span> <span class='ocrx_word' id='word_1_237' title='bbox 560 4124 685 4169; x_wconf 75' lang='lat' dir='ltr'>{eternus</span> <span class='ocrx_word' id='word_1_238' title='bbox 699 4113 737 4169; x_wconf 79' lang='lat' dir='ltr'>sit</span> <span class='ocrx_word' id='word_1_239' title='bbox 750 4112 847 4177; x_wconf 82' lang='lat' dir='ltr'>Pater,</span> 
     </span>
     <span class='ocr_line' id='line_1_35' title="bbox 352 4192 847 4255; baseline 0.004 -9"><span class='ocrx_word' id='word_1_240' title='bbox 352 4204 477 4249; x_wconf 70' lang='lat' dir='ltr'>internus</span> <span class='ocrx_word' id='word_1_241' title='bbox 489 4204 532 4248; x_wconf 81' lang='lat' dir='ltr'>est</span> <span class='ocrx_word' id='word_1_242' title='bbox 544 4203 573 4249; x_wconf 87' lang='lat' dir='ltr'>et</span> <span class='ocrx_word' id='word_1_243' title='bbox 586 4192 689 4255; x_wconf 78' lang='lat' dir='ltr'>Filius,</span> <span class='ocrx_word' id='word_1_244' title='bbox 701 4192 798 4248; x_wconf 88' lang='lat' dir='ltr'>lnmen</span> <span class='ocrx_word' id='word_1_245' title='bbox 812 4192 847 4248; x_wconf 91' lang='lat' dir='ltr'>de</span> 
     </span>
     <span class='ocr_line' id='line_1_36' title="bbox 352 4271 846 4347; baseline 0 -21"><span class='ocrx_word' id='word_1_246' title='bbox 352 4271 470 4329; x_wconf 86' lang='lat' dir='ltr'>iumine.</span> <span class='ocrx_word' id='word_1_247' title='bbox 515 4271 571 4328; x_wconf 87' lang='lat' dir='ltr'>Ubi</span> <span class='ocrx_word' id='word_1_248' title='bbox 596 4271 672 4327; x_wconf 88' lang='lat' dir='ltr'>enim</span> <span class='ocrx_word' id='word_1_249' title='bbox 700 4282 743 4328; x_wconf 84' lang='lat' dir='ltr'>est</span> <span class='ocrx_word' id='word_1_250' title='bbox 765 4272 846 4347; x_wconf 80' lang='lat' dir='ltr'>geni-</span> 
     </span>
     <span class='ocr_line' id='line_1_37' title="bbox 352 4349 847 4428; baseline 0 -22"><span class='ocrx_word' id='word_1_251' title='bbox 352 4362 407 4417; x_wconf 79' lang='lat' dir='ltr'>tor,</span> <span class='ocrx_word' id='word_1_252' title='bbox 430 4363 473 4408; x_wconf 83' lang='lat' dir='ltr'>est</span> <span class='ocrx_word' id='word_1_253' title='bbox 495 4363 524 4408; x_wconf 84' lang='lat' dir='ltr'>et</span> <span class='ocrx_word' id='word_1_254' title='bbox 547 4349 651 4428; x_wconf 81' lang='lat' dir='ltr'>proles.</span> <span class='ocrx_word' id='word_1_255' title='bbox 695 4350 726 4406; x_wconf 85' lang='lat' dir='ltr'>Si</span> <span class='ocrx_word' id='word_1_256' title='bbox 751 4363 847 4407; x_wconf 79' lang='lat' dir='ltr'>nutem</span> 
     </span>
    </p>
   </div>
   <div class='ocr_carea' id='block_1_6' title="bbox 435 4545 648 4603">
    <p class='ocr_par' dir='ltr' id='par_1_13' title="bbox 435 4545 648 4603">
     <span class='ocr_line' id='line_1_38' title="bbox 435 4545 648 4603; baseline 0 -13"><span class='ocrx_word' id='word_1_257' title='bbox 435 4554 448 4582; x_wconf 65' lang='grc' dir='ltr'>ν</span> <span class='ocrx_word' id='word_1_258' title='bbox 463 4545 532 4592; x_wconf 81' lang='grc' dir='ltr'>Ρπον.</span> <span class='ocrx_word' id='word_1_259' title='bbox 546 4545 595 4590; x_wconf 87' lang='lat' dir='ltr'>viii.</span> <span class='ocrx_word' id='word_1_260' title='bbox 610 4558 648 4603; x_wconf 77' lang='lat'>30.</span> 
     </span>
    </p>
   </div>
   <div class='ocr_carea' id='block_1_7' title="bbox 791 4542 1004 4598">
    <p class='ocr_par' dir='ltr' id='par_1_14' title="bbox 791 4542 1004 4598">
     <span class='ocr_line' id='line_1_39' title="bbox 791 4542 1004 4598; baseline -0.009 -8"><span class='ocrx_word' id='word_1_261' title='bbox 791 4545 803 4582; x_wconf 80' lang='lat' dir='ltr'>b</span> <span class='ocrx_word' id='word_1_262' title='bbox 816 4542 906 4590; x_wconf 77' lang='lat' dir='ltr'>Johun.</span> <span class='ocrx_word' id='word_1_263' title='bbox 919 4542 951 4588; x_wconf 79' lang='lat' dir='ltr'>ir.</span> <span class='ocrx_word' id='word_1_264' title='bbox 966 4556 1004 4598; x_wconf 73' lang='grc' dir='ltr'>οι.</span> 
     </span>
    </p>
   </div>
   <div class='ocr_carea' id='block_1_8' title="bbox 898 3237 1398 4405">
    <p class='ocr_par' dir='ltr' id='par_1_15' title="bbox 898 3237 1397 3530">
     <span class='ocr_line' id='line_1_40' title="bbox 899 3237 1396 3314; baseline 0.006 -21"><span class='ocrx_word' id='word_1_265' title='bbox 899 3238 994 3314; x_wconf 75' lang='lat' dir='ltr'>proies</span> <span class='ocrx_word' id='word_1_266' title='bbox 1023 3257 1080 3293; x_wconf 92' lang='lat' dir='ltr'>non</span> <span class='ocrx_word' id='word_1_267' title='bbox 1109 3248 1163 3303; x_wconf 85' lang='lat' dir='ltr'>est,</span> <span class='ocrx_word' id='word_1_268' title='bbox 1192 3237 1338 3312; x_wconf 89' lang='lat' dir='ltr'>quomodo</span> <span class='ocrx_word' id='word_1_269' title='bbox 1366 3250 1396 3296; x_wconf 87' lang='lat' dir='ltr'>et</span> 
     </span>
     <span class='ocr_line' id='line_1_41' title="bbox 898 3316 1396 3392; baseline 0.002 -19"><span class='ocrx_word' id='word_1_270' title='bbox 898 3317 982 3391; x_wconf 84' lang='lat' dir='ltr'>cnjus</span> <span class='ocrx_word' id='word_1_271' title='bbox 998 3328 1093 3392; x_wconf 81' lang='lat' dir='ltr'>potest</span> <span class='ocrx_word' id='word_1_272' title='bbox 1108 3336 1169 3371; x_wconf 79' lang='lat' dir='ltr'>esee</span> <span class='ocrx_word' id='word_1_273' title='bbox 1183 3317 1319 3391; x_wconf 84' lang='lat' dir='ltr'>genitor?</span> <span class='ocrx_word' id='word_1_274' title='bbox 1339 3316 1396 3374; x_wconf 81' lang='lat' dir='ltr'>At-</span> 
     </span>
     <span class='ocr_line' id='line_1_42' title="bbox 898 3396 1397 3473; baseline 0 -23"><span class='ocrx_word' id='word_1_275' title='bbox 898 3397 948 3470; x_wconf 89' lang='lat' dir='ltr'>qui</span> <span class='ocrx_word' id='word_1_276' title='bbox 984 3396 1068 3450; x_wconf 83' lang='lat' dir='ltr'>ambo</span> <span class='ocrx_word' id='word_1_277' title='bbox 1102 3403 1182 3456; x_wconf 84' lang='lat' dir='ltr'>sunt,</span> <span class='ocrx_word' id='word_1_278' title='bbox 1218 3405 1248 3452; x_wconf 89' lang='lat' dir='ltr'>et</span> <span class='ocrx_word' id='word_1_279' title='bbox 1284 3416 1397 3473; x_wconf 84' lang='lat' dir='ltr'>semper</span> 
     </span>
     <span class='ocr_line' id='line_1_43' title="bbox 900 3486 980 3530; baseline 0.013 -1"><span class='ocrx_word' id='word_1_280' title='bbox 900 3486 980 3530; x_wconf 86' lang='lat' dir='ltr'>sunt.</span> 
     </span>
    </p>

    <p class='ocr_par' dir='ltr' id='par_1_16' title="bbox 898 3552 1398 4109">
     <span class='ocr_line' id='line_1_44' title="bbox 941 3552 1397 3629; baseline 0 -20"><span class='ocrx_word' id='word_1_281' title='bbox 941 3553 1015 3609; x_wconf 90' lang='lat' dir='ltr'>Cum</span> <span class='ocrx_word' id='word_1_282' title='bbox 1041 3553 1131 3629; x_wconf 84' lang='lat' dir='ltr'>igitur</span> <span class='ocrx_word' id='word_1_283' title='bbox 1160 3553 1241 3609; x_wconf 88' lang='lat' dir='ltr'>Deus</span> <span class='ocrx_word' id='word_1_284' title='bbox 1268 3554 1306 3611; x_wconf 81' lang='lat' dir='ltr'>sit</span> <span class='ocrx_word' id='word_1_285' title='bbox 1335 3552 1397 3618; x_wconf 85' lang='lat' dir='ltr'>lnx,</span> 
     </span>
     <span class='ocr_line' id='line_1_45' title="bbox 899 3631 1397 3709; baseline 0.002 -20"><span class='ocrx_word' id='word_1_286' title='bbox 899 3633 1033 3690; x_wconf 77' lang='lat' dir='ltr'>Christus</span> <span class='ocrx_word' id='word_1_287' title='bbox 1060 3643 1105 3689; x_wconf 81' lang='lat' dir='ltr'>est</span> <span class='ocrx_word' id='word_1_288' title='bbox 1131 3631 1278 3709; x_wconf 81' lang='lat' dir='ltr'>splendor.</span> <span class='ocrx_word' id='word_1_289' title='bbox 1321 3632 1397 3690; x_wconf 88' lang='lat' dir='ltr'>Cum</span> 
     </span>
     <span class='ocr_line' id='line_1_46' title="bbox 898 3712 1398 3790; baseline 0.002 -21"><span class='ocrx_word' id='word_1_290' title='bbox 898 3726 996 3770; x_wconf 80' lang='lat' dir='ltr'>autem</span> <span class='ocrx_word' id='word_1_291' title='bbox 1026 3713 1154 3790; x_wconf 84' lang='lat' dir='ltr'>Spiritus</span> <span class='ocrx_word' id='word_1_292' title='bbox 1187 3712 1235 3779; x_wconf 84' lang='lat' dir='ltr'>sit,</span> <span class='ocrx_word' id='word_1_293' title='bbox 1267 3713 1398 3790; x_wconf 76' lang='lat' dir='ltr'>Spiritus</span> 
     </span>
     <span class='ocr_line' id='line_1_47' title="bbox 899 3792 1396 3869; baseline 0.002 -19"><span class='ocrx_word' id='word_1_294' title='bbox 899 3794 987 3858; x_wconf 85' lang='lat' dir='ltr'>enim,</span> <span class='ocrx_word' id='word_1_295' title='bbox 1009 3793 1115 3869; x_wconf 85' lang='lat' dir='ltr'>inquit,</span> <span class='ocrx_word' id='word_1_296' title='bbox 1139 3801 1178 3849; x_wconf 82' lang='lat' dir='ltr'>est</span> <span class='ocrx_word' id='word_1_297' title='bbox 1202 3792 1304 3850; x_wconf 75' lang='lat' dir='ltr'>Deus:</span> <span class='ocrx_word' id='word_1_298' title='bbox 1328 3814 1396 3851; x_wconf 82' lang='lat' dir='ltr'>con-</span> 
     </span>
     <span class='ocr_line' id='line_1_48' title="bbox 898 3873 1396 3950; baseline 0.004 -21"><span class='ocrx_word' id='word_1_299' title='bbox 898 3884 1037 3950; x_wconf 83' lang='lat' dir='ltr'>gruenter</span> <span class='ocrx_word' id='word_1_300' title='bbox 1055 3893 1169 3930; x_wconf 79' lang='lat' dir='ltr'>rursum</span> <span class='ocrx_word' id='word_1_301' title='bbox 1193 3873 1328 3931; x_wconf 77' lang='lat' dir='ltr'>Christus</span> <span class='ocrx_word' id='word_1_302' title='bbox 1346 3893 1396 3931; x_wconf 79' lang='lat' dir='ltr'>re-</span> 
     </span>
     <span class='ocr_line' id='line_1_49' title="bbox 899 3953 1395 4031; baseline 0.006 -23"><span class='ocrx_word' id='word_1_303' title='bbox 899 3973 952 4031; x_wconf 90' lang='lat' dir='ltr'>por</span> <span class='ocrx_word' id='word_1_304' title='bbox 973 3953 1099 4021; x_wconf 85' lang='lat' dir='ltr'>dicitur;</span> <span class='ocrx_word' id='word_1_305' title='bbox 1122 3960 1163 4010; x_wconf 76' lang='lat' dir='ltr'>est</span> <span class='ocrx_word' id='word_1_306' title='bbox 1184 3953 1266 4018; x_wconf 85' lang='lat' dir='ltr'>enim,</span> <span class='ocrx_word' id='word_1_307' title='bbox 1290 3953 1395 4031; x_wconf 83' lang='lat' dir='ltr'>inquit,</span> 
     </span>
     <span class='ocr_line' id='line_1_50' title="bbox 899 4032 1197 4109; baseline -0.003 -22"><span class='ocrx_word' id='word_1_308' title='bbox 899 4053 988 4109; x_wconf 82' lang='grc' dir='ltr'>οπρον</span> <span class='ocrx_word' id='word_1_309' title='bbox 1002 4032 1116 4089; x_wconf 78' lang='lat' dir='ltr'>virtutis</span> <span class='ocrx_word' id='word_1_310' title='bbox 1133 4032 1197 4089; x_wconf 81' lang='lat' dir='ltr'>Dei.</span> 
     </span>
    </p>

    <p class='ocr_par' dir='ltr' id='par_1_17' title="bbox 898 4110 1398 4405">
     <span class='ocr_line' id='line_1_51' title="bbox 940 4110 1396 4189; baseline -0.002 -21"><span class='ocrx_word' id='word_1_311' title='bbox 940 4111 1028 4168; x_wconf 86' lang='lat' dir='ltr'>Solus</span> <span class='ocrx_word' id='word_1_312' title='bbox 1050 4122 1147 4168; x_wconf 83' lang='lat' dir='ltr'>autem</span> <span class='ocrx_word' id='word_1_313' title='bbox 1170 4110 1264 4168; x_wconf 79' lang='lat' dir='ltr'>Filius</span> <span class='ocrx_word' id='word_1_314' title='bbox 1283 4132 1396 4189; x_wconf 80' lang='lat' dir='ltr'>semper</span> 
     </span>
     <span class='ocr_line' id='line_1_52' title="bbox 898 4190 1398 4267; baseline 0.004 -21"><span class='ocrx_word' id='word_1_315' title='bbox 898 4191 1073 4247; x_wconf 80' lang='lat' dir='ltr'>coexsistens</span> <span class='ocrx_word' id='word_1_316' title='bbox 1089 4190 1180 4253; x_wconf 78' lang='lat' dir='ltr'>Patri,</span> <span class='ocrx_word' id='word_1_317' title='bbox 1195 4201 1226 4247; x_wconf 87' lang='lat' dir='ltr'>et</span> <span class='ocrx_word' id='word_1_318' title='bbox 1240 4190 1344 4267; x_wconf 75' lang='lat' dir='ltr'>plenus</span> <span class='ocrx_word' id='word_1_319' title='bbox 1362 4211 1398 4248; x_wconf 83' lang='lat' dir='ltr'>eo</span> 
     </span>
     <span class='ocr_line' id='line_1_53' title="bbox 898 4269 1398 4345; baseline 0.006 -20"><span class='ocrx_word' id='word_1_320' title='bbox 898 4270 948 4345; x_wconf 90' lang='lat' dir='ltr'>qui</span> <span class='ocrx_word' id='word_1_321' title='bbox 963 4281 1016 4334; x_wconf 80' lang='lat' dir='ltr'>est,</span> <span class='ocrx_word' id='word_1_322' title='bbox 1032 4270 1094 4345; x_wconf 84' lang='lat' dir='ltr'>ipse</span> <span class='ocrx_word' id='word_1_323' title='bbox 1108 4269 1196 4325; x_wconf 81' lang='lat' dir='ltr'>etiam</span> <span class='ocrx_word' id='word_1_324' title='bbox 1212 4279 1343 4337; x_wconf 70' lang='lat' dir='ltr'>testeum</span> <span class='ocrx_word' id='word_1_325' title='bbox 1359 4271 1398 4328; x_wconf 77' lang='lat' dir='ltr'>sit</span> 
     </span>
     <span class='ocr_line' id='line_1_54' title="bbox 899 4348 1048 4405; baseline -0.007 0"><span class='ocrx_word' id='word_1_326' title='bbox 899 4368 935 4405; x_wconf 88' lang='lat' dir='ltr'>ex</span> <span class='ocrx_word' id='word_1_327' title='bbox 951 4348 1048 4405; x_wconf 81' lang='lat' dir='ltr'>Patre.</span> 
     </span>
    </p>
   </div>
   <div class='ocr_carea' id='block_1_9' title="bbox 1137 4540 1319 4603">
    <p class='ocr_par' dir='ltr' id='par_1_18' title="bbox 1137 4540 1319 4603">
     <span class='ocr_line' id='line_1_55' title="bbox 1137 4540 1319 4603; baseline -0.005 -15"><span class='ocrx_word' id='word_1_328' title='bbox 1137 4542 1213 4603; x_wconf 77' lang='lat' dir='ltr'>‘Sep</span> <span class='ocrx_word' id='word_1_329' title='bbox 1226 4540 1265 4589; x_wconf 81' lang='lat' dir='ltr'>vii.</span> <span class='ocrx_word' id='word_1_330' title='bbox 1281 4554 1319 4602; x_wconf 75' lang='lat'>²5.</span> 
     </span>
    </p>
   </div>
   <div class='ocr_carea' id='block_1_10' title="bbox 0 0 1854 5667">
    <p class='ocr_par' dir='ltr' id='par_1_19' title="bbox 0 0 1854 5667">
     <span class='ocr_line' id='line_1_56' title="bbox 0 0 1854 5667; baseline 0 0"><span class='ocrx_word' id='word_1_331' title='bbox 0 0 1854 5667; x_wconf 95' lang='lat' dir='ltr'> </span> 
     </span>
    </p>
   </div>
  </div>
 </body>
</html>
