3700 5667
602 648 653 713 ΙΝ
675 649 708 713 S.
726 649 941 715 CORNELII
965 651 1263 718 FRAGMENTA.
1416 657 1460 726 67

402 818 585 904 Cyprianus
606 828 715 884 tamen
730 820 763 882 in
778 819 926 905 Epistola
942 825 992 902 76.
1009 823 1203 908 baptismum
1225 825 1309 889 hune
1330 827 1457 911 plenum

402 943 441 985 sc
459 920 638 1006 legitimum
658 943 726 984 esse
747 931 866 997 censet,
882 932 916 987 et
931 923 1067 988 Clinicus
1087 924 1185 988 nihilo
1205 926 1369 992 inferiores
1387 952 1456 994 esse

403 1023 452 1087 ait
472 1022 512 1086 iis
527 1022 581 1106 qui
602 1023 672 1086 sani
690 1023 884 1110 baptismum
906 1025 940 1087 in
960 1025 1091 1089 eeclesia
1114 1036 1329 1111 susceperunt.
1355 1030 1456 1094 Vnus·
1517 1053 1519 1057 ·

403 1147 480 1188 sms.
529 1124 582 1188 Sie
605 1125 733 1209 quidem
755 1125 933 1211 Cyprianus
955 1149 1013 1211 pro
1034 1130 1220 1192 verecundia
1243 1139 1276 1194 et
1298 1133 1456 1198 modestia

404 1250 475 1301 sua,
489 1227 614 1303 nemini,
630 1233 667 1290 ut
682 1227 822 1311 loquitur
836 1228 913 1313 ipse,
923 1229 1147 1311 prejudicans.
1182 1231 1245 1295 Sed
1260 1233 1293 1296 in
1309 1233 1455 1300 Ιίοιιιαιια

403 1329 519 1395 saltem
541 1329 674 1393 eeclesia
696 1329 745 1392 his
761 1331 935 1394 Novatiani
957 1332 1164 1414 temporibus,
1179 1334 1281 1398 clinici
1302 1337 1345 1399 ab
1367 1338 1453 1401 omni

404 1432 480 1497 cleri
502 1433 605 1516 gradu
626 1432 778 1515 prohibiti
801 1442 885 1507 sunt,
909 1442 946 1497 ut
969 1456 1009 1496 ex
1033 1433 1071 1496 iis
1091 1444 1229 1511 constat,
1247 1461 1317 1520 quae
1343 1439 1453 1504 scribit

403 1532 489 1596 int'ra
514 1532 688 1597 Cornelius.
750 1534 851 1618 Atqui
882 1534 1048 1611 diversam,
1081 1535 1137 1598 sed
1168 1537 1321 1602 veriorem
1349 1540 1455 1603 dicere

403 1634 513 1709 nolim,
528 1635 686 1698 rationem
708 1635 800 1699 affert
816 1635 1049 1719 Albuspinaeus‚
1065 1637 1251 1720 repulsionis
1270 1639 1451 1705 clinicorum

403 1737 447 1800 ab
477 1737 639 1800 ordinibus
664 1737 773 1814 sacris,
802 1739 886 1822 quod
911 1738 1058 1801 nimirum
1082 1738 1185 1802 officia
1209 1763 1299 1805 sacra
1325 1743 1455 1828 implere

403 1837 513 1903 iinon
533 1847 674 1925 possent,
691 1862 770 1924 quos
795 1840 880 1903 mala
895 1839 1043 1904 valetudo
1068 1841 1170 1925 prima
1195 1843 1268 1906 fidei
1296 1844 1453 1911 elementa

402 1962 467 2004 non
493 1941 618 2006 sivisset
643 1941 772 2004 discere.
814 1941 891 2004 Vid.
916 1944 1016 2005 Notus
1035 1942 1070 2004 in
1104 1943 1218 2004 Canen.
1244 1946 1376 2009 Neurus.
1402 1967 1451 2013 12.

402 2051 478 2127 post
505 2041 729 2107 Observationes
749 2044 818 2128 ejus
840 2045 890 2107 De
909 2045 971 2108 Vel.
995 2043 1078 2107 Eoel.
1102 2043 1237 2122 Birthas,
1259 2068 1289 2130 p.
1302 2067 1377 2130 372.
1400 2050 1452 2112 ed.

403 2143 585 2209 Helmstad.

446 2247 484 2310 Ρ.
499 2264 549 2331 25.
565 2247 586 2312 l.
602 2267 630 2312 2.
656 2245 785 2332 ἔλαβεν]
802 2247 836 2310 τὸ
851 2246 1008 2326 βάπτισμα
1023 2248 1139 2326 ἔλαβεν
1157 2247 1322 2332 Christopls.
1357 2248 1452 2314 Certe

401 2358 460 2413 aut
485 2349 667 2413 addendum
692 2349 725 2412 τὸ
751 2350 918 2428 βάπτισμα,
945 2356 1003 2412 aut
1029 2348 1267 2433 intelligendum
1293 2358 1354 2426 est,
1380 2370 1451 2431 quae

400 2456 511 2515 tamen
526 2452 606 2514 dura
626 2450 708 2514 leret
728 2450 854 2534 ellipsis.
900 2451 1009 2514 Etiam
1026 2451 1225 2536 Nicephorus
1244 2452 1326 2514 hano
1340 2439 1466 2514 vocem>

400 2551 514 2638 legisse
532 2552 669 2629 videtur,
690 2553 734 2616 sic
754 2553 903 2630 scribone,
926 2552 995 2615 ὥστ’
1012 2555 1228 2615 ἀποθανεῖσθαι
1248 2555 1450 2633 προσδόκιμον

401 2656 486 2730 ὄντα,
502 2655 536 2718 τὸ
553 2657 629 2736 ὕδωρ
645 2658 764 2733 αἰτῆσαι
778 2661 900 2733 λαβεῖν·
925 2654 942 2716 b
959 2655 1005 2717 sul
1021 2656 1055 2718 ἐν
1070 2656 1143 2740 αὐτῇ
1158 2659 1194 2740 τῇ
1210 2655 1295 2732 κλίνῃ
1310 2653 1328 2733 ᾖ
1345 2657 1451 2730 ἔκειτο,

400 2759 561 2839 περιχυθὲν
587 2760 676 2834 δῆθεν
701 2756 868 2834 ἐβάπτιζεν.
903 2756 1035 2819 Susura.
1091 2758 1132 2820 In
1158 2757 1271 2820 Graeco
1298 2756 1374 2818 nihil
1401 2763 1451 2820 est

400 2858 484 2941 quod
497 2857 578 2939 fidei
595 2857 747 2921 vocabulo
768 2858 971 2941 respondeat.
1017 2859 1099 2942 Ejus
1121 2858 1191 2921 loco
1206 2856 1355 2921 Valesius
1376 2864 1451 2942 post

400 2960 723 3045 Christophorsonum
746 2958 901 3043 supplevit
922 2958 1065 3045 baptismi
1086 2982 1212 3022 nomen.
1258 2958 1322 3023 Hic
1342 2959 1450 3044 potius

400 3061 652 3125 subaudiendum
667 3061 791 3124 videtur
811 3061 954 3145 superius
967 3061 1097 3123 verbum
1119 3061 1153 3123 τὸ
1176 3067 1343 3124 πιστεῦσαι.
1367 3061 1449 3126 Cou-

399 3185 506 3226 srnur.
562 3165 637 3225 Non
664 3162 838 3239 adsentior,
862 3163 917 3225 sed
945 3171 1018 3246 post
1043 3163 1172 3225 verbum
1198 3163 1449 3228 subaudiendam

399 3265 460 3328 hoe
491 3265 561 3328 loeo
597 3264 747 3349 baptismi
779 3265 918 3349 gratiam
948 3272 1038 3348 puto,
1063 3272 1159 3348 prout
1184 3263 1328 3348 Dionysii
1352 3264 1446 3328 Alex.

398 3366 483 3453 apud
504 3365 677 3430 Eusebium
700 3367 796 3429 verba
814 3366 1006 3451 significant,
1026 3372 1079 3428 τοῦ
1099 3370 1156 3447 γὰρ
1172 3366 1257 3445 ἁγίου
1272 3365 1341 3445 παρ’
1357 3367 1447 3429 αὐτοῦ

398 3467 613 3551 τετυχήκεσαν,
635 3468 734 3551 Epist.
759 3467 804 3530 acl
816 3467 985 3530 Philemon.
1009 3467 1061 3530 lib.
1073 3467 1123 3528 vii.
1147 3467 1229 3529 Hist.
1252 3488 1322 3550 cap.
1340 3483 1368 3548 7.
1392 3467 1446 3530 ubi

398 3571 484 3635 nullo
500 3570 628 3633 omnino
642 3570 748 3632 codiee
769 3576 886 3653 praeter
901 3570 1093 3632 Medicaeum
1108 3590 1169 3630 vox
1188 3570 1354 3645 πνεύματος
1374 3576 1447 3652 post

398 3674 484 3755 tylae
498 3671 690 3757 agnoscitur.
729 3671 828 3735 Recte
843 3673 890 3736 ait
906 3671 1112 3735 Constantius
1128 3669 1218 3746 infra,
1235 3686 1275 3732 ex
1290 3669 1448 3734 industria

397 3775 559 3838 abstinere
577 3772 727 3857 baptismi
743 3774 895 3836 voeabulo
911 3772 1101 3849 Cornelium,
1118 3771 1295 3856 ubieunque
1310 3772 1350 3836 de
1372 3772 1452 3849 ritu,

399 3899 461 3961 quo
483 3876 629 3940 initiatus
649 3874 850 3938 Novatianus
871 3882 930 3952 est,
955 3875 1113 3957 loquatur.
1160 3876 1315 3938 Mendose
1339 3875 1450 3956 ἔλεγεν

397 4001 456 4063 pro
471 3979 585 4058 ἔλαβεν
599 3979 643 4041 M
641 3980 674 4040 S.
688 3977 829 4060 Norfhlc.

441 4078 523 4142 Ibid.
542 4079 562 4142 l.
576 4095 609 4162 5.
634 4081 706 4140 κατὰ
729 4077 782 4140 τὸν
805 4082 856 4156 τῆς
882 4079 1040 4156 ἐκκλησίας
1065 4079 1191 4165 κανόνα]
1218 4078 1278 4158 Qui
1304 4078 1336 4139 in
1362 4074 1445 4138 lecto

397 4179 622 4242 decumbentes
644 4178 838 4261 baptismum
857 4185 1059 4263 acceperant,
1082 4185 1252 4262 postquam
1272 4198 1311 4239 ex
1332 4174 1444 4236 morbo

397 4281 636 4356 convaluissent,
667 4280 847 4364 episcopum
877 4279 966 4343 adire
996 4301 1123 4342 neeesse
1150 4278 1324 4352 habebant,
1348 4282 1384 4339 ut
1408 4297 1447 4339 ea

397 4407 465 4469 quae
480 4385 623 4471 ipsorum
638 4383 796 4468 baptismo
812 4383 980 4446 doluerant
995 4382 1166 4466 suppleret.
1212 4380 1317 4443 Vetus
1332 4385 1446 4442 auctor

395 4487 434 4550 de
456 4486 616 4552 haereticis
638 4506 701 4548 non
723 4483 969 4569 rebaptizandis,
987 4506 1080 4568 quem
1103 4504 1203 4567 nuper
1220 4504 1284 4546 una
1298 4502 1368 4545 eum
1385 4479 1445 4564 Cy·

394 4590 502 4673 priano
521 4588 628 4656 edidit
644 4586 717 4650 Νἱα.
734 4586 910 4671 Rigultiua:
941 4595 996 4649 aut
1015 4586 1079 4650 sia
1099 4585 1213 4649 minore
1227 4585 1303 4648 olere
1316 4604 1376 4671 per
1394 4604 1444 4648 ae·

915 4707 967 4750 na
