3700 5667
450 1771 452 1776 ’
588 1779 1184 1882 ANNOTATIONES

382 2069 452 2151 IN
488 2072 525 2152 S.
558 2069 872 2152 DIONYSII
907 2071 1387 2157 ALEXANDRINI

420 2351 683 2418 EPISTOLAM
706 2353 977 2423 OANONIOAM
1000 2355 1065 2422 AD
1088 2354 1354 2427 BASILIDEM.

783 2621 978 2652 ....‚...

403 2854 477 2920 (lun
500 2856 635 2942 epistola
658 2880 729 2943 quae
755 2859 899 2943 sequitur
921 2858 1036 2945 Magni
1061 2857 1204 2943 Dionysii
1228 2858 1270 2922 ad
1294 2855 1406 2921 Basili-

358 2957 443 3035 dem,
457 2958 541 3022 inter
560 2959 719 3044 epistolas,
736 2983 807 3047 quae
831 2961 982 3026 dicuntur
1000 2960 1178 3033 Oanonicae,
1194 2966 1406 3032 recenseatur,

359 3058 430 3143 ipsa
455 3060 523 3124 haec
548 3060 581 3124 in
608 3062 750 3146 plurimis
775 3064 936 3128 veteribus
958 3084 1115 3128 canonum
1140 3062 1406 3146 conciliorumque

358 3161 595 3226 collectionibus
619 3186 690 3228 cnm
717 3165 812 3229 editis
835 3174 904 3230 tum
928 3166 1069 3229 nondum
1095 3165 1189 3229 editis
1212 3163 1406 3249 deprehendi

358 3263 449 3328 solet.
488 3263 567 3328 Inde
582 3265 701 3330 lactum
716 3274 775 3340 est,
792 3276 829 3331 ut
844 3289 955 3330 novem
971 3269 1012 3331 ad
1028 3267 1193 3330 minimum
1211 3265 1406 3350 exemplaria

358 3372 486 3429 vetusta
501 3368 643 3432 conferre
656 3369 733 3432 mihi
749 3369 884 3447 licuerit,
896 3391 967 3455 quae
982 3370 1015 3432 in
1026 3368 1220 3433 bibliotheca
1231 3367 1407 3432 Bodleiana

359 3475 534 3541 servantur,
558 3476 592 3532 et
615 3491 748 3555 quorum
771 3470 865 3535 nullis
888 3493 964 3534 usus
987 3470 1083 3534 luisse
1106 3469 1232 3532 videtur
1254 3468 1287 3531 in
1310 3469 1405 3553 hujus

358 3568 487 3652 quidem
511 3570 657 3654 epistolae
679 3572 865 3636 recensione
890 3571 1083 3657 Beveregius
1106 3570 1292 3655 Syaodicum
1314 3590 1407 3634 suum

357 3671 518 3735 adornans
530 3696 539 3748 ;
569 3674 623 3758 qui
645 3682 755 3739 tamen
778 3696 877 3738 unum
900 3675 1073 3738 eorundem
1099 3673 1242 3738 ecdicum
1269 3692 1406 3736 comme-

357 3774 493 3839 moravit
514 3774 547 3837 in
569 3776 697 3859 synodis
720 3779 894 3863 Ancyrana
916 3785 950 3842 et
972 3776 1230 3853 Ncccaesariensi,
1251 3783 1350 3861 atque
1371 3775 1406 3839 in

356 3875 491 3960 epistola
517 3876 549 3940 S.
572 3876 662 3941 Petri
685 3878 897 3943 Alexandrini
921 3879 1060 3964 episcopi
1084 3900 1123 3943 ac
1146 3878 1305 3963 martyris.
1352 3878 1405 3941 Ex

356 3977 405 4041 his
420 3986 528 4042 autem
543 3980 713 4058 codicibus,
729 3981 782 4065 qni
797 4003 907 4046 omnes
921 4002 961 4045 ex
976 3980 1108 4045 diversis
1123 3980 1207 4045 inter
1220 3978 1405 4064 saprofccti

356 4088 430 4145 sunt
448 4081 600 4158 fontibus,
614 4089 647 4146 et
667 4104 801 4167 quorum
824 4082 964 4146 nonnulli
984 4082 1184 4146 undecimum
1198 4066 1334 4144 sortasse
1353 4101 1404 4145 ec-

355 4181 457 4245 clesiae
487 4182 634 4247 saecnlum
664 4183 839 4266 attingunt,
866 4183 1095 4268 Dionysianam
1124 4183 1206 4246 hanc
1236 4180 1403 4266 epistolam

355 4306 570 4369 saepenumero
592 4286 818 4349 emendaturus
846 4307 928 4363 sum,
952 4292 1059 4349 cetera
1082 4284 1237 4349 varietate
1260 4282 1405 4348 lectionis

243 4431 252 4443 .
354 4387 441 4450 haud
455 4394 641 4459 memorata,
657 4386 718 4449 nisi
733 4387 861 4471 qnando
879 4409 921 4451 ex
941 4408 1057 4472 magno
1076 4408 1230 4451 consensu
1248 4385 1404 4464 codicum,

355 4488 402 4551 vel
417 4496 549 4572 propter
563 4488 659 4553 oliam
673 4509 813 4565 causam,
829 4488 979 4553 notabilis
998 4488 1105 4554 luerit.
1150 4487 1232 4551 Dein
1247 4487 1289 4551 ad
1304 4489 1403 4553 maxi-

353 4611 438 4653 mam
458 4591 542 4673 quod
560 4590 676 4656 attinet
697 4588 840 4674 epistolae
858 4595 994 4673 partem,
1010 4589 1162 4654 auxilium
1176 4590 1310 4654 ducrum
1324 4590 1401 4655 alio·

398 4712 464 4752 von.
481 4712 525 4753 111.
850 4712 872 4752 n
887 4691 908 4753 h
