3700 5667
392 667 457 732 274
736 665 1087 732 ANNOTATIONES

797 879 950 944 OANON
974 881 1031 944 IV.

438 1021 475 1085 Ρ.
496 1023 568 1084 261.
591 1020 612 1083 Ι.
633 1039 659 1083 r.
683 1019 756 1099 μήτε
782 1022 821 1088 ὥς
851 1021 956 1106 εὑρών]
986 1023 1129 1087 Zonaras
1160 1025 1376 1088 Germanou
1405 1025 1441 1089 in

395 1125 477 1187 Ciu.
491 1122 554 1186 Ill.
574 1121 730 1203 Ἐπιφέρει
744 1122 950 1209 (Gregorius)
965 1124 1005 1191 ώς
1018 1149 1107 1188 τινων
1120 1126 1283 1206 λεγόντων,
1295 1127 1341 1189 ὅτι
1356 1128 1440 1207 εὕρο-

393 1250 450 1304 μεν
463 1231 555 1288 ταῦτα
570 1224 729 1306 ἔῤῥιμμένα
743 1225 845 1307 τυχὸν,
860 1224 900 1303 μή
914 1251 995 1293 τινος
1009 1225 1253 1306 ἀντιποιουμένου
1268 1227 1373 1299 αὐτῶν,
1390 1229 1441 1292 καὶ

395 1326 463 1390 οὐδὲ
479 1325 598 1405 ᾔδειμεν
612 1327 701 1390 τίνων
720 1326 808 1406 ἦσαν·
834 1328 882 1389 καὶ
896 1328 1080 1406 ἀνατίθησιν
1095 1328 1195 1394 αὐτοῖς
1208 1331 1246 1392 τὰ
1259 1333 1312 1392 τοῦ
1327 1337 1437 1394 Amr<-

394 1429 534 1510 ρονομίον
553 1428 601 1491 καὶ
623 1431 659 1491 τὸ
681 1432 732 1506 τῆς
745 1427 879 1507 Ἐξόδου·
905 1430 953 1492 καὶ
970 1427 1095 1514 [φησὶν]
1112 1432 1185 1511 πρὸς
1207 1432 1275 1497 τοὺς
1292 1431 1441 1512 λέγοντας
1525 1445 1528 1450 ’

394 1533 432 1593 ru
447 1530 586 1611 εἰρημένα
600 1532 694 1610 φησὶν
708 1533 724 1594 ὁ
739 1530 844 1611 πατήρ.
874 1529 1023 1595 Ceterum
1042 1532 1141 1597 habet
1157 1533 1203 1596 cd.
1218 1534 1364 1617 princeps
1382 1532 1440 1610 μή·

396 1665 469 1703 ποτε
498 1661 556 1725 pro
583 1639 667 1720 μήτε,
689 1640 771 1704 hanc
796 1646 903 1702 tamen
930 1640 1135 1704 Conciliomm
1159 1649 1257 1724 atqua
1279 1642 1441 1726 Bcocrepii

397 1742 564 1806 lectionem
585 1742 676 1825 jussu
700 1743 833 1805 munium
860 1741 996 1804 mdimm
1024 1743 1205 1827 scriptorum
1233 1743 1441 1826 ccreimisque

400 1844 533 1908 Herveti
548 1844 683 1929 praetuli.
713 1844 878 1908 Pedalium
892 1865 930 1907 ac
946 1843 1064 1929 Syllopc
1077 1844 1151 1926 μήτε
1165 1851 1333 1929 praestant.

441 1946 525 2010 Ibid.
541 1946 562 2008 l.
580 1966 608 2010 2.
632 1946 708 2026 φησὶ
728 1946 760 2008 τὸ
782 1945 1028 2030 Δαιτερονόμιον]
1045 1948 1125 2026 Φησὶ
1147 1950 1205 2030 γᾶρ
1226 1948 1347 2012 hebent
1368 1947 1442 2033 Syl»

395 2048 457 2134 lopo
478 2071 516 2113 ac
537 2047 727 2120 Pudebiwm
758 2048 799 2113 ed
822 2047 917 2112 finem
942 2053 994 2127 τῆς
1018 2049 1155 2131 χρήσεως
1178 2057 1271 2114 extat
1294 2055 1385 2113 ταῦτα
1406 2051 1442 2113 τὸ

400 2152 644 2232 Δεντερονόμιον.
1438 2181 1440 2184 ’

440 2252 521 2317 Ibid.
543 2252 563 2315 l.
586 2272 617 2337 5.
647 2250 860 2336 πλανώμενον]
893 2253 949 2316 Ita
977 2274 1035 2336 pro
1064 2254 1247 2333 πλανώμενα
1275 2274 1372 2316 umnec
1398 2253 1444 2317 ud

398 2376 496 2419 unum
519 2354 630 2418 codices
652 2353 815 2418 Badtina·
839 2353 957 2439 scripti,
982 2354 1139 2438 edictoque
1169 2355 1322 2439 Grcpcrii,
1346 2376 1444 2439 quam

397 2456 463 2521 iere
480 2477 605 2540 sequor,
617 2455 774 2540 princeps,
788 2462 822 2518 et
842 2455 992 2518 Verciccca
1014 2455 1244 2540 OEcchmpcdii
1262 2465 1349 2540 atquc
1363 2456 1444 2520 Her·

398 2557 468 2620 ceti.
515 2555 699 2620 Lectioncm
729 2564 837 2620 autem
866 2557 1049 2636 πλανώμενα
1076 2579 1143 2641 prae
1173 2578 1206 2620 se
1236 2556 1342 2620 serunt
1371 2579 1445 2620 cum

398 2658 555 2744 pleraeque
580 2658 664 2722 editt.
690 2664 760 2721 tum
782 2680 856 2723 vero
879 2659 962 2721 soni
987 2658 1098 2722 codici}
1124 2664 1234 2723 textus
1260 2658 1445 2736 hodiernus,

399 2760 644 2825 reclamantibus
664 2766 772 2826 tamen
792 2759 937 2844 plurimis
953 2760 1190 2846 manuscriptis,
1205 2760 1258 2844 qui
1276 2782 1297 2824 a
1311 2760 1351 2825 cl.
1364 2760 1445 2824 Hol-

400 2862 498 2925 mcsio
521 2862 553 2924 in
575 2881 696 2944 nupera
716 2861 844 2925 editioris
865 2867 924 2924 τῶν
944 2859 981 2923 ο’.
997 2869 1294 2926 commemorantur.
1340 2862 1446 2928 Extat

400 2966 582 3042 πλανώμενα
596 2962 628 3025 iu
643 2961 760 3046 Syllcye
773 2985 810 3027 ec
825 2962 968 3026 Pcdabtc.

443 3065 526 3128 Ibid.
547 3065 567 3129 l.
588 3081 617 3146 7.
638 3068 712 3144 μηδὲ
736 3067 841 3144 ἐπίστῃ
865 3065 970 3152 αὐτὸν]
995 3064 1100 3128 Aliter
1121 3065 1304 3151 plerumque
1326 3066 1445 3152 legitur

400 3168 485 3252 apud
510 3167 700 3252 Gregorium
724 3166 854 3242 editum,
877 3175 948 3230 tum
970 3166 1001 3230 in
1022 3166 1133 3230 Variis
1156 3168 1266 3232 Loctt.
1290 3168 1447 3253 adpositis

400 3269 574 3334 Bihlicrum
586 3269 712 3333 editioni
725 3266 934 3334 Holmceiauce
948 3272 1108 3333 ἐπίστασαι
1122 3291 1181 3354 pro
1197 3272 1312 3349 ἐπίστῃ.
1358 3272 1445 3334 Item

401 3375 533 3455 ἔπεγνως
547 3381 584 3437 ut
598 3372 723 3437 varians
741 3371 836 3437 lectio
855 3373 898 3436 ad
920 3394 1010 3436 oram
1032 3372 1103 3436 edu.
1120 3372 1278 3456 principit
1298 3371 1446 3456 adposita

400 3481 458 3538 est.

404 3621 406 3626 -
446 3575 528 3639 Ibid.
543 3575 564 3638 l.
587 3594 634 3658 13.
661 3577 756 3660 εὕρῃς]
788 3575 843 3637 lta
868 3573 936 3638 loco
960 3577 1012 3637 τοῦ
1035 3572 1160 3658 εὑρήσῃς
1181 3573 1324 3638 lectionis
1346 3574 1444 3639 editae

402 3678 599 3760 Interprctes
615 3676 730 3738 LXX.
745 3684 778 3739 ct
792 3686 898 3760 οομιαο
912 3676 1025 3739 codices
1040 3677 1204 3740 Cancnum
1220 3676 1364 3761 Gregorii
1379 3698 1447 3739 ma-

399 3777 558 3861 nuscripti.
588 3776 713 3840 Extant
733 3777 857 3856 εὑρήσῃς
874 3785 908 3841 ct
922 3783 974 3841 τοῦ
989 3787 1065 3842 ante
1080 3801 1189 3842 vocem
1205 3781 1313 3862 ἐχθροῦ
1326 3778 1347 3841 l.
1364 3799 1394 3862 9.
1412 3779 1447 3841 in

403 3874 521 3959 Syllopc
534 3897 572 3939 ac
587 3875 727 3938 Podctic.

815 4098 967 4163 OANON
991 4099 1033 4162 V.

448 4302 486 4363 P.
504 4301 576 4364 262.
599 4300 619 4364 l.
637 4302 665 4363 6.
690 4302 816 4382 Βοράδοι
840 4302 888 4365 καὶ
910 4302 1032 4386 Γότθοι]
1056 4305 1187 4367 Addere
1209 4303 1335 4367 videtur
1359 4301 1449 4373 Γέται

402 4402 465 4466 cod.
481 4401 573 4466 Bodl.
590 4402 641 4464 86.
688 4401 843 4465 Statuunt
857 4410 965 4466 autem
984 4403 1154 4488 scriptores
1172 4404 1313 4489 plerique
1328 4424 1447 4480 omues,

404 4503 529 4568 Gothos
543 4503 631 4588 prius
646 4501 747 4566 Getas
761 4502 939 4587 appellatos
953 4504 1060 4569 fuisse.
1101 4505 1253 4581 Boranos
1270 4527 1334 4569 non
1349 4504 1450 4569 Bora-

403 4605 472 4679 doa,
494 4612 622 4689 gentem
644 4604 778 4668 alteram
803 4626 823 4668 a
849 4604 977 4668 Zosimo
1003 4607 1198 4671 nominatam
1221 4607 1327 4683 fuisse,
1351 4627 1450 4691 supra
