3700 5667
550 684 583 750 S.
601 682 887 748 PAMPHILUS
911 681 1133 747 MARTYR.
1300 685 1363 752 495

317 856 556 938 Ἀλεξανδρείας,
577 856 781 922 Θεότεκνοςδ
806 852 1021 932 Παλαιστίνης,
1042 852 1178 933 ἀσμένως
1196 878 1228 918 τε
1248 852 1363 936 διάγειν

318 969 353 1039 ἐν
379 966 544 1050 Καισαρείᾳ
568 964 740 1044 ἀπεδέξατο,
768 965 816 1028 καὶ
840 967 893 1026 τοῦ
918 960 1070 1026 διδάσκειν
1093 965 1195 1025 πᾶσαν
1221 960 1362 1040 ἐξουσίαν

316 1078 494 1167 ἐνεχείρισε.

357 1191 406 1245 ual
422 1191 469 1246 τάν
485 1191 534 1260 μὲν
548 1188 631 1247 αίτίας
648 1191 678 1260 ἐξ
690 1183 726 1244 οἶν
739 1186 838 1255 συνέβη
855 1187 901 1243 τάς
916 1186 1042 1250 διαβολάς
1055 1185 1190 1256 ἐκραγῆναι
1207 1187 1244 1260 τῷ
1256 1184 1358 1258 Ὠριγέ-

287 1318 361 1377 sna,
375 1293 469 1352 ταύτας
481 1296 560 1367 φησί.

356 1398 422 1478 Τὴν
437 1400 470 1462 δέ
489 1399 564 1480 ὑπὲρ
578 1396 755 1479 Ὠριγένονς
773 1396 950 1478 ἀπολογίαν,
966 1395 1006 1461 ὥς
1023 1394 1147 1476 έφημεν,
1164 1396 1181 1458 δ
1197 1393 1361 1474 Πάμφιλος

315 1508 372 1572 σὺν
387 1508 528 1591 Εὔσεβίφ
547 1505 757 1588 καθειργμένος
777 1509 816 1591 τῷ
832 1504 967 1584 οἰκήματι
982 1503 1204 1587 σννεγράψατο·
1228 1504 1275 1568 καὶ
1290 1506 1359 1568 ταύ-

314 1642 368 1696 την
392 1616 466 1698 πρδς
494 1617 562 1684 τοὺς
587 1618 622 1680 ἐν
649 1615 810 1696 μετάλλοις
835 1618 883 1679 διά
908 1614 1042 1695 Χριστὸν
1065 1617 1361 1695 ταλαιπωρουμένους

314 1725 509 1809 διεπέμψατο.
532 1728 574 1789 ὧν
588 1726 626 1805 ἦν
640 1725 675 1789 τὸ
691 1726 870 1806 ἀκροθίνιον,
886 1727 1117 1804 Πατερμοθθιος·
1141 1727 1247 1804 ὁμετά
1259 1727 1361 1809 βραχὺ

269 1840 364 1914 ιοπῆς
383 1837 550 1917 Παμφίλου
569 1836 745 1900 ἀναλύσεως
764 1837 812 1897 διὰ
831 1831 923 1913 πνρδς
941 1832 989 1896 καὶ
1004 1833 1092 1899 αὐτὸς
1107 1835 1165 1898 σὺν
1180 1834 1290 1916 ἑτέροις
1308 1836 1361 1899 τὸν

312 1946 385 2025 βίον
399 1944 575 2012 τελειοθείς.
598 1943 635 2024 ἣν
655 1946 687 2007 δέ
710 1944 875 2025 Παμφίλου
890 1943 1070 2010 διδάσκαλος
1085 1946 1102 2007 δ
1117 1943 1240 2024 Πιέριος
1258 1950 1311 2009 τοῦ
1326 1947 1360 2009 ἐν

315 2054 529 2140 Ἀλεξανδρεία
553 2056 600 2120 καὶ
624 2054 711 2122 οὗτὸς
732 2056 922 2136 προεστηκὼς
945 2056 1163 2120 διδασκαλείου.
1194 2055 1305 2138 μάρτυς
1328 2059 1360 2121 δέ

313 2166 362 2228 καὶ
377 2166 394 2227 ὀ
410 2164 540 2247 Πιέριος,
557 2164 617 2244 άμα
636 2164 677 2250 τῷ
697 2165 820 2250 ἀδελφῷ
839 2164 981 2250 Ἰσιδιίριρ
1003 2171 1062 2229 τῶν
1081 2168 1248 2245 ἀθλητικῶν
1269 2168 1356 2246 ἀξιω-

313 2274 415 2343 θέντες
429 2273 602 2356 στεφάνον,
619 2275 664 2342 οές
678 2274 716 2341 ὣς
731 2275 808 2356 φασὶ
823 2275 871 2339 καὶ
886 2276 959 2341 νεδς
974 2277 1022 2340 καὶ
1036 2279 1112 2340 οἴκοι
1125 2277 1183 2340 tal
1200 2282 1259 2341 τῶν
1273 2278 1357 2342 εὐσε-

269 2410 279 2448 ι
285 2410 302 2467 5
312 2388 449 2466 βοθντον
464 2389 650 2468 ἱδρύνθησαν.
674 2389 691 2450 δ
707 2389 739 2452 δὲ
755 2392 834 2455 θεῖος
849 2388 1010 2469 Πάμφιλος
1025 2390 1228 2471 πρεσβύτερος
1242 2388 1287 2468 ἦν.
1312 2390 1361 2453 καὶ

312 2500 415 2575 πολλὰ
435 2499 468 2573 δὲ
487 2502 546 2561 τῶν
559 2496 735 2579 Ὠριγένονς
758 2499 800 2564 είς
814 2497 867 2571 τὴν
883 2499 968 2563 θείαν
982 2498 1102 2580 γραφὴν
1117 2498 1286 2580 ἐξηγήσεων
1301 2500 1360 2584 ἰδίη

316 2608 395 2694 χειρὶ
410 2607 555 2689 λέγουσιν
570 2607 661 2671 αὐτὸν
675 2607 869 2690 γεγραφέναι.

313 2816 474 2871 Alexandria
498 2817 528 2870 in
554 2816 677 2870 exsilium
685 2817 811 2940 flpulsum
860 2826 901 2871 ret
915 2816 1122 2883 Patermuthius,
1139 2820 1186 2891 qui
1195 2830 1264 2901 post
1281 2820 1359 2875 Pem-

314 2888 468 2959 Origenem,
480 2885 685 2941 TheotecnusP
710 2887 811 2941 esuum
879 2887 980 2958 hiliper
987 2889 1144 2959 martyrium
1151 2892 1359 2961 emigrationem,

265 2959 452 3029 eoepiscopus
464 2956 576 3011 libenter
588 2955 716 3011 Caesarem
728 2967 754 3011 et
766 2957 812 3011 de·
860 2905 935 3012 δτονὶ
950 2958 1087 3030 interjecto
1103 2968 1230 3029 tempore,
1245 2960 1358 3016 flammis

238 3100 241 3105 ·
312 3026 734 3168 litlttlatltttlffl
752 3029 812 3082 ¹⁰⁰⁰
861 3028 1292 3169 ialffmwlrffliliiffiil'
1309 3041 1359 3156 iifl

345 3177 398 3228 11„
415 3179 455 3228 {110
472 3194 556 3228 mum
573 3179 658 3238 adfert,
675 3195 706 3228 εχ
724 3180 811 3241 quibu,
860 3167 917 3238 ipse
935 3186 1042 3240 queque
1059 3169 1157 3224 scholae
1173 3171 1359 3226 Alexandrinae

313 3257 396 3293 uanas
416 3244 463 3293 illae
484 3243 611 3293 ealumnioe
633 3244 658 3291 in
679 3244 811 3307 origenem
860 3238 995 3308 magister,
1019 3248 1171 3309 martyrque
1201 3240 1280 3303 idem,
1305 3259 1360 3296 una

266 3318 302 3375 25
312 3308 444 3370 erupefim.
861 3325 922 3361 enm
938 3308 1018 3361 fratre
1031 3307 1135 3362 Isidoro
1149 3311 1299 3363 certaminis
1314 3328 1358 3364 co·

349 3376 415 3448 Ejus
430 3395 509 3447 porro
521 3378 688 3448 Apologiam,
700 3387 731 3431 ut
743 3377 811 3431 dixi·
861 3395 955 3430 ronam
966 3377 1015 3431 ade
1034 3387 1078 3431 tus
1092 3387 1147 3430 est:
1166 3379 1264 3449 quibus
1280 3381 1359 3434 etiam

314 3464 384 3512 mus,
402 3447 556 3518 Pamphilus
574 3466 708 3502 unacum
727 3448 811 3501 Euse-
861 3448 1000 3516 templum,
1009 3396 1237 3518 ‹femusqueapiis
1244 3449 1359 3504 homini·

312 3515 367 3581 bio,
377 3519 514 3573 communi
525 3536 628 3572 carcere
640 3518 737 3572 inclusi
748 3535 811 3572 con·
862 3516 913 3571 bus
930 3526 1082 3571 constructa
1097 3517 1222 3572 referunt.
1260 3520 1358 3574 Beatus

313 3589 484 3658 scripserunt,
508 3589 672 3660 eandemque
698 3588 731 3642 ad
756 3607 811 3652 eos,
861 3596 950 3641 autem
971 3586 1124 3658 Pamphilus
1141 3589 1358 3660 presbyterem,

264 3674 303 3729 30
332 3658 529 3728 uiproChristi
542 3657 811 3713 nomineedmetalla
861 3666 887 3710 et
901 3658 1028 3728 Origenis
1043 3676 1104 3711 eum
1121 3659 1244 3730 pleraque
1260 3661 1358 3732 quibus

375 3729 430 3783 nati
451 3730 648 3792 exercebantur,
670 3729 810 3782 consolati·
860 3745 962 3782 sacram
973 3729 1123 3798 explanavit
1132 3729 1300 3800 scripturam,
1310 3750 1359 3786 sua

312 3798 357 3852 oui
369 3800 508 3863 miserunt,
521 3817 635 3871 quorum
648 3799 770 3871 princeps
782 3818 809 3853 e·
860 3816 943 3853 manu
955 3817 1075 3854 exarasse
1088 3799 1218 3856 scribunt.
