3700 5667
508 660 573 727 326
840 659 1219 725 ANNOTATIONES

555 834 591 895 P.
607 851 680 916 301.
696 830 716 894 1.
732 850 762 915 5.
788 833 822 894 ἐν
843 831 915 917 ναῷ]
936 831 1038 895 Extat
1054 830 1181 915 quidem
1199 833 1233 894 ἑν
1250 831 1311 915 ναῷ
1327 835 1410 894 Θεοῦ
1428 829 1463 894 in
1483 832 1565 895 Cou-

509 933 659 998 testetione
688 933 733 997 ad
761 932 882 997 Clarum
912 955 968 996 seu
1002 933 1182 996 Testimouio
1212 931 1353 1008 Publice,
1383 934 1442 997 md
1469 933 1563 1019 apud

511 1035 683 1100 Leontium
708 1044 742 1099 et
763 1034 984 1099 Just-inianum
1003 1058 1065 1099 vox
1086 1040 1169 1099 Θεοῦ
1188 1036 1289 1099 abest.
1338 1035 1451 1101 Habet
1471 1038 1561 1100 Ana-

509 1139 626 1204 stasius
641 1137 766 1202 Siuuita
781 1140 815 1202 lv
830 1139 946 1222 οὐρανῷ
962 1160 1020 1221 pro
1034 1137 1097 1201 isto
1113 1140 1147 1200 ἐν
1162 1142 1234 1221 ναῷ,
1250 1145 1409 1223 corrupte.

554 1238 636 1305 Ibid.
665 1241 686 1305 l.
714 1260 762 1322 17.
792 1239 831 1304 ‘O
862 1240 1060 1326 φαινόμενος]
1093 1238 1146 1302 Ex
1176 1239 1249 1302 MS.
1281 1239 1397 1304 (lodice
1427 1237 1560 1304 Leontii

509 1341 676 1426 Byzantini
696 1344 808 1407 Graece
829 1342 898 1406 haec
921 1342 1110 1426 deprompsi.
1157 1340 1291 1405 Latinus
1312 1342 1436 1405 interea
1458 1342 1559 1406 inter-

508 1468 580 1531 pres
599 1455 673 1529 post
692 1446 779 1530 prius
798 1445 875 1508 illud
896 1445 1108 1530 fragmentum
1129 1444 1261 1508 allatum
1279 1465 1388 1507 vocem
1408 1444 1559 1528 Ερωόσνι

509 1549 581 1611 huic
598 1547 684 1629 ῥήσει
702 1549 866 1632 praefixam
881 1547 989 1620 habet,
1005 1546 1152 1610 Baluzius
1166 1556 1275 1610 autem
1291 1546 1387 1621 istud,
1403 1547 1449 1610 Et
1456 1547 1558 1631 poulo

501 1660 582 1734 pest,
597 1649 662 1734 qui,
677 1658 714 1715 ut
724 1649 794 1734 jam
812 1648 888 1724 dixi,
904 1671 944 1712 ex
963 1648 1026 1712 alia
1042 1646 1166 1712 Leontii
1182 1656 1275 1732 parte
1290 1648 1358 1712 haeo
1376 1648 1555 1733 descripsit.

510 1754 601 1827 Mox,
618 1753 652 1816 οὐ
667 1756 725 1834 γὰρ
740 1752 925 1831 debriantes,
941 1751 1009 1813 hoec
1024 1759 1085 1825 est,
1101 1752 1207 1831 σοφία.

552 1853 634 1916 lbld·
655 1853 676 1916 l·
696 1873 747 1918 20.
770 1870 852 1924 Extat
869 1869 921 1923 hoc
941 1869 1015 1922 Pauli
1034 1868 1107 1938 apud
1125 1868 1267 1923 leontium
1285 1852 1349 1936 dcc]
1375 1852 1452 1917 All&
1476 1874 1556 1916 nou·

508 1955 594 2020 nulla
613 1956 743 2039 hujusce
763 1955 856 2022 Pauli
874 1955 971 2019 effata
988 1955 1164 2020 afferuntur
1181 1955 1214 2018 iu
1231 1955 1444 2018 θοαίοιίαόίοοσ
1460 1955 1553 2032 Olm‘,

508 2081 579 2143 quae
601 2081 697 2144 supra
719 2059 883 2123 nominate
904 2066 964 2132 est,
987 2058 1052 2122 sive
1074 2058 1107 2121 iu
1131 2059 1242 2122 eodem
1270 2058 1446 2122 Testimouio
1467 2058 1554 2142 apud

509 2161 686 2238 Leontium,
697 2170 767 2227 tum
776 2184 851 2226 vero
862 2167 938 2225 sunt
949 2160 1011 2224 alia
1024 2171 1179 2244 praeterea
1192 2160 1285 2224 Pauli
1295 2183 1316 2224 a
1326 2159 1466 2225 Leontio
1476 2159 1554 2225 alibi

507 2277 765 2340 commemorata,
781 2265 837 2328 sed
859 2263 986 2328 aliunde
1008 2263 1142 2327 forsitan
1164 2284 1258 2346 quam
1281 2285 1321 2326 ex
1343 2262 1477 2348 Dialogo
1500 2264 1553 2326 de·

507 2375 644 2453 sumpte.
683 2365 766 2432 Cum
783 2367 867 2430 euim
886 2365 918 2428 iu
934 2366 1064 2449 reliquis
1079 2365 1130 2429 hic
1144 2364 1292 2429 adductis
1310 2386 1373 2428 non
1389 2365 1552 2429 nominen-

508 2476 563 2534 tur
584 2469 657 2533 libri
680 2468 782 2542 Pauli,
804 2490 822 2531 e
845 2467 959 2553 quibus
981 2489 1020 2531 ea
1040 2467 1173 2531 collecta
1194 2467 1332 2540 fueraut,
1353 2467 1423 2551 ipsa
1444 2467 1499 2532 illa
1520 2468 1552 2532 in

508 2580 612 2650 textu,
626 2594 719 2657 quem
735 2579 859 2644 vocant,
876 2571 1030 2636 collocare
1047 2570 1133 2634 uolui
1148 2577 1300 2654 tauquam
1319 2570 1361 2634 ed
1377 2568 1552 2635 Concilium

508 2674 744 2740 Antiooheuum
768 2672 984 2758 pertiuentia;
1018 2673 1074 2737 sed
1099 2672 1206 2736 omnia
1230 2672 1290 2735 hoc
1314 2672 1384 2736 loco
1407 2672 1493 2738 inter
1518 2696 1552 2738 ee

507 2776 679 2860 digerenda
708 2776 824 2848 curavi,
855 2797 918 2858 quo
948 2775 1050 2860 major
1078 2775 1132 2838 lux
1161 2774 1328 2859 affulgeret
1358 2783 1427 2839 tum
1458 2775 1552 2841 Pauli

506 2876 714 2960 opinionibus,
731 2878 771 2939 de
786 2877 900 2959 quibus
915 2876 1001 2941 varie
1020 2877 1217 2961 disputatum
1232 2884 1293 2950 est,
1308 2883 1377 2941 tum
1394 2878 1552 2940 ἀποσπασ-

505 2981 620 3057 ματίοις
636 3000 707 3063 quae
724 2985 899 3063 sequuntur
916 2979 1105 3044 Malchionis
1124 2979 1341 3065 Epistolaeque
1355 2979 1551 3044 Antiochen-

507 3101 598 3146 sium.

550 3316 649 3383 Pauli
666 3320 855 3384 Sccwseteci
869 3319 1031 3384 δονέοντο
1047 3321 1190 3404 quedem
1207 3342 1244 3384 σα
1265 3320 1373 3384 Οσόίσο
1387 3319 1511 3384 Leontii

852 3423 1022 3487 Bodleiano
1035 3423 1206 3507 desumptae.

544 3592 721 3673 Ἀνθρωπος
749 3596 873 3675 χρίεται·
910 3597 926 3657 ὁ
957 3597 1056 3676 Λόγος
1084 3594 1119 3657 οὐ
1147 3596 1272 3676 χρίεται.
1309 3592 1348 3658 ‘0
1378 3593 1552 3674 Ναζωραῖος

504 3696 630 3776 χρίεται,
644 3696 660 3756 ό
677 3695 784 3774 Κύριος
797 3697 888 3775 ἡμῶν.
919 3697 1048 3776 (Habet
1067 3695 1201 3761 Latinus
1218 3696 1384 3780 interpres,
1400 3696 1553 3760 Dominus

504 3816 563 3858 uon
581 3794 732 3878 mitem)
755 3797 803 3859 καὶ
821 3800 879 3877 γὰρ
897 3799 914 3860 ὁ
933 3799 1030 3878 Λόγος
1044 3802 1150 3877 μείζων
1164 3799 1202 3877 ἦν
1216 3803 1268 3861 τοῦ
1282 3803 1413 3878 Χριστοῦ
1429 3797 1551 3878 (Inter-

504 3917 578 3980 pres
592 3895 699 3967 habet,
717 3896 847 3959 Domino
864 3897 996 3979 Christo)
1006 3923 1021 3971 ‚·
1044 3900 1171 3979 Χριστὸς
1188 3903 1246 3982 γὰρ
1265 3904 1312 3963 διὰ
1330 3901 1439 3980 σοφίας
1456 3899 1551 3980 μέγας

505 3996 636 4080 ἐγίνετο.
659 3996 757 4078 Λόγος
774 3999 831 4077 μὲν
847 4003 905 4080 γὰρ
924 4001 1047 4065 ἄνωθεν·
1070 4000 1187 4081 Ἰησοῦς
1200 4003 1232 4064 δὲ
1250 4001 1379 4081 Χριστὸς
1397 4002 1552 4081 ἅνθρωπος

505 4102 653 4164 ἐντεῦθεν.
688 4099 779 4180 (Quae
798 4100 903 4166 adhue
922 4100 1023 4167 allata
1043 4111 1127 4177 sunt,
1149 4103 1234 4167 solus
1254 4102 1409 4167 Leontius
1429 4102 1529 4166 habet
1540 4125 1551 4179 3

504 4209 621 4276 cetera,
637 4224 708 4288 qum
730 4210 914 4287 sequuntur,
931 4205 963 4267 in
985 4207 1198 4271 obstestatione
1220 4227 1344 4290 quoque
1365 4206 1411 4269 ed
1430 4205 1552 4269 Clarum

505 4306 604 4370 CPol.
619 4307 706 4392 apud
729 4307 867 4372 Οονιοίίίο
885 4314 1009 4373 extant.
1054 4309 1252 4374 Aduerbium
1273 4309 1395 4373 interea
1413 4310 1552 4372 ἐντεῦθεν

503 4408 589 4492 apud
604 4407 777 4471 Eusebium
798 4408 831 4471 in
848 4410 1036 4474 Ονοτααοόίοο
1059 4409 1188 4475 Urbium
1208 4432 1284 4475 voce
1304 4413 1452 4491 Σωφειρὰ,
1469 4409 1551 4473 etin

505 4509 595 4573 Petri
609 4509 820 4576 Alexandrini
838 4511 959 4576 Οοτιοον
974 4513 1022 4591 X,
1037 4513 1091 4577 ubi
1111 4535 1197 4578 mors
1216 4512 1398 4598 appellatur
1415 4513 1433 4591 ἡ
1451 4513 1551 4575 ἐντεῦ-

503 4614 556 4671 θεν
579 4609 733 4683 ἀνάλυσις,
758 4611 850 4674 simili
873 4636 944 4676 cum
967 4613 1197 4698 significatione
1218 4614 1398 4678 adhibitum
1419 4611 1548 4683 videam
