3700 5667
490 658 556 721 388
826 650 1203 717 ANNOTATIONES

489 824 617 889 emmila
636 822 773 887 loeretiei
783 821 981 907 ferebantur,
996 842 1025 883 se
1046 819 1126 883 nillil
1144 819 1219 882 sinnii
1236 819 1267 881 in
1284 840 1340 881 sna
1349 816 1420 903 fide
1439 820 1539 902 senpi-

490 933 580 989 ntor.
623 924 818 997 Poterimus,
834 920 964 994 aiebant,
981 942 1099 984 sensnum
1118 941 1275 1004 eonprnsero
1294 917 1410 982 uerbis:
1434 941 1486 983 nee
1508 918 1543 981 in

492 1025 615 1091 eeclesia
636 1025 709 1097 Dei,
732 1022 785 1087 nli
809 1022 1000 1107 simplicitas,
1024 1022 1076 1086 nli
1094 1044 1181 1107 pura
1208 1021 1348 1105 confessio
1376 1030 1427 1096 est,
1450 1021 1544 1084 alind

490 1125 526 1189 in
551 1124 638 1188 eorde
663 1124 799 1189 elaraesnm
825 1145 891 1201 nse,
916 1123 1009 1187 alind
1031 1127 1066 1187 in
1091 1123 1181 1187 labiis
1206 1123 1347 1208 proferri
1373 1124 1540 1187 innuimus.

493 1223 667 1289 Oousrnnr.

537 1327 575 1389 P.
591 1343 631 1409 37
634 1346 665 1409 5.
681 1324 702 1387 l.
723 1344 747 1387 1.
767 1323 923 1409 γέννησιν]
943 1324 1004 1387 His
1024 1324 1191 1388 eonoinens
1207 1323 1338 1389 Nieaene
1355 1328 1493 1409 synodus
1508 1326 1541 1389 in

492 1427 636 1513 symbolo
655 1426 774 1490 Filium
790 1427 935 1510 penite-m,
959 1449 1016 1490 sion
1028 1428 1152 1511 sentum
1172 1426 1350 1511 profitetur.
1396 1427 1542 1491 Athana-

492 1529 558 1593 sius
579 1537 690 1592 autem
712 1527 817 1613 Epist.
837 1530 877 1592 de
900 1527 1068 1592 Sententia
1088 1528 1183 1591 Dion.
1200 1551 1230 1591 n.
1251 1550 1298 1612 13.
1313 1529 1541 1613 professionem

492 1630 579 1694 illem
602 1630 739 1714 primum
761 1631 803 1693 nb
825 1631 885 1694 hoo
908 1630 1029 1714 syuodo
1053 1630 1267 1713 excogitatam
1292 1653 1355 1693 non
1377 1653 1446 1693 esse
1467 1631 1541 1694 hine

491 1740 580 1797 reete
600 1733 724 1816 probat.
772 1734 848 1795 O-nm
868 1733 959 1804 enim,
980 1731 1093 1816 inquit,
1115 1732 1282 1815 Dionysius
1301 1735 1458 1796 Romanus
1479 1741 1543 1817 epe

490 1854 595 1918 tenpus
608 1833 756 1897 aduersos
775 1854 821 1897 eos
838 1834 931 1896 eliam
944 1834 1107 1917 tempserit,
1124 1834 1177 1917 qni
1192 1833 1311 1896 Filium
1326 1834 1387 1897 Dei
1402 1855 1463 1897 rem
1480 1856 1542 1897 ore-

491 1944 577 2000 atnm
599 1944 627 1999 el
643 1936 767 2019 foetam
789 1934 905 2010 dionunt,
929 1934 1045 2018 liquido
1068 1943 1190 2009 winstat,
1213 1955 1271 1996 non
1295 1955 1374 1997 niuno
1390 1935 1539 2017 prins-um,

491 2037 544 2101 sed
560 2037 633 2101 olins
652 2034 690 2099 ab
710 2034 844 2100 omnibns
863 2035 1052 2099 anathemate
1073 2035 1251 2099 dunstanum
1270 2058 1328 2099 esse
1348 2037 1541 2101 inimieorum

495 2137 610 2203 Onnes·
623 2138 816 2201 Asianorum
829 2138 974 2201 laeresim.
998 2138 1172 2202 (iousrnnr.

541 2240 624 2303 Ibid.
640 2239 660 2304 l.
671 2256 703 2324 5.
718 2240 755 2318 ἣν
769 2241 820 2304 ὅτε
835 2240 887 2303 οὐκ
901 2239 951 2324 ἦν]
967 2238 1075 2303 Etiam
1091 2240 1141 2303 hie
1156 2240 1354 2325 praedomnat
1371 2239 1541 2325 Dionysius

492 2341 616 2405 celebre
632 2340 704 2405 Arii
719 2340 860 2419 effetum,
875 2364 913 2405 no
928 2342 1076 2426 prn’ludit
1092 2341 1222 2405 Nioaeno
1240 2341 1380 2418 coneilio,
1396 2343 1437 2406 ed
1458 2364 1539 2427 sym-

494 2442 557 2507 boli
579 2443 627 2506 sui
646 2443 764 2507 onlnem
784 2443 1069 2509 anathematiznuti
1089 2444 1156 2509 τοὺς
1175 2442 1322 2523 λέγοντας
1340 2442 1378 2520 ἦν
1392 2446 1474 2517 ποτὲ,
1491 2446 1540 2508 ὅτε

494 2544 547 2609 οὐκ
567 2543 614 2623 ἦν.
650 2544 807 2627 Quocirca
826 2568 897 2609 eum
914 2545 1034 2610 Valens
1053 2543 1191 2607 Arimini
1208 2544 1241 2606 in
1259 2543 1390 2607 ecelesia
1410 2544 1540 2607 olemus-

493 2654 555 2722 set,
578 2647 617 2711 Si
638 2649 707 2733 quis
729 2648 852 2722 utens,
867 2650 952 2713 Erat
973 2658 1087 2731 tempus
1112 2646 1233 2730 quondo
1255 2668 1314 2709 nors
1335 2656 1401 2710 eret
1421 2647 1538 2719 Filius,

493 2748 654 2813 martene
677 2749 740 2823 sin
771 2751 832 2814 hoe
855 2751 977 2823 audito,
1001 2747 1105 2832 inquit
1129 2746 1342 2832 Hieronymus
1369 2747 1443 2811 dial.
1466 2749 1538 2811 ndv.

496 2850 596 2913 Lunil.
617 2852 718 2914 enneli
733 2853 863 2937 epsieoopi
876 2861 905 2916 et
922 2860 984 2914 tota
1001 2848 1094 2912 νὶνινῐ
1109 2848 1229 2913 neemia
1240 2851 1356 2933 plausu
1371 2850 1498 2934 quodem
1513 2860 1541 2914 et

493 2950 633 3035 impedio
652 2951 785 3015 Valentis
798 2974 892 3016 uocem
912 2960 1097 3034 moeperun-t,
1113 2950 1176 3014 reti
1192 2950 1336 3014 videlieet
1356 2971 1428 3013 eum
1447 2950 1540 3034 plene

495 3051 652 3116 Arionem
669 3054 826 3131 haeresim,
842 3077 912 3138 quae
929 3053 1045 3118 Filium
1065 3060 1207 3117 ereetum
1223 3052 1357 3128 volebat,
1374 3051 1423 3115 his
1437 3053 1541 3116 verbis

494 3153 630 3239 ejurare.
653 3154 824 3220 Oousrnnr.
858 3156 940 3238 Quin
956 3178 996 3219 ex
1013 3155 1208 3239 Hieronymo
1224 3162 1361 3230 constet,
1374 3153 1539 3218 Valentem

494 3255 559 3321 alie
583 3256 719 3341 plurimu
745 3268 778 3321 et
801 3257 905 3342 ipsum
929 3256 1161 3342 pronuntiasse,
1188 3265 1221 3320 et
1245 3257 1381 3320 Claudio
1404 3278 1540 3341 pronun-

496 3356 589 3423 tianti
606 3359 809 3437 consensisse,
826 3382 896 3443 quae
915 3382 987 3423 oum
1008 3361 1092 3425 uotis
1111 3360 1270 3446 dogmatis
1287 3360 1421 3424 istorum
1440 3360 1538 3423 haere-

495 3458 630 3523 tinorum
655 3483 676 3525 a
698 3460 865 3525 Ontholien
887 3460 950 3524 fide
971 3461 1082 3525 alienis
1104 3461 1271 3526 eoneiliere
1294 3461 1418 3525 difficile
1441 3461 1540 3524 eredi-

495 3561 604 3625 derim.
650 3562 796 3646 Exempli
811 3562 918 3647 gretie
935 3561 1003 3647 ipse
1020 3563 1066 3627 nit
1083 3564 1218 3635 Volens;
1244 3562 1363 3647 Siquis
1377 3563 1490 3626 disserit
1504 3562 1541 3625 cis

494 3662 589 3726 nullis
607 3664 774 3728 mannhun
786 3665 902 3746 filium,
921 3676 948 3728 et
967 3686 1025 3730 non
1045 3665 1082 3729 de
1101 3666 1166 3728 Deo
1183 3674 1281 3749 patre,
1301 3664 1461 3727 anathema
1480 3665 1539 3727 sit:

495 3773 584 3847 atquo
611 3764 742 3829 omnio
766 3766 830 3830 loeo
851 3768 1021 3851 prostituisti
1046 3767 1125 3829 idem
1152 3765 1204 3828 ille
1226 3765 1373 3837 enemim
1409 3766 1449 3828 Si
1474 3767 1542 3849 quis

495 3862 609 3927 dumi
621 3864 728 3946 filium
749 3868 812 3930 Dei
833 3889 891 3932 esse
914 3869 1035 3953 quidem
1056 3878 1126 3933 asne
1147 3868 1248 3931 orno-ia
1268 3868 1392 3942 νωννῐα,
1410 3867 1464 3931 sed
1483 3889 1541 3930 nnn

495 3973 565 4028 ante
586 3986 671 4030 omne
689 3968 808 4031 omnino
829 3977 952 4053 templus,
969 3980 1001 4034 st
1020 3971 1048 4033 ei
1066 3969 1188 4055 aliquid
1206 3970 1366 4053 antefonae,
1383 3969 1542 4032 anathema

497 4064 545 4129 nit.

539 4166 622 4231 Ibid.
638 4167 658 4232 l.
675 4170 704 4232 6.
727 4172 755 4233 εἰ
768 4174 862 4252 λόγος
877 4172 925 4235 καὶ
940 4175 1035 4251 σοφία
1051 4174 1098 4237 καὶ
1113 4174 1234 4251 δύναμις
1253 4175 1270 4235 ὁ
1286 4172 1428 4256 Χριστὸς]
1448 4170 1540 4235 Conl.

494 4268 588 4333 Joen.
607 4268 628 4333 i.
651 4289 699 4349 14.
723 4279 756 4335 et
778 4272 865 4349 olibi,
888 4280 921 4337 et
949 4294 960 4336 1
980 4275 1049 4338 θον.
1064 4273 1085 4336 i.
1104 4292 1154 4353 24.
1177 4282 1211 4337 et
1234 4273 1423 4357 Dionysium
1447 4274 1540 4337 Alex.

392 4456 395 4461 Ι
494 4368 586 4435 initio
602 4370 837 4456 Exeerptorum
852 4374 996 4459 proxime
1010 4380 1083 4458 post
1099 4373 1335 4439 oolloentorum.

540 4470 623 4534 Ibid.
638 4471 661 4535 l.
680 4490 721 4535 12
745 4473 941 4539 ἀτοπώτατον
955 4478 988 4538 δὲ
1003 4476 1103 4560 τοῦτο]
1122 4475 1276 4541 Consules
1292 4477 1429 4554 Bullum,
1444 4478 1481 4541 F
1478 4476 1542 4541 idei

496 4572 637 4637 Nieoenoe
651 4574 774 4657 Desens.
791 4573 877 4639 Seot.
893 4598 939 4639 111.
955 4598 1025 4661 esp.
1042 4598 1074 4659 4.
1093 4579 1121 4659 ξ.
1137 4596 1165 4641 2.
1180 4600 1210 4661 p.
1229 4597 1299 4662 175.
