3700 5667
496 674 545 737 IN
571 675 790 738 DIONYSII
817 677 930 738 ROM.
957 675 1275 739 EXCERPTUM.
1342 678 1408 740 383

364 868 434 929 pag.
451 865 503 926 50.
519 858 552 908 et
568 848 618 928 67.
636 866 706 928 quae
727 846 851 930 quidem
869 845 1025 908 Narratio
1038 845 1193 929 Εννννρίὶο
1209 846 1408 909 Omissiouum

371 947 519 1010 Whistoai
532 970 552 1010 a
568 948 691 1011 Grabio
706 948 863 1031 congestis
879 948 1043 1035 praemissa
1058 956 1118 1010 est.
1152 947 1230 1010 Alia
1244 969 1340 1032 porro
1354 970 1408 1011 ex-

364 1050 468 1133 empla
487 1049 599 1112 harum
616 1071 725 1113 vocum
747 1072 821 1112 usus
840 1051 962 1133 praebet
984 1049 1155 1133 Dionysius
1175 1049 1409 1113 Alexandrinus

364 1153 395 1215 in
419 1152 622 1237 Fragnrentis
644 1161 710 1216 tam
730 1153 878 1237 Epistola
897 1153 943 1215 ad
961 1152 1195 1236 Εορὺναιιονονι
1214 1175 1309 1237 quarn
1329 1153 1409 1238 Epi-

362 1256 445 1319 stolce
468 1255 721 1339 Quadripertita,
744 1255 793 1318 eui
814 1253 941 1338 quidem
962 1255 1130 1338 posteriori
1152 1255 1240 1339 operi
1260 1276 1334 1319 aere
1353 1255 1409 1318 sed

364 1359 488 1422 irritum
511 1357 626 1420 bellum
650 1358 757 1421 intulit
780 1358 863 1420 idem
882 1355 1081 1419 Whistonus.
1124 1356 1204 1420 Vide
1224 1357 1325 1442 Epist.
1346 1356 1410 1440 ejas

364 1461 409 1524 od
425 1459 595 1526 Τὺἱνάιῗναι
613 1482 640 1522 ν.
657 1459 695 1522 ol.
712 1482 742 1544 p.
759 1482 788 1541 9.

408 1564 443 1625 P.
460 1581 533 1646 373.
550 1562 569 1623 l.
586 1582 616 1642 5.
640 1562 707 1627 τοὺς
729 1561 924 1645 διαιροῦντας]
941 1561 1049 1625 Codex
1070 1561 1150 1645 Reg.
1172 1562 1239 1626 τοὺς
1259 1567 1406 1626 καταδιαι·

364 1671 498 1745 ροὺντας.
524 1664 753 1725 Mourrsucou.
792 1662 853 1742 Qui
868 1664 980 1726 deerat
994 1663 1026 1724 in
1041 1662 1132 1725 aditis
1146 1663 1308 1736 articulus,
1324 1663 1408 1727 hune

365 1767 428 1829 fide
444 1765 537 1849 hujus
553 1765 669 1828 codicis
685 1765 778 1827 nixus
793 1765 825 1827 iu
841 1775 965 1829 textum
982 1764 1094 1848 recepi.
1351 1816 1354 1826 .

411 1866 493 1931 Ibid.
509 1866 530 1929 l.
548 1886 577 1946 7.
601 1869 654 1945 τὴν
676 1869 858 1952 μοναρχίαν]
885 1867 975 1930 Infra
999 1867 1097 1930 habet
1121 1874 1233 1929 auctor
1256 1867 1318 1929 fine
1341 1869 1411 1952 ipso

369 1967 395 2030 F
397 1970 564 2049 ragmenti‚
580 1969 613 2031 τὸ
636 1970 723 2050 ἅγιον
747 1970 877 2050 κήρυγμα
900 1974 950 2048 τῆς
971 1969 1143 2051 μοναρχίας.
1183 1969 1298 2031 Vocem
1319 1970 1412 2049 Τρίας

366 2070 463 2133 etiarn
485 2071 601 2134 saeculo
623 2071 762 2135 ecelesiae
784 2071 922 2135 secundo
943 2070 1153 2154 Theophilum
1176 2070 1411 2134 Antiochorum

365 2171 557 2247 adhibuisse,
573 2181 685 2236 notum
705 2181 764 2236 est.
811 2172 855 2236 Et
870 2181 946 2237 aute
962 2171 1171 2256 Theophilum
1187 2171 1412 2256 Athenagoras

367 2275 398 2337 in
414 2275 575 2359 Lapatioaa
587 2296 645 2360 pro
663 2274 848 2338 Christiania
865 2274 934 2339 haee
955 2274 1146 2358 scripserat:
1167 2275 1223 2339 Τίς
1239 2275 1291 2337 οὑν
1306 2274 1358 2337 οὑκ
1374 2274 1411 2339 ἂν

367 2379 523 2456 ἆπόρησαι.
540 2379 686 2457 λεγόντας
707 2377 791 2442 Θεὸν
810 2377 933 2458 πατέρα,
951 2378 998 2440 καὶ
1019 2377 1084 2440 vids
1105 2378 1198 2452 Θεὸν,
1218 2379 1266 2441 καὶ
1287 2382 1412 2457 Πνεῦμα

367 2479 463 2560 ἅγιον,
483 2481 651 2545 δεικνύντας
671 2479 767 2542 αὐτῶν
787 2478 834 2541 καὶ
855 2478 908 2556 τὴν
930 2481 963 2541 ἓν
982 2477 1198 2565 τῇἛΝΩΣΕΙ
1215 2480 1348 2556 δύναμιν,
1365 2480 1412 2543 καὶ

366 2581 420 2657 τὴν
443 2583 476 2643 ἐν
500 2581 535 2666 τῇ
559 2579 640 2657 τάξει
665 2581 889 2657 ΔΙΑΙΡΕΣΙΝ,
912 2581 1042 2645 άκοὺσας
1063 2579 1169 2645 άθέονς
1192 2579 1412 2659 καλουμένονς;

368 2684 396 2763 ξ.
418 2702 466 2745 10.
493 2682 561 2743 Vid.
578 2681 739 2744 ethorum
754 2682 882 2765 gemina
897 2681 929 2743 ln
946 2683 975 2762 ξ.
995 2701 1044 2743 11.

411 2783 493 2846 Ibid.
509 2783 528 2845 l.
545 2804 574 2863 9.
591 2783 783 2867 ὑποστάσεις]
801 2783 973 2869 Dionysius
994 2792 1104 2847 noster
1124 2784 1175 2847 hio
1192 2806 1260 2847 σννι
1277 2794 1338 2848 toto
1355 2807 1413 2849 οεο-

367 2883 519 2947 ονῐον-ἰιινι
537 2882 647 2959 schola,
662 2895 698 2948 ut
714 2884 900 2971 Hieronymi
915 2887 957 2950 ad
977 2886 1153 2950 Damasum
1175 2886 1266 2970 epist.
1283 2908 1314 2950 x.
1336 2909 1366 2950 n.
1380 2910 1412 2966 4.

368 2986 470 3049 verbis
491 2995 574 3058 utar,
590 2984 672 3049 nillil
689 2986 780 3051 aliud
796 2988 978 3073 hypostasim
995 2989 1058 3052 aiei
1072 2989 1172 3053 seiam
1186 2990 1278 3067 eavit,
1294 2997 1413 3053 etcum

368 3086 497 3150 eeclesia
527 3094 599 3151 tota
631 3089 815 3175 sacrilegam
847 3090 944 3154 trium
979 3091 1229 3155 substantiarum
1263 3091 1413 3175 praedica·

368 3189 496 3262 tionem,
513 3197 609 3275 prout
623 3190 789 3255 substantia
806 3193 873 3256 voci
889 3194 1010 3256 Graecae
1026 3194 1115 3256 οὐσία
1130 3194 1310 3277 respondet,
1327 3215 1414 3257 aver-

368 3300 466 3355 satur.
512 3294 589 3355 Jam
611 3301 680 3357 tum
702 3302 810 3356 tamen
833 3294 865 3355 in
888 3293 1030 3368 ecelesia,
1046 3293 1160 3355 saltem
1184 3291 1413 3364 Alexandrina,

369 3417 426 3457 usu
442 3404 605 3479 receptum
620 3403 700 3469 erat,
715 3403 753 3457 ut
767 3394 961 3461 ὑποστάσεως
976 3393 1163 3456 vocabulum
1183 3395 1225 3457 ad
1245 3414 1413 3477 personam

370 3496 609 3581 significandam
642 3503 866 3560 assumeretur.
925 3496 965 3559 Id
995 3507 1082 3560 certe
1111 3496 1271 3580 colligitur
1299 3517 1339 3558 ex
1365 3495 1415 3559 his

370 3599 516 3684 On'genis
529 3599 562 3661 in
577 3601 598 3661 ά
602 3600 696 3662 ohan.
712 3608 807 3663 tract.
824 3617 852 3662 a.
872 3599 945 3662 Trea
951 3619 1099 3684 ρονοοοοο
1113 3599 1205 3679 (τρεῖς
1219 3598 1415 3681 ὑποστάσεις)

371 3704 500 3766 Patrem
518 3712 544 3766 a
562 3702 683 3766 Filium
702 3712 730 3765 et
751 3701 904 3786 Spiritum
924 3722 983 3765 esse
1003 3700 1162 3764 eredimus.
1208 3700 1299 3762 Idem
1314 3709 1348 3764 et
1361 3699 1415 3765 lib.

370 3805 432 3867 viii.
456 3814 569 3869 contra
596 3805 734 3878 Celsum,
762 3805 892 3869 Patrem
916 3813 950 3869 et
976 3803 1092 3868 Filium
1116 3805 1168 3866 δὺο
1192 3804 1227 3882 τῇ
1251 3804 1416 3868 ὑποστάσει

370 3907 528 3988 πράγματα
546 3908 694 3972 affirmat.
740 3906 813 3991 Ipse
828 3907 1001 3993 Dionysius
1018 3906 1192 3970 Alexandr.
1209 3905 1257 3993 [in
1272 3928 1416 3970 sermone

371 4015 437 4088 περὶ
460 4010 590 4092 ἐλέγχον
613 4011 659 4073 καὶ
682 4012 848 4091 ἀπολογίας
869 4011 956 4094 apud
979 4009 1082 4073 Basil.
1107 4010 1153 4071 M.
1174 4010 1224 4071 Dc
1243 4008 1367 4093 Spiritu
1382 4010 1415 4072 S.

371 4134 398 4175 ο.
421 4130 469 4194 ν9.
493 4112 535 4175 ad
558 4113 643 4196 quod
667 4112 794 4196 quidem
817 4120 1002 4196 excerptum
1029 4110 1144 4174 similia
1168 4110 1218 4173 his
1250 4111 1418 4175 adnotavit

372 4214 580 4277 Coustaurius
606 4215 645 4278 de
671 4214 855 4279 diversitate
882 4236 1003 4291 sensus,
1031 4235 1095 4298 qua
1119 4212 1268 4297 opinatus
1292 4212 1343 4275 ille
1367 4220 1418 4276 est

372 4315 559 4400 Dionysium
581 4317 692 4379 eodem
714 4315 908 4383 ὑποστάσεως
930 4315 1083 4380 vocabulo
1106 4335 1196 4379 usum
1219 4313 1310 4398 esse]
1330 4316 1356 4377 εὶ
1377 4317 1418 4400 τῷ

370 4424 448 4498 τρεῖς
466 4417 542 4482 εἶναι
561 4422 612 4485 τὰς
629 4418 810 4485 ὑποστάσεις
835 4418 1069 4502 [μεμερισμένας
1089 4416 1226 4497 λέγουσι,
1248 4421 1326 4496 τρεῖς
1347 4417 1416 4489 εἰσὶ,

373 4519 427 4603 κᾷν
447 4521 488 4601 μὴ
508 4522 649 4593 θέλωσιν,
668 4519 686 4600 ἦ
708 4521 760 4599 τὴν
781 4524 879 4586 Θείαν
897 4520 1001 4601 τριάδα
1021 4525 1176 4586 παντελῶς
1200 4518 1417 4603 avelinam]

372 4625 483 4687 eodem
504 4624 665 4688 intellectu
688 4623 774 4687 dicit.
824 4622 917 4688 Unde
940 4624 1075 4709 suspioio
1097 4632 1147 4688 est
1170 4622 1212 4695 id,
1228 4622 1313 4706 quod
1335 4641 1418 4685 nuuc
