3700 5667
394 729 439 788 22
672 724 919 803 RELlQUIAE
947 725 1122 789 SACRAE.

395 898 640 998 γεγενημένην.
671 900 690 974 ὁ
719 894 789 997 γοίρ
816 931 870 974 τοι
897 898 1160 997 λαμπρότατος,
1184 902 1241 974 καὶ
1266 896 1308 974 δι’
1330 897 1445 997 ὅρκων

396 1037 563 1136 φοβερῶν
581 1037 686 1107 τινῶν
704 1030 942 1128 πιστούμενος
966 1030 1007 1108 τδ
1025 1032 1106 1127 μηδ
1134 1030 1228 1112 ὅλως
1246 1032 1445 1128 ἐπισκοπῆς

395 1165 597 1265 ὀρέγεσθαι·
628 1166 806 1267 αἰφνίδιον
825 1166 1019 1246 ἐπίσκοπος
1043 1161 1168 1264 ώσπερ
1191 1166 1230 1240 ἐκ
1256 1165 1445 1264 μαγγυίνου

395 1298 489 1380 τινὸς
508 1304 555 1380 είς
573 1297 616 1374 τὸ
635 1299 748 1393 μέσον
765 1301 879 1402 ῥιφείς
898 1298 1141 1402 ἀναφαίνεται.
1172 1297 1275 1379 οὗτος
1299 1297 1371 1399 γάρ
1390 1332 1444 1376 τοι

395 1433 416 1508 ὁ
453 1428 706 1530 δογματιστὴς,
744 1432 764 1506 ὁ
798 1434 863 1527 τῆς
904 1434 1201 1527 ἐκκλησιαστικῆς
1245 1430 1469 1530 ἐπιστήμηςς

397 1561 679 1664 ὑπερασπιστὴς,
698 1563 850 1659 ὁπηνίκα
875 1565 1144 1662 παρασπᾶσθαί
1165 1596 1203 1640 τε
1234 1566 1291 1640 καὶ
1323 1565 1442 1666 ὑφαρ·

394 1697 515 1798 παίζειν
533 1695 599 1794 τὴν
616 1695 666 1793 μὴ
686 1701 853 1774 δοθεῖσαν
872 1698 967 1802 αὐτῷ
985 1696 1119 1776 ἄνωθεν
1141 1695 1341 1794 ἐπισκοπὴν
1365 1700 1445 1775 ε’πε-

395 1832 512 1934 χείρει,
531 1829 594 1908 δύο
614 1832 726 1934 ἑαυτῷ
745 1831 931 1914 κοινωνοὺς
949 1831 1197 1929 ἀπεγνωκότας
1215 1837 1287 1908 τῶν
1311 1832 1445 1909 ἑαυτῶν

394 1967 574 2066 σωτηρίας
593 1964 798 2070 ἐπελέξατο·
830 1969 876 2047 ὡς
902 1963 946 2041 ἂν
972 1971 1019 2046 είς
1044 1963 1163 2067 βραχύ
1186 1998 1221 2042 τι
1245 1964 1361 2064 μέρος,
1386 1967 1444 2041 καὶ

394 2096 590 2200 ἐλάχιστον
622 2102 685 2194 τῆς
717 2100 872 2179 Ἰταλίας
905 2100 1117 2200 ἀποστείλῃ.
1167 2101 1325 2175 κάκεῖθεν
1362 2099 1439 2175 ε’πι·
1456 2129 1490 2169 ιο

394 2231 553 2311 σκόπους
574 2237 677 2329 τρεῖς,
696 2230 904 2330 ἀνθρώπους
930 2231 1117 2330 ἀγροίκους
1142 2232 1200 2306 καὶ
1227 2228 1440 2307 ἁπλουστά-

393 2396 487 2457 τους,
505 2368 656 2465 πλαστῇ
674 2366 742 2441 τινὶ
761 2361 976 2465 ἐπιχειρήσει
999 2361 1223 2469 ἐξαπατήσῃ·
1255 2367 1439 2456 διαβεβαι-

392 2493 539 2589 ούμενος
572 2499 630 2572 καὶ
667 2491 967 2597 διἰσχυριζόμενος
999 2499 1071 2572 δεῖν
1108 2493 1233 2575 αὐτοὺς
1269 2497 1306 2571 ἐν
1343 2491 1444 2597 τάχει

393 2629 659 2730 παραγενέσθαι
687 2636 735 2711 εὶς
758 2629 913 2726 Ῥώμην,
933 2634 981 2711 ὡς
1008 2634 1114 2726 δῆθεν
1137 2637 1241 2709 πᾶσα
1268 2629 1293 2726 ἥ
1318 2662 1371 2711 τις
1400 2628 1444 2728 δή

393 2797 481 2841 ποτε
506 2763 569 2839 οὖν
594 2766 810 2865 διχοστασία
835 2772 1012 2862 γεγονυῖα,
1031 2761 1101 2841 σὺν
1127 2767 1184 2841 καὶ
1209 2763 1337 2864 ἑτέροις
1362 2766 1440 2842 ε’πι·
1457 2802 1488 2858 15

394 2896 544 2975 σκόποις
563 2900 620 2971 καὶ
640 2897 756 2972 αὐτῶν
771 2896 1041 2992 μεσιτευόντων,
1054 2902 1218 2998 διαλυθῇ.
1249 2896 1309 2979 οὓς
1327 2932 1445 2998 παρα-

395 3028 602 3124 γενομένους
620 3025 682 3104 ἇτε
701 3027 744 3125 δὴ
766 3031 829 3124 (ὡς
847 3029 1008 3132 ε’φθημεν
1031 3030 1213 3134 λέγοντες)
1234 3030 1444 3128 ἀνθρώπους

393 3159 662 3259 ἁπλουστέρους
679 3162 759 3260 περὶ
777 3158 840 3241 τὰς
859 3167 932 3237 τῶν
950 3168 1116 3262 πονηρῶν
1139 3159 1302 3263 μηχανάς
1327 3194 1366 3238 τε
1386 3167 1445 3241 καὶ

394 3291 634 3392 ραδιουργίαν,
655 3292 960 3391 συγκλεισθέντας
979 3293 1048 3371 ὑπό
1065 3327 1170 3371 τινων
1196 3295 1327 3391 ὁμοίων
1347 3295 1444 3400 αὐτῷ

391 3615 548 3672 crementis
568 3615 758 3671 affirmaverat
780 3635 810 3672 se
831 3615 891 3692 epi·
944 3625 990 3672 tos
1024 3624 1083 3671 tren
1117 3615 1276 3690 episcopos,
1312 3614 1491 3674 hominesue

394 3704 542 3770 scopatum
578 3713 636 3748 non
672 3693 891 3767 concupiscere:
943 3692 1029 3770 plene
1043 3693 1130 3749 rudes
1144 3713 1177 3750 ec
1194 3692 1349 3767 simplices,
1364 3694 1445 3752 fruu-

394 3782 513 3847 rcpcnte
538 3781 674 3846 tanquam
702 3790 739 3827 ex
760 3772 892 3829 machine
943 3772 1063 3830 dulenta
1080 3772 1203 3847 quedam
1223 3770 1375 3829 molitione
1394 3773 1445 3831 de-

393 3849 516 3925 quudam
538 3851 567 3905 in
588 3850 714 3906 medium
735 3850 891 3926 projectus,
942 3851 1070 3928 αἱρετοί,
1106 3850 1338 3908 constantissime
1368 3851 1445 3909 affir.

393 3929 546 4005 episcopus
560 3929 703 4005 apperuit.
746 3929 788 3985 Et
802 3929 827 3985 ie
841 3930 890 4004 qui
942 3949 1024 3986 mane
1038 3930 1116 4005 ipsos
1135 3949 1220 4005 quem
1240 3930 1366 4006 primum
1382 3930 1444 3988 Ro·

392 4027 423 4064 se
456 4006 602 4064 doctorem
634 4018 664 4064 et
691 4007 891 4065 ecclesiastice}
944 4027 1020 4063 mem
1055 4008 1196 4085 proficisci
1232 4018 1375 4084 oportere,
1410 4021 1444 4068 ut
1454 4027 1489 4087 25

393 4085 552 4163 disciplinae
580 4097 824 4164 propugnatorem
847 4087 890 4144 fe·
944 4086 1038 4143 omnic
1064 4087 1266 4162 undecumque
1293 4098 1358 4145 orte
1385 4087 1445 4147 dir.

392 4166 482 4230 rebat,
498 4185 563 4222 cum
584 4168 781 4242 episcopatum
801 4165 891 4222 sibie
944 4164 1050 4230 cordia,
1067 4165 1193 4240 ipsorum
1217 4185 1275 4223 une
1292 4185 1357 4222 cum
1380 4168 1445 4225 eliis

394 4244 459 4300 Deo
473 4245 592 4301 minime
611 4263 777 4301 concessum
793 4263 892 4317 rapere
943 4243 1085 4321 episcopis
1102 4245 1269 4302 interventu
1290 4256 1377 4320 atque
1398 4266 1444 4304 er·

392 4341 425 4378 ac
453 4321 599 4379 vindicare
627 4332 790 4385 coneretur,
819 4320 892 4378 duos
942 4321 1030 4378 bitrio
1045 4322 1203 4380 sederetur.
1236 4323 1376 4393 Quicum
1392 4324 1445 4382 ed.

393 4397 549 4475 deplorutae
563 4400 665 4458 salutis
686 4400 817 4457 homines
836 4401 891 4457 sibi
943 4402 1099 4468 venissent,
1134 4402 1275 4471 homines,
1310 4413 1344 4460 ut
1382 4403 1491 4480 jemgc

393 4477 486 4534 socios
498 4476 650 4551 adjunxit:
673 4489 707 4536 ut
721 4497 770 4534 eoe
784 4480 813 4534 in
828 4479 891 4536 exi·
942 4478 1078 4546 diximus,
1108 4481 1291 4559 simplicioris
1322 4481 1442 4558 ingenii,

392 4575 478 4631 guum
494 4575 527 4612 uc
541 4555 707 4614 vilissimam
720 4556 811 4613 Ituliae
825 4577 890 4634 par.
943 4577 995 4615 nec
1018 4559 1048 4615 iu
1074 4560 1119 4617 his
1143 4560 1323 4636 perditorum
1348 4562 1443 4619 homi.

394 4646 452 4691 tem
468 4634 608 4700 mitteret,
623 4646 710 4710 etque
725 4634 805 4692 illinc
819 4636 890 4694 acci·
942 4656 1011 4693 num
1033 4639 1144 4696 urtibuc
1168 4660 1201 4696 ec
1225 4639 1348 4699 fallaciis
1373 4641 1443 4699 ntis
