3700 5667
344 676 407 740 104
641 675 888 752 RELIQUIAE
916 676 1094 739 SACRAE.

342 843 446 906 minus
464 843 568 927 Moysi
586 841 880 927 praecepitdicens:
906 842 1117 928 tAppretude
1132 846 1244 908 Aaron
1253 847 1392 929 fratrem

341 965 427 1019 tuum
448 964 477 1019 et
499 954 685 1018 Eleazarum
699 954 806 1036 fllium
829 954 902 1037 epira,
925 965 954 1018 et
976 956 1107 1040 impones
1132 978 1178 1019 eos
1200 957 1235 1019 iu
1264 968 1391 1021 montem

342 1088 444 1130 eorem
467 1068 547 1130 omni
571 1088 730 1151 synagoge,
750 1075 777 1130 et
795 1088 867 1130 eune
886 1069 993 1130 Aaron
1015 1066 1121 1130 stolum
1147 1067 1219 1150 ejus,
1246 1077 1274 1130 et
1297 1067 1390 1131 indue

342 1176 527 1241 Ebuzarum
547 1176 653 1259 filium
678 1176 751 1258 effus,
776 1186 803 1239 et
826 1179 938 1239 Aaron
963 1178 1118 1262 oppositus
1139 1178 1291 1241 momatur
1313 1177 1389 1241 illio.

342 1286 460 1351 Coram
476 1287 562 1351 omni
576 1307 737 1371 synagoga
753 1286 846 1369 jubet
862 1286 950 1350 Deus
964 1287 1114 1351 constitui
1132 1288 1340 1364 sacerdotem,
1357 1289 1416 1360 ids

342 1405 400 1474 est,
417 1396 546 1461 instruit
561 1404 595 1461 et
615 1397 756 1461 ostendit
776 1397 992 1462 ordinationes
1013 1398 1227 1462 sacerdotales
1247 1420 1311 1461 non
1330 1399 1389 1462 nisi

342 1507 399 1570 sub
421 1507 528 1592 populi
551 1507 728 1570 assistentis
750 1507 943 1571 conscientia
965 1507 1034 1571 fieri
1055 1516 1212 1592 oportere,
1237 1518 1274 1571 ut
1297 1508 1389 1592 plebe

341 1624 498 1700 praesente
523 1616 572 1680 vel
601 1617 792 1701 detegantur
820 1618 976 1681 malorum
1004 1617 1136 1681 erimina
1159 1618 1208 1681 vel
1234 1618 1389 1681 bonorum

342 1726 457 1790 merita
475 1725 698 1812 praedioentur,
714 1733 747 1790 et
761 1727 804 1789 sit
824 1727 984 1792 ordinatio
1000 1727 1089 1811 jueta
1107 1734 1140 1792 et
1159 1726 1303 1811 legitima
1318 1749 1388 1811 quae

341 1835 481 1899 omniurn
492 1835 641 1921 suffragio
653 1843 686 1900 et
697 1835 817 1920 judieio
832 1837 929 1901 luerit
941 1838 1132 1902 examinata.
1167 1838 1259 1919 Quod
1275 1847 1388 1924 postea
1401 1863 1437 1902 ιο

340 1948 512 2011 secundum
537 1947 643 2012 divina
669 1948 853 2032 magisteria
881 1951 1067 2013 observatur
1092 1950 1123 2012 in
1153 1950 1235 2013 actis
1259 1959 1388 2036 aposto-

339 2058 452 2137 lorum,
482 2061 609 2145 quando
638 2061 678 2123 do
709 2060 885 2123 ordinando
914 2060 947 2122 in
982 2060 1085 2124 loeum
1115 2052 1212 2125 Judae
1241 2063 1387 2147 apostolo

340 2167 458 2233 Petrus
480 2169 521 2232 ad
545 2169 669 2253 plebem
693 2169 842 2255 loquitur.
887 2170 1056 2244 ustrreetr,
1079 2170 1193 2256 inquit,
1216 2171 1331 2235 Petrus
1353 2171 1388 2234 in

339 2280 438 2343 medio
461 2280 651 2356 discentium,
667 2279 739 2364 fuit
762 2290 862 2344 autem
886 2280 977 2344 turbo
1001 2280 1036 2343 in
1062 2303 1131 2345 uno.
1176 2280 1243 2344 Neo
1269 2280 1329 2343 hoo
1354 2281 1387 2344 in

339 2389 557 2474 episcoporum
572 2396 700 2454 tantum
715 2397 748 2454 et
770 2391 981 2468 sacerdotum,
998 2392 1054 2454 sed
1077 2400 1111 2455 et
1134 2391 1166 2453 in
1182 2391 1386 2455 diaconorum
1399 2411 1433 2470 15

338 2499 591 2564 ordinationibus
620 2500 803 2564 observasse
832 2501 995 2585 apostolos
1023 2499 1316 2573 animadvertimus,
1346 2500 1387 2564 de

339 2632 402 2696 quo
417 2618 451 2674 et
465 2610 534 2695 ipso
549 2611 582 2673 in
597 2610 678 2675 actis
693 2632 802 2674 eorum
813 2611 967 2695 seriptum
978 2618 1045 2676 est:
1068 2613 1131 2674 ΧΕἰ
1145 2621 1386 2686 convocaverunt,

337 2720 450 2805 inquit,
466 2720 518 2784 illi
536 2721 692 2785 duodecim
713 2730 804 2786 totam
822 2721 935 2806 plebem
955 2721 1182 2807 deboipubrum,
1198 2732 1224 2786 et
1244 2723 1388 2786 diseunt

338 2833 389 2898 eie.
427 2833 519 2914 Quod
534 2832 644 2918 utique
659 2833 776 2897 ideireo
792 2841 859 2898 tem
873 2833 1043 2918 diligenter
1057 2839 1090 2897 et
1105 2840 1199 2897 eante
1213 2840 1388 2897 convocata

337 2942 430 3029 plebe
444 2948 516 3007 tota
529 2943 712 3028 gerebatur,
728 2966 768 3007 no
783 2943 853 3028 quis
867 2944 909 3007 ad
924 2943 1036 3007 altaris
1056 2943 1265 3008 ministerium
1280 2943 1329 3007 vel
1342 2944 1386 3007 ad
1397 2963 1434 3002 20

338 3054 570 3144 sacerdotalem
593 3055 697 3117 locum
723 3053 869 3139 indignus
898 3053 1076 3138 obreperet.
1122 3053 1272 3118 Ordinari
1301 3054 1386 3118 enim

337 3187 563 3250 nonnunquam
583 3165 729 3250 indignos
752 3187 816 3229 non
837 3165 1009 3229 secundum
1030 3164 1093 3228 Dei
1108 3165 1314 3241 voluntatem,
1330 3165 1386 3229 sed

337 3277 509 3341 seeundum
534 3276 706 3340 humanam
730 3275 1020 3360 praesumptionem,
1041 3282 1075 3338 et
1098 3274 1166 3338 heeo
1186 3274 1257 3337 Deo
1280 3274 1386 3359 displi-

337 3408 409 3451 eere
436 3409 507 3470 quae
531 3408 595 3450 nou
619 3386 748 3451 venient
773 3408 813 3450 ex
838 3385 981 3470 legitima
1007 3391 1041 3448 et
1062 3385 1152 3468 justa
1175 3385 1384 3462 ordinatione,

337 3497 425 3561 Deus
447 3497 515 3582 ipse
536 3496 720 3561 manifestat
742 3517 799 3580 per
819 3496 901 3560 Osee
923 3495 1112 3580 prophetam
1135 3495 1258 3558 dicens:
1282 3493 1432 3571 rasili-25

336 3608 469 3692 metipsis
487 3608 700 3670 eomtdueruut
717 3627 821 3691 repom,
841 3615 869 3668 et
889 3626 949 3667 non
964 3626 1026 3688 per
1039 3625 1093 3667 rue.
1138 3603 1278 3689 Propter
1301 3603 1386 3688 quod

336 3716 505 3801 diligenter
526 3717 565 3779 de
587 3715 761 3780 traditione
785 3715 891 3779 divina
912 3723 946 3780 et
969 3714 1145 3799 apostoliea
1164 3713 1385 3777 observatione

336 3826 526 3890 servandum
540 3831 590 3888 est
605 3833 638 3890 et
654 3827 826 3890 tenendum
841 3826 925 3910 quod
948 3825 1033 3910 apud
1054 3846 1113 3887 nos
1127 3845 1253 3908 quoquo
1267 3831 1301 3888 et
1319 3824 1384 3887 lere

335 3959 393 4023 per
415 3935 593 4021 provincias
616 3937 778 4001 universus
801 3945 938 4014 tenetur,
960 3943 997 3999 ut
1020 3936 1062 3999 ad
1086 3934 1300 3998 ordinationes
1323 3934 1385 3998 rite

335 4047 540 4112 celebrandas
576 4047 616 4112 ad
648 4069 718 4111 eam
755 4048 879 4134 plebem
907 4047 957 4110 oui
988 4043 1178 4131 praepositus
1207 4044 1384 4122 ordinatur,
1394 4062 1432 4119 30

336 4156 474 4242 episcopi
503 4157 644 4240 ejusdem
670 4156 838 4241 provinciae
871 4155 1007 4240 proximi
1038 4154 1154 4239 quique
1186 4153 1384 4229 conveniant,

335 4274 369 4331 et
394 4267 560 4352 episeopus
585 4266 744 4351 deligatur
772 4268 863 4352 plebe
894 4275 1061 4353 praesente,
1091 4287 1161 4348 quae
1190 4263 1384 4348 singulorum

335 4375 434 4442 vitam
449 4377 626 4462 plenissime
642 4378 729 4442 novit
745 4386 778 4441 et
793 4374 1037 4463 uniuscujusque
1051 4383 1160 4440 aetum
1176 4375 1214 4438 de
1230 4374 1298 4458 ejus
1312 4395 1383 4439 oon·

498 4542 508 4578 ῑ
529 4540 604 4587 Num.
616 4557 658 4588 xx.
671 4555 710 4602 25,
726 4540 763 4588 26.
1039 4547 1055 4575 ¹¹
1066 4537 1122 4584 Act.
1134 4536 1151 4584 i.
1165 4547 1202 4593 15.

496 4632 513 4663 ¹
528 4621 588 4670 Act.
599 4622 632 4670 vi.
645 4635 667 4669 2.
1040 4628 1054 4665 Υ
1067 4616 1130 4665 Osee
1139 4616 1189 4663 viii.
1202 4633 1225 4676 4.
