3700 5667
493 681 560 743 380
841 675 1192 741 ANNOTATIONES

495 850 601 912 omnia
613 846 755 932 Dionysii
769 848 861 910 Alex.
874 848 1054 932 fragmenta
1066 847 1237 931 separatim
1250 847 1338 908 edita
1350 846 1459 907 Romae
1473 865 1545 925 pro-

495 953 600 1015 diisse.
625 951 765 1014 Tantum
781 950 896 1026 dicam,
908 951 984 1013 mihi
1000 951 1074 1013 olim
1090 950 1123 1012 id
1138 959 1259 1012 certum
1273 949 1371 1010 visum
1388 970 1456 1010 esse
1472 956 1548 1030 post

495 1054 580 1118 lecta
596 1074 659 1115 non
676 1060 800 1115 tantum
817 1052 871 1115 illa
888 1053 1097 1137 apologetica,
1115 1054 1169 1115 sed
1186 1052 1283 1114 ctiam
1302 1058 1409 1114 cetera
1426 1051 1545 1132 Diony-

496 1156 586 1220 siana
608 1154 959 1239 scripta,Dionysiu1n,
983 1155 1036 1238 qui
1061 1155 1158 1217 dubio
1181 1153 1288 1238 procul
1312 1174 1382 1215 eum
1407 1152 1547 1214 Sabellio

493 1258 678 1322 adversario
696 1279 754 1320 suo
768 1257 854 1320 haud
875 1257 984 1329 sensit,
1001 1265 1114 1321 contra
1129 1280 1149 1320 a
1164 1257 1309 1340 partibus
1331 1278 1393 1317 non
1417 1255 1547 1318 stetisse

495 1360 578 1435 Arii,
590 1360 705 1445 quippe
721 1381 792 1422 cum
809 1360 972 1424 Christum
988 1363 1151 1440 ὁμοούσιοο
1165 1360 1236 1422 Ι)οο
1252 1360 1336 1442 patri
1353 1380 1421 1420 esse
1437 1358 1469 1418 in
1485 1357 1547 1418 hoc

495 1484 590 1546 opere
612 1485 670 1525 suo
689 1463 760 1542 ’περὶ
782 1461 933 1544 Ἐλέγχου
957 1464 1004 1524 καὶ
1026 1461 1208 1543 Ἀπολογίας
1234 1461 1458 1533 confiteretur3
1488 1481 1546 1521 nec

494 1564 630 1646 denique
653 1563 754 1627 Paulo
779 1564 997 1639 samosateno,
1016 1564 1172 1626 lrrrmilitrr
1195 1575 1222 1626 ct
1242 1563 1350 1643 obl'cctc
1370 1563 1408 1623 dc
1429 1562 1546 1623 Christo

493 1664 642 1735 serrttcati,
656 1664 797 1743 (Eusebii
812 1666 908 1728 verba
923 1673 998 1727 sunt
1009 1664 1063 1727 lib.
1075 1664 1125 1727 vii.
1138 1664 1220 1727 Hiet.
1236 1687 1264 1725 c.
1278 1671 1343 1742 27.)
1358 1662 1404 1724 rel
1417 1663 1547 1724 minime

495 1765 620 1842 favisse,
640 1789 737 1850 quum
760 1768 896 1830 Paulum
918 1777 984 1830 tam
1008 1775 1120 1848 aperte
1143 1766 1327 1849 neglexerit,
1352 1776 1448 1849 atque
1472 1787 1546 1826 eon-

495 1867 631 1952 temptui
649 1869 804 1932 habuerit.
850 1869 1023 1932 Concilium
1039 1878 1147 1932 autern
1163 1869 1195 1930 in
1211 1891 1306 1930 causa
1322 1866 1464 1950 Dionysii
1483 1868 1546 1928 lto

494 1991 623 2032 manum
640 1969 784 2032 habitum
800 1979 849 2032 est
868 1992 952 2032 anno
970 1967 1090 2032 Christi
1109 1970 1180 2030 260.
1201 1980 1236 2030 ut
1258 1967 1363 2048 placet
1386 1966 1547 2048 Basnagio

495 2071 527 2134 in
543 2071 659 2134 dcccl.
675 2081 752 2134 tom.
770 2071 800 2133 ii.
817 2094 847 2154 p.
863 2091 938 2150 400.
976 2072 1027 2132 De
1045 2070 1224 2154 cognitione
1241 2092 1323 2143 vero,
1340 2089 1434 2150 quam
1454 2068 1544 2129 insti-

494 2181 627 2236 tuerunt
656 2172 804 2249 Romani,
829 2173 876 2235 ita
899 2172 1010 2235 scribit
1038 2172 1080 2234 ls.
1105 2173 1313 2236 Oasaubonus
1337 2170 1369 2232 in
1395 2169 1548 2253 opusculo

495 2296 567 2339 vere
583 2297 681 2339 aureo
697 2277 748 2337 De
762 2273 915 2338 Libertate
930 2274 1142 2337 Ecclesiastico
1158 2274 1330 2357 appellato,
1345 2272 1398 2334 ubi
1417 2274 1456 2334 de
1473 2271 1547 2355 jure

495 2379 546 2454 τῆς
570 2379 699 2439 καθόλου
721 2378 882 2453 ἐπισκοπῆς
901 2376 1021 2459 agitur,
1038 2385 1058 2412 ‘⁶
1075 2398 1138 2458 quo
1155 2376 1227 2458 jure
1243 2376 1304 2455 (ait
1325 2375 1387 2454 ille)
1406 2374 1466 2436 hoc
1486 2373 1546 2435 sibi

496 2476 697 2540 “interdum
721 2475 885 2539 antistites
907 2475 1033 2537 illorum
1056 2483 1235 2558 temporum
1259 2475 1436 2548 sumebant,
1462 2483 1497 2535 ut
1520 2473 1547 2535 si

497 2587 517 2617 “
533 2579 605 2662 quis
634 2580 799 2662 episeopus
825 2577 857 2640 in
883 2577 946 2641 alia
972 2577 1135 2661 provincia
1161 2577 1243 2639 male
1273 2575 1390 2639 sentire
1419 2576 1458 2637 de
1484 2576 1547 2638 lide

497 2692 515 2713 “
532 2680 699 2752 diceretur,
723 2679 958 2743 accusationem
985 2681 1141 2763 ejusmodi
1164 2702 1227 2741 non
1252 2678 1344 2762 plane
1368 2678 1546 2760 rejicerent,

496 2791 515 2820 “
534 2783 589 2846 sed
620 2783 779 2865 pertinere
809 2783 850 2844 ad
881 2803 915 2843 so
945 2803 1015 2843 cum
1048 2781 1184 2844 inaximo
1214 2790 1389 2864 putarent:
1429 2781 1548 2842 idcirco

497 2883 708 2966 “Dionysius
737 2882 901 2943 Romanus
931 2882 1089 2957 Pontifex,
1118 2904 1214 2965 quum
1243 2905 1263 2944 a
1293 2882 1548 2964 Pentapolitanis

433 3020 436 3029 ·
496 2993 515 3020 “
532 2984 715 3066 accepisset,
733 2982 920 3067 Dionysium
941 2984 1146 3046 Alexandriae
1168 2983 1348 3067 episcopum
1370 2985 1409 3045 de
1430 2992 1547 3045 natura

496 3085 653 3149 “Christi
674 3105 840 3169 perperam
862 3085 981 3148 sentire
1000 3108 1038 3148 ac
1058 3086 1217 3161 seribere;
1240 3085 1431 3149 delationem
1453 3086 1546 3163 hanc,

496 3196 514 3224 ‘⁴
531 3186 607 3251 licet
622 3187 734 3251 falsam
750 3195 783 3251 et
799 3187 1036 3260 calumniosam,
1049 3197 1086 3252 ut
1101 3189 1206 3251 exitus
1221 3188 1377 3272 probavit,
1394 3209 1456 3249 non
1472 3211 1548 3272 neg-

494 3297 516 3327 “
532 3289 633 3365 laxit,
657 3290 712 3353 scd
728 3311 810 3352 verae
832 3289 985 3352 doctrinae
1006 3291 1217 3374 patrocinium
1235 3291 1327 3354 simul
1342 3290 1493 3373 suscepit,
1509 3313 1549 3353 ac

496 3404 518 3427 ⁴¹
533 3393 645 3456 falsam
665 3392 784 3476 scripto
806 3392 1000 3456 confutavit:
1023 3402 1056 3456 et
1077 3416 1148 3456 cum
1168 3415 1206 3456 eo
1227 3394 1279 3477 qui
1296 3393 1401 3455 fuerat
1421 3392 1548 3454 delatus

497 3503 518 3532 '‘
533 3516 592 3580 per
609 3494 719 3557 literas
739 3494 825 3578 egit:
849 3501 963 3557 auctor
979 3495 1178 3559 Athanasius
1195 3495 1242 3576 (in
1257 3495 1310 3556 lib.
1328 3496 1375 3556 Da
1390 3494 1547 3555 Sententia

496 3606 515 3634 “
533 3597 688 3679 Dionysii,
705 3603 738 3659 et
753 3596 873 3677 alibi).”
919 3597 998 3672 llaec
1014 3597 1061 3659 vir
1080 3619 1213 3681 magnus
1232 3596 1361 3679 capili.
1378 3600 1401 3672 ξ.
1418 3596 1456 3658 iv.
1473 3617 1546 3679 pag.

503 3700 570 3761 186.
585 3698 662 3760 edit.
680 3719 730 3760 an.
752 3700 844 3778 1607.
889 3699 944 3759 Ad
960 3698 1039 3761 alios
1054 3708 1172 3782 praeter
1187 3697 1351 3780 praesulem
1371 3698 1546 3760 llomanum

497 3799 625 3861 mittere
639 3796 802 3880 apologias
817 3819 911 3880 super
926 3800 1037 3861 eadem
1054 3821 1089 3861 rc
1104 3806 1249 3861 coactum
1265 3821 1333 3861 esse
1349 3799 1546 3882 Dionysium,

497 3921 536 3963 ex
552 3900 664 3961 eodem
680 3897 852 3960 Athanasii
866 3898 948 3961 libro
964 3922 1051 3962 num.
1069 3900 1131 3962 xix.
1149 3923 1180 3984 p.
1198 3903 1271 3983 256.
1288 3901 1335 3963 cd.
1349 3900 1547 3963 Benedictin.

497 4001 665 4086 colligitur,
684 3999 737 4062 ubi
759 4001 856 4064 refert
878 4001 965 4064 illum
981 4004 1182 4067 Athanasius
1201 4005 1366 4066 nonnullas
1387 4004 1549 4086 scripsisse

497 4104 656 4188 epistolas,
673 4103 788 4186 quibus
810 4103 929 4166 similes
951 4106 1186 4169 criminationes
1205 4107 1457 4169 adversariorum
1480 4106 1546 4168 fue-

498 4206 563 4270 rint
592 4206 714 4281 dilutae,
739 4214 911 4289 antequam
942 4208 1095 4270 celebrem
1125 4209 1292 4292 epistolam
1319 4210 1470 4289 Ἐλέγχου
1501 4210 1549 4270 καὶ

496 4310 679 4388 Ἀπολογίας
714 4308 754 4371 ad
788 4307 967 4372 Romanum
999 4310 1186 4393 Dionysium
1217 4312 1366 4373 dedisset.
1421 4309 1548 4372 Harum

498 4431 571 4470 vero
587 4409 727 4492 ipsarum
743 4408 787 4470 ibi
805 4417 1063 4484 memoratarum,
1078 4434 1159 4475 nuria
1175 4422 1282 4474 autem
1299 4410 1549 4494 deperditarum,

499 4530 561 4570 una
581 4509 726 4572 fortassis
749 4509 902 4582 eratilla,
919 4533 1014 4594 quam
1030 4522 1187 4576 memorat
1207 4511 1430 4594 conscripsisse
1451 4533 1485 4572 se
1506 4510 1548 4572 ad

497 4608 630 4671 eundem
653 4610 832 4673 ltorrranurrr
851 4612 1018 4694 praesulem
1034 4614 1102 4697 ipse
1123 4637 1247 4697 quoque
1266 4614 1432 4698 episcopus
1452 4611 1548 4674 Alex·
