3700 5667
486 676 551 738 382
819 673 1199 736 ANNo'rA'rlouns

486 845 622 908 amicum
645 843 733 927 vagis
754 865 792 905 ac
812 843 1012 927 generalibus
1036 843 1214 925 lmjusmodi
1239 842 1342 904 verbis
1365 844 1533 925 arguebat,

487 947 542 1010 sed
563 945 713 1029 speciales
729 945 786 1030 ipsi
802 945 953 1009 mittebat
974 945 1149 1008 sententias
1170 967 1208 1008 ex
1231 945 1356 1029 scriptis
1377 945 1459 1008 illius
1481 970 1534 1009 ex-

487 1054 624 1130 cerptas,
641 1051 675 1108 et
697 1051 733 1107 ut
755 1066 809 1107 eas
831 1043 1019 1128 explanaret
1041 1044 1245 1108 admonebat.
1294 1046 1331 1108 ln
1354 1047 1414 1111 hoc
1437 1070 1534 1131 opere

488 1145 658 1230 Dionysius
682 1144 910 1208 Trithcitarum
936 1147 1062 1230 dogma,
1082 1147 1130 1208 cui
1158 1147 1394 1212 Alexandrinus
1418 1151 1532 1233 praesul

486 1250 592 1314 favere
613 1247 790 1320 videbatur,
815 1248 862 1312 ita
881 1247 1006 1324 refellit,
1026 1257 1062 1312 ut
1083 1256 1116 1310 ct
1137 1248 1387 1312 Sabelliaruuum
1409 1261 1533 1314 sentcn-

486 1352 577 1427 tiam,
603 1371 698 1434 quam
727 1349 936 1434 impugnabat
967 1350 1048 1412 idem
1079 1351 1223 1423 antistes,
1255 1352 1346 1414 simul
1377 1354 1530 1416 eoirl'utct.

488 1454 599 1538 anue
618 1451 732 1537 agendi
753 1451 877 1515 ratione
900 1451 1117 1514 defensoribus
1141 1453 1279 1515 eeclesia
1300 1475 1415 1538 magno
1437 1455 1532 1516 docu-

454 1583 460 1594 ·
485 1564 595 1619 mento
617 1555 688 1627 suit,
713 1576 775 1637 quo
798 1562 911 1617 contra
934 1554 1069 1616 hareses
1092 1577 1130 1617 ea
1152 1555 1321 1638 prudentia
1344 1556 1403 1618 sibi
1426 1558 1532 1620 doecr-

486 1659 618 1722 tandum
641 1679 710 1720 esse
732 1656 857 1728 scirent,
880 1665 970 1719 utet
991 1656 1236 1739 oppositasnon
1258 1658 1353 1720 modo
1373 1671 1531 1731 caverent,

486 1781 593 1823 verum
617 1758 714 1823 etiam
737 1757 829 1820 simul
853 1757 1057 1820 debellarent.
1110 1757 1293 1843 Fragmenti
1320 1760 1414 1843 liujus
1440 1762 1533 1825 stilus

484 1861 651 1945 epistolam
675 1860 771 1944 sapit,
793 1867 953 1922 tractatus
975 1881 1012 1922 ae
1036 1859 1275 1944 disceptationis
1297 1860 1422 1925 fusioris
1445 1884 1533 1926 more

485 1962 707 2046 conscriptam,
732 1960 841 2045 quales
864 1960 1035 2045 Dionysius
1059 1961 1303 2035 Alexandrinus,
1328 1964 1468 2027 scribens
1490 1966 1532 2027 ad

487 2067 641 2151 Xystum,
663 2065 760 2127 fuisse
780 2063 874 2126 docct
893 2064 1055 2148 epistolas,
1079 2085 1159 2146 quas
1179 2064 1330 2126 advorsus
1351 2078 1532 2128 nascentem

486 2168 613 2232 Sabellii
637 2166 782 2230 haercsirn
804 2166 945 2229 miserat.
993 2165 1048 2227 Vel
1069 2166 1109 2228 ad
1131 2189 1186 2229 eas
1203 2168 1416 2251 Pentapoleos
1435 2169 1531 2232 eccle·

485 2270 558 2343 sias,
576 2269 739 2353 inquibus
760 2278 834 2331 orta
852 2275 885 2330 et
901 2276 1079 2352 propagata
1099 2283 1169 2331 erat
1185 2268 1312 2331 Sabellii
1330 2270 1467 2342 haeresis,
1484 2271 1531 2333 vel

484 2373 525 2436 ad
552 2371 654 2456 ipsam
681 2368 942 2444 Alexandrinam,
968 2368 1016 2431 cui
1045 2378 1183 2453 praeerat
1209 2370 1392 2455 Dionysius,
1416 2373 1464 2436 vel
1489 2375 1531 2435 ad

483 2475 552 2558 ejus
567 2473 726 2535 delatores
743 2469 952 2556 probabiliter
971 2470 1067 2534 inissa
1085 2480 1143 2535 est.
1193 2473 1245 2534 Ad
1262 2472 1387 2536 initium
1403 2475 1530 2558 pontifi·

484 2586 576 2640 catus
600 2573 742 2658 Dionysii
765 2595 829 2636 una
850 2594 922 2635 cum
950 2573 1112 2656 superiore
1133 2573 1259 2637 videtur
1280 2577 1454 2649 referenda,
1479 2587 1530 2640 ut-

483 2686 559 2761 pote
579 2676 628 2739 cui
651 2675 847 2738 occasionem
868 2674 957 2737 dedit
977 2676 1149 2747 accusatio,
1167 2698 1261 2759 quam
1283 2677 1399 2740 litterae
1422 2679 1531 2762 Xysto

484 2800 575 2862 papae
592 2778 695 2840 missac
710 2785 911 2861 pepererunt.
934 2776 1108 2840 Cousrnnr.
1141 2778 1225 2841 Huic
1239 2778 1382 2862 Dionysii
1396 2779 1530 2845 Romani

485 2877 647 2960 Excerpto
669 2876 867 2940 Athanasius
890 2877 968 2961 ipsc,
988 2900 1058 2960 quse
1083 2879 1225 2962 proxime
1248 2889 1432 2964 sequuntur,
1451 2903 1531 2964 prae·

483 2979 569 3041 fatus
589 2986 656 3041 est:
676 2978 748 3041 ’Ότι
768 2982 800 3041 δὲ
822 2980 857 3041 οὐ
876 2980 988 3056 ποίημα
1006 2980 1074 3042 οὐδὲ
1096 2982 1204 3058 κτίσμα
1220 2984 1237 3043 ὁ
1256 2987 1307 3044 τοῦ
1325 2987 1407 3045 Θεοῦ
1422 2985 1529 3063 Λόγος,

484 3082 566 3143 ἀλλὰ
582 3084 656 3143 ἴδιον
671 3084 721 3157 τῆς
738 3084 790 3142 τοῦ
807 3080 917 3159 πατρὸς
933 3081 1037 3146 οὐσίας
1052 3081 1185 3161 γέννημα
1200 3085 1366 3164 ἀδιαίρετόν
1383 3086 1474 3155 ἔστιν,
1492 3087 1532 3150 ὡς

484 3183 621 3264 ἔγραψεν
640 3183 658 3260 ἡ
677 3182 796 3262 μεγάλη
816 3184 951 3255 σύνοδος,
975 3182 1037 3245 ἰδοὺ
1058 3184 1106 3245 καὶ
1128 3186 1144 3246 ὁ
1167 3190 1218 3262 τῆς
1235 3183 1348 3264 Ῥώμης
1370 3188 1532 3253 ἐπίσκοπος

485 3287 645 3351 Διονύσιος
667 3285 793 3366 γράφων
817 3288 891 3347 κατὰ
913 3290 972 3347 τῶν
995 3288 1032 3347 τὰ
1055 3290 1108 3348 τοῦ
1132 3289 1306 3365 Σαβελλίου
1330 3291 1530 3368 φρονούντων,

484 3387 655 3469 σχετλιάζει
668 3390 742 3449 κατὰ
756 3393 816 3450 τῶν
830 3392 922 3449 ταῦτα
936 3389 1114 3465 τολμώντων
1129 3389 1242 3469 λέγειν,
1260 3390 1310 3451 καί
1323 3398 1416 3468 φησιν
1431 3393 1529 3454 οὕτως·

482 3486 607 3550 ‘esna
633 3488 656 3551 δ’
682 3488 720 3551 ἂν
748 3490 866 3553 εἰκότως
893 3490 949 3551 διο.
997 3489 1084 3567 Quod
1110 3499 1210 3553 aretem
1237 3492 1299 3553 Du?
1331 3490 1452 3553 Verbum
1480 3514 1532 3553 aec

475 3590 599 3671 sactum
621 3612 675 3652 ace
698 3600 832 3652 creatum
854 3591 903 3663 cit,
926 3591 981 3653 scd
996 3593 1145 3675 propriae
1167 3603 1195 3655 et
1219 3594 1399 3655 italieidaus
1421 3596 1533 3656 Patris

480 3688 654 3752 substantiae
670 3691 778 3772 fartus,
793 3699 827 3752 ut
845 3692 967 3774 scripsit
987 3713 1097 3774 alapae
1118 3693 1265 3774 abeodem,
1281 3717 1344 3757 ecce
1370 3697 1533 3777 Dionysias

483 3812 596 3874 qaoque
612 3792 716 3853 Itonia
732 3791 886 3874 episcopus
902 3791 1030 3854 scribens
1044 3802 1148 3855 coritae
1163 3791 1359 3868 Sabelliaaos,
1375 3798 1422 3858 dis
1437 3797 1533 3861 cerdis

483 3891 626 3954 adversus
641 3891 709 3954 illos
725 3891 904 3976 iudiqnatur
918 3893 972 3977 qai
987 3894 1065 3956 talia
1080 3894 1192 3956 caelent
1205 3895 1325 3968 dicere5
1344 3897 1364 3959 J
1373 3900 1397 3959 Α
1406 3900 1440 3961 Μ
1458 3923 1532 3964 vero

483 4015 609 4077 aequum
624 3993 721 4057 fucrit
737 3995 793 4056 &a
840 3993 922 4058 Fere
938 3995 1079 4079 proiecto
1095 3995 1225 4081 indigna
1240 4013 1299 4070 est,
1317 4022 1388 4082 qum
1404 4002 1454 4064 hie
1469 4025 1533 4066 me-

484 4104 627 4160 moretur
642 4096 781 4180 suspicio
796 4100 847 4175 τῆς
861 4098 979 4165 νοθείας
995 4098 1026 4160 in
1043 4098 1125 4161 hanc
1144 4098 1311 4182 epistolam
1330 4125 1349 4165 a
1366 4103 1534 4167 Guillelmo

486 4197 662 4263 Whlstono
676 4221 717 4262 ex
732 4220 791 4263 usu
807 4200 1031 4263 vocabulorum
1048 4202 1129 4281 τρίος
1143 4210 1177 4266 ct
1190 4205 1293 4280 μόνας,
1307 4214 1340 4268 et
1354 4207 1535 4287 ἀχώριστον,

484 4306 519 4362 et
538 4299 704 4379 ἀδιαίρετον
724 4300 831 4373 ducta,
851 4302 900 4364 cui
921 4302 1001 4365 bone
1022 4303 1171 4386 opposuit
1191 4305 1377 4389 scriptorem
1398 4306 1536 4390 antiqui-

484 4420 572 4462 orem
588 4400 635 4463 vcl
652 4401 805 4486 llionysio
821 4401 1050 4467 Tertullianum
1066 4404 1151 4467 ades.
1167 4406 1325 4470 Proteum
1342 4430 1432 4492 capp.
1448 4427 1481 4489 3.
1498 4418 1532 4473 ct

485 4504 515 4564 8.
531 4510 629 4587 atquc
645 4504 756 4568 itidem
776 4506 956 4590 Origenem,
973 4508 1029 4570 ccl.
1048 4507 1216 4572 Hiclresius
1236 4510 1267 4573 in
1289 4513 1479 4576 Narratione
1493 4513 1530 4575 de

485 4603 609 4679 erebia,
632 4616 658 4669 ct
680 4608 809 4672 MSStie
832 4610 920 4693 EJua
942 4610 1077 4697 Anglice
1099 4613 1141 4676 ab
1165 4612 1317 4676 Hickesio
1339 4615 1529 4698 conscripta,
