3700 5667
492 673 557 735 430
787 672 1036 749 RELIQUIAE
1063 672 1242 738 SACRAE.

493 844 657 923 Παμφίλου
679 867 710 905 τε
733 846 785 905 τοῦ
803 844 949 925 μάρπιρος
968 845 1123 926 ὐφηγητὴν
1142 850 1201 908 τῶν
1221 846 1480 924 έκκλησιαστικῶν
1495 869 1551 925 γε·

493 952 597 1016 νέσθαι
625 952 813 1031 μαθημάτων·
851 954 899 1017 καὶ
924 959 978 1017 τοῦ
1005 956 1078 1018 κατὰ
1108 952 1339 1034 Ἀλεξάνδρειαν
1367 953 1552 1036 ἡγήσασθαι

491 1063 704 1141 παιδευτηρίου.
734 1064 844 1143 λόγους
863 1065 896 1126 δὲ
916 1063 950 1126 τδ
969 1065 1096 1142 βιβλίαν
1116 1070 1248 1147 περιεῖχε
1268 1065 1390 1128 διόδεκα.
1419 1065 1487 1128 ἔστι
1513 1068 1550 1128 δὲ

491 1173 545 1251 τὴν
565 1172 679 1254 φράσιν
699 1174 800 1255 σαφής
815 1200 847 1238 τε
868 1177 916 1238 καὶ
936 1175 1083 1256 λαμπρός,
1101 1176 1148 1238 καὶ
1168 1177 1269 1255 ὥσπερ
1287 1174 1366 1255 ῥέων
1382 1178 1424 1259 τῷ
1446 1177 1547 1261 λόγῳ.

489 1285 582 1364 μηδέν
602 1309 634 1347 τε
655 1284 793 1363 έπιμελδς
813 1286 1043 1365 ἐνδεικνύμενος.
1066 1284 1136 1349 άλλ’
1152 1288 1190 1353 ὣς
1208 1288 1240 1364 ἐξ
1255 1287 1450 1369 αὐτοσχεδίου
1465 1288 1545 1366 ὁμα-
1560 1299 1578 1357 5

490 1399 551 1460 λῶς
570 1419 603 1457 τε
624 1398 673 1456 καὶ
690 1396 779 1460 λείως
800 1395 849 1458 καὶ
867 1394 962 1476 ἠρέμα
982 1398 1157 1477 φερόμενος.
1188 1402 1251 1462 τοῖς
1270 1398 1302 1459 δὲ
1324 1395 1546 1475 ἐνθυμήμασιν,

492 1507 574 1584 εἴπερ
597 1527 642 1569 τις
664 1504 769 1576 ἄλλος,
795 1506 1005 1584 γονιμώτατος.
1031 1508 1133 1569 πολλὰ
1155 1508 1187 1570 δὲ
1210 1508 1266 1584 ἔξω
1289 1511 1346 1569 τῶν
1369 1512 1423 1570 νῦν
1445 1509 1483 1570 ἐν
1507 1512 1549 1594 τῇ

491 1616 634 1698 έκκλησίη
648 1617 882 1693 καθεστηκότων,
895 1616 1117 1698 ἆρχαιοτρόπως
1132 1618 1215 1691 ἴσως,
1226 1617 1436 1698 ἀποφαίνεται.
1457 1618 1548 1681 άλλιὶ

490 1725 558 1805 περὶ
572 1724 628 1802 μὲν
644 1722 763 1803 Πατρδς
781 1723 829 1785 καὶ
843 1724 917 1786 rtet
934 1724 1066 1802 εὐσεβῶς
1083 1726 1254 1805 πρεσβεύει·
1279 1723 1360 1801 πλὴν
1374 1726 1418 1787 ὅτι
1435 1726 1549 1792 οὐσίας

490 1837 542 1899 δύο
563 1834 611 1897 καὶ
630 1834 735 1914 φύσεις
755 1834 806 1896 δόο
827 1832 921 1914 λέγει·
946 1838 986 1920 τῶ
1005 1838 1056 1913 τῆς
1076 1835 1179 1900 οὐσίας
1201 1835 1247 1897 καὶ
1267 1836 1386 1914 φύσεως
1403 1836 1546 1913 ὀνόματι,
1561 1855 1600 1894 ιο

489 1945 528 2010 ῶς
550 1946 642 2022 δῆλον
664 1943 697 2005 ἔκ
720 1967 751 2005 τε
775 1947 832 2005 τῶν
859 1941 1012 2020 ἑπομένων
1032 1943 1080 2004 καὶ
1099 1942 1328 2022 προηγουμένων
1345 1945 1546 2024 τοῦχωρίου,

490 2054 556 2118 ἀντὶ
578 2056 629 2130 τῆς
651 2049 852 2127 ὑποστάσεως,
872 2052 921 2115 καὶ
943 2052 999 2133 οὐχ
1022 2052 1060 2117 ὡς
1081 2053 1110 2114 αἱ
1128 2049 1235 2137 Ἀρείιρ
1257 2054 1545 2131 πρασανακείμενοι,

489 2166 651 2249 χριόμενος.
689 2166 756 2244 περὶ
784 2163 886 2242 μέντοι
911 2167 963 2225 τοῦ
991 2163 1165 2241 Πνεύματος
1191 2165 1365 2243 ἐπισφαλῶς
1391 2163 1464 2226 λίαν
1491 2167 1546 2228 καὶ

490 2280 645 2353 δυσσεβῶς
665 2273 841 2354 δογματίζει.
864 2271 1088 2351 ὐποβεβηκέναι
1108 2275 1165 2352 γὰρ
1186 2271 1257 2336 αὐτὸ
1277 2275 1327 2350 τῆς
1346 2277 1399 2335 τοῦ
1418 2274 1546 2353 Πατρὸς

491 2386 539 2448 καὶ
554 2385 628 2447 ‘rtet
642 2382 814 2463 ἆποφάσκει
832 2384 926 2461 δόξης.
951 2382 1016 2464 ἔχει
1034 2384 1066 2444 δὲ
1085 2385 1194 2465 χρῆσιν
1212 2384 1254 2447 εἰς
1269 2381 1323 2445 τὸν
1341 2382 1447 2461 λόγον,
1465 2384 1501 2446 οὐ
1524 2385 1545 2463 ἡ
1561 2415 1569 2452 ι
1576 2412 1594 2471 5

491 2492 652 2575 ἐπιγραφὴ,
668 2494 720 2558 Eis
733 2491 768 2553 τό
784 2494 858 2554 κατὰ
874 2496 1002 2565 Λαυκᾶν,
1019 2490 1053 2555 δι’
1070 2492 1105 2570 ἧς
1125 2491 1189 2555 ἐστὶ
1210 2485 1367 2574 παριστᾷν·
1391 2493 1436 2554 ὅτι
1451 2493 1470 2571 ἡ
1488 2497 1545 2571 τῆς

490 2604 604 2669 εἰκόνος
618 2601 687 2681 τιμὴ
702 2602 750 2664 καὶ
764 2602 876 2680 ἀτιμία,
892 2606 944 2664 τοῦ
959 2602 1150 2681 πρωτοτόπου
1163 2603 1227 2664 ἐστὶ
1248 2603 1312 2681 τιμὴ
1329 2600 1347 2681 ἢ
1364 2602 1459 2666 πάλιν
1475 2606 1542 2668 άτι-

488 2716 550 2793 μία.
573 2714 772 2776 ὐπαινίττεται
783 2714 815 2774 δὲ
829 2712 923 2785 αὐτος,
939 2715 1014 2776 κατδ
1024 2712 1077 2775 τδν
1087 2710 1263 2793 Ὠριγένους
1273 2716 1376 2786 ὐθλον,
1388 2714 1435 2777 καὶ
1447 2714 1543 2795 πρού-

488 2830 595 2903 παρξιν
609 2828 725 2904 ψυχῶν.
751 2822 815 2903 ἔχει
833 2826 865 2884 δὲ
886 2822 935 2885 καὶ
953 2825 986 2885 έν
1006 2826 1046 2908 τῶ
1067 2824 1109 2888 είς
1125 2822 1160 2884 τδ
1176 2822 1290 2905 Πάσχα
1306 2824 1353 2886 καὶ
1371 2824 1424 2885 τὸν
1437 2821 1541 2903 Ὠσηὲ

488 2933 580 3014 λόγῳ,
600 2933 671 3011 περί
688 2955 720 2993 τε
741 2936 799 2992 τῶν
821 2930 1004 3008 ποιηθέντων
1023 2933 1178 3012 Χερουβὶμ
1197 2933 1236 3017 τῷ
1258 2936 1375 3002 Μωσεῖ,
1398 2933 1446 2995 καὶ
1469 2936 1541 3013 περὶ
1554 2961 1594 2999 20

487 3044 539 3118 τῆς
554 3044 605 3102 τοῦ
619 3038 729 3117 Ἰακὼβ
744 3038 865 3117 στήλης·
887 3040 921 3100 ἐν
937 3039 980 3104 oie
995 3039 1048 3118 τὴν
1062 3043 1118 3117 μὲν
1133 3042 1254 3119 ποίησιν
1269 3040 1365 3103 αὐτῶν
1380 3042 1538 3122 ὁμολογεῖ,

487 3150 657 3228 οἰκονομίας
677 3150 709 3210 δὲ
729 3149 811 3232 λόγῳ
832 3152 1060 3229 συγχωρηθῆναι
1079 3156 1283 3232 ματαιολογεῖ,
1300 3152 1340 3215 ὡς
1359 3151 1446 3213 οὐδὲν
1463 3155 1536 3234 (for.

487 3352 594 3406 quoque
609 3335 732 3459 martpris
749 3335 777 3387 in
795 3351 929 3388 sacrarum
944 3335 986 3388 lit·
1036 3334 1176 3403 itatdits)
1187 3352 1257 3396 vero,
1268 3334 1354 3457 utpui
1367 3334 1431 3387 Ario
1444 3334 1537 3389 adhae-

487 3414 603 3459 teramm
627 3414 672 3459 stu
692 3406 717 3459 io
741 3403 886 3467 doctorem,
908 3414 987 3475 atque
1036 3413 1103 3457 rent.
1117 3404 1299 3457 Veruntamen
1325 3402 1537 3472 eSp'un‘tusanc-

488 3475 674 3530 Alexandrinae
704 3475 801 3529 scholae
831 3475 986 3545 praefectum
1036 3483 1064 3528 to
1080 3474 1226 3543 periculose
1244 3474 1332 3535 nimis,
1345 3482 1423 3544 atque
1508 3495 1537 3529 rn
1553 3486 1589 3542 ²⁵

486 3546 569 3600 fuisse
593 3546 693 3613 ferunt)
719 3546 840 3598 Volumere
863 3544 986 3597 ίίδτοτυοι
1036 3544 1077 3613 pie
1099 3543 1192 3596 docet:
1218 3543 1284 3596 dum
1308 3543 1380 3596 hunc
1403 3543 1432 3596 in
1443 3544 1537 3600 erioris

485 3616 627 3669 duodecim.
665 3614 756 3685 Stylus
778 3615 816 3667 illi
836 3615 933 3677 clarus,
955 3632 985 3668 sc
1036 3632 1093 3667 esse
1117 3614 1217 3683 gloriae,
1239 3631 1320 3683 quam
1344 3614 1378 3666 sit
1401 3612 1487 3677 Pater,
1509 3625 1537 3669 et

486 3686 652 3755 perspicuus,
663 3693 689 3736 et
701 3684 777 3753 quasi
786 3691 881 3752 sponte
890 3683 984 3745 fluens,
1038 3683 1128 3746 Filius,
1141 3682 1262 3736 affirmat.
1291 3683 1379 3736 Habet
1388 3683 1449 3736 item
1459 3685 1535 3738 testi-

486 3753 553 3806 nihil
568 3753 728 3822 exquisitum
745 3770 799 3873 pme
818 3769 846 3804 se
862 3752 921 3813 sert,
939 3752 985 3805 sed
1036 3754 1156 3806 monium
1168 3752 1303 3823 quoddam
1319 3754 1346 3805 in
1361 3770 1392 3806 eo
1404 3753 1473 3805 libro
1488 3756 1535 3825 qui

486 3824 559 3875 velut
570 3840 602 3875 ex
614 3830 733 3889 ternpore
756 3838 831 3883 usus,
841 3821 943 3888 placide
955 3839 985 3875 sc
1036 3823 1190 3876 inscribitur
1198 3823 1225 3877 in
1236 3840 1330 3892 evang.
1341 3822 1430 3884 Lucae,
1438 3839 1470 3876 ex
1480 3842 1535 3894 qno
1546 3847 1590 3902 30

485 3891 588 3953 leuiter,
603 3891 754 3960 sensimque
768 3888 892 3943 decurrit.
930 3890 985 3943 En·
1036 3892 1217 3947 demonstrare
1232 3893 1300 3955 licet,
1313 3892 1436 3959 imaginis
1448 3892 1534 3946 hono-

486 3959 655 4030 thymematis
673 3968 770 4021 autern,
789 3959 812 4012 si
830 3960 889 4029 quis
908 3961 984 4023 nlius,
1036 3979 1091 4015 rem
1119 3972 1145 4015 et
1171 3962 1375 4026 irreverentiam,
1400 3965 1535 4033 prototypi

485 4030 600 4083 maxime
618 4027 745 4083 abundat.
783 4028 900 4083 Plurima
917 4047 983 4101 quo·
1035 4050 1092 4085 esse
1108 4032 1246 4093 honorem,
1259 4032 1314 4085 sive
1330 4032 1535 4086 irreverentiam.

504 4117 538 4154 ue
550 4109 645 4171 praeter
658 4117 689 4153 ea
700 4117 761 4170 (μου
772 4100 801 4153 in
815 4100 923 4153 ecclesia
935 4100 984 4154 ho·
1036 4101 1186 4156 Obscurius
1207 4100 1302 4155 deinde
1323 4102 1401 4154 etiem
1420 4101 1472 4162 hic,
1493 4121 1534 4156 se-

484 4118 529 4225 iis
545 4170 655 4231 obtinet,
667 4169 748 4223 veteri
764 4169 883 4223 fortassis
901 4188 982 4233 more,
1035 4170 1153 4225 cundum
1174 4172 1298 4241 origenis
1320 4189 1414 4241 nugas,
1434 4171 1535 4226 indicat
1545 4194 1586 4251 35

485 4240 574 4294 tradit.
612 4240 653 4294 De
673 4239 750 4293 Putre
769 4250 856 4293 temen
874 4251 900 4292 et
919 4240 985 4294 Filio
1034 4242 1136 4294 animas
1156 4242 1330 4311 prmexistere.
1370 4241 1400 4293 In
1420 4259 1451 4293 co
1470 4260 1535 4296 vero

504 4311 528 4365 ie
547 4309 639 4372 credit,
658 4309 710 4363 nisi
729 4308 802 4380 quod
822 4309 984 4364 substantias
1033 4311 1110 4373 libro,
1124 4329 1204 4382 quern
1223 4311 1248 4363 in
1269 4310 1375 4380 pascha,
1390 4320 1416 4364 et
1434 4310 1535 4366 Ossam

484 4328 560 4443 guas,
573 4378 736 4450 totidemque
750 4388 858 4433 naturas
873 4397 931 4434 esse
944 4379 983 4433 di·
1035 4380 1189 4503 prophetnm
1212 4380 1327 4450 scripsit,
1384 4381 1403 4433 it
1427 4397 1534 4451 quoque

485 4449 537 4502 cit:
555 4448 711 4503 substantias
720 4458 746 4503 et
755 4459 856 4504 naturse
867 4450 983 4511 nomine,
1034 4450 1067 4503 rie
1106 4450 1227 4505 herubim
1241 4469 1256 4504 n
1272 4450 1349 4503 Mose
1372 4451 1446 4513 actis,
1459 4458 1485 4502 et
1500 4450 1535 4505 de

484 4518 627 4587 (quantum
639 4536 671 4571 ex
684 4519 725 4580 iis,
738 4536 798 4589 quoe
810 4518 882 4573 hunc
894 4520 983 4573 locum
1033 4520 1127 4574 iacobi
1147 4520 1241 4590 lepide,
1256 4520 1303 4574 ubi
1322 4519 1405 4573 suctos
1424 4519 1533 4589 quidem
1544 4546 1587 4598 40

484 4584 645 4639 antecedunt
663 4594 689 4639 et
707 4599 916 4668 consequuntur,
930 4591 983 4642 col·
1033 4590 1092 4643 illos
1120 4591 1224 4653 fatetur,
1249 4600 1275 4643 at
1303 4589 1399 4643 ‹livinse
1427 4599 1534 4644 tuntum

483 4654 587 4725 ligitur)
602 4672 651 4725 pro
669 4655 806 4726 hypostasi
824 4675 907 4719 usum
928 4676 982 4712 non
1033 4659 1205 4727 providentiae
1218 4660 1317 4713 ratione
1329 4659 1411 4713 fuisse
1424 4676 1533 4712 conces-
