3700 5667
644 656 693 718 ΙΝ
719 656 950 719 CONCILIA
976 654 1224 718 CARTHAG.
1398 655 1462 720 137

408 819 442 883 in
457 829 561 884 morte
581 821 769 884 subventum
790 843 858 884 esso
874 820 971 903 lapsis
990 830 1065 885 ante
1082 821 1233 906 Cypriani
1256 828 1411 906 tempora,
1427 822 1460 886 id

409 923 493 1007 quod
516 932 613 1008 negat
634 923 869 1007 Albaspinaeus‚
892 946 999 987 verum
1022 923 1119 987 etiam
1142 924 1278 1007 probare
1300 923 1458 1001 videntur,

408 1023 505 1087 moris
530 1024 627 1089 fuisse
650 1047 705 1089 eos
728 1025 890 1088 absolvere
915 1025 1106 1109 poenitentia
1132 1026 1299 1110 completa.
1345 1026 1458 1090 Palam

407 1138 515 1192 autern
539 1136 601 1205 est,
625 1129 693 1214 ipso
719 1129 830 1192 eodem
851 1128 959 1213 judice
985 1129 1051 1191 viro
1078 1128 1182 1206 docto,
1205 1129 1283 1193 nihil
1304 1130 1412 1194 durius
1437 1154 1458 1196 a

408 1229 567 1316 Cypriane
582 1240 695 1316 postea
710 1252 781 1294 cum
796 1230 893 1315 lapsis
915 1237 1023 1294 actum
1038 1230 1146 1307 fuisse,
1162 1253 1257 1314 qnam
1277 1254 1346 1296 mos
1360 1240 1458 1297 antea

408 1333 542 1397 tulisset.

451 1434 489 1497 P.
505 1456 556 1519 94.
580 1435 599 1498 l.
616 1436 646 1499 6.
670 1435 848 1519 permiserit
871 1435 938 1519 ipse
961 1434 1014 1518 qui
1035 1435 1137 1520 legem
1159 1435 1260 1519 dedit]
1279 1437 1457 1521 promiserit

407 1537 469 1623 ipse
481 1548 508 1601 ct
525 1537 617 1623 dapem
631 1538 756 1613 dedam,
767 1538 903 1622 plurimi
918 1539 1034 1601 aissa
1054 1561 1075 1602 a
1094 1537 1184 1602 Fello
1206 1545 1240 1602 et
1264 1539 1454 1603 Constantio

407 1641 585 1716 memorati,
621 1641 706 1724 qnod
741 1641 838 1705 etiam
867 1641 900 1703 in
932 1648 1055 1704 textum
1084 1642 1204 1725 recepit
1235 1640 1454 1705 Constantius.

408 1741 586 1805 1²th
608 1750 641 1806 et
663 1743 779 1806 dederit
800 1743 913 1806 codices
935 1742 994 1805 dcc
1017 1741 1061 1804 illi
1083 1743 1168 1806 Novi
1192 1742 1329 1827 cellapii,
1355 1744 1454 1806 Moer-

406 1846 610 1928 moesiaeque
625 1867 714 1922 riscus,
730 1846 785 1908 sed
800 1845 878 1908 lacit
898 1867 969 1908 curn
987 1845 1122 1910 lectione
1142 1845 1245 1910 altera
1262 1846 1454 1918 Bromiaeus,

406 1946 481 2010 dum
510 1955 645 2032 praestat
671 1947 723 2011 illo
752 1969 810 2032 pro
836 1949 899 2032 epse
931 1948 1046 2011 tertius
1073 1970 1162 2011 meus
1190 1947 1317 2012 MStns.
1363 1948 1454 2012 Oete

405 2071 476 2113 rum
492 2058 584 2115 notat
599 2051 637 2114 cl.
650 2049 856 2127 Marshallns,
873 2049 1028 2134 Anglicns
1044 2049 1213 2134 interpres,
1233 2051 1454 2133 exponendam

405 2174 473 2216 esse
488 2175 528 2216 ex
544 2151 693 2238 Cypriani
712 2152 825 2217 saltem
846 2150 993 2237 opinione
1014 2151 1053 2214 de
1072 2150 1210 2214 censuris
1232 2150 1454 2216 ecclesiasticis

404 2255 606 2340 ipsarumque
618 2255 814 2319 relaxatione
825 2255 987 2319 coelestem
999 2252 1281 2317 confirmationem.
1313 2255 1363 2317 At
1377 2275 1454 2317 vero

404 2377 467 2419 non
488 2356 589 2419 multo
612 2363 686 2440 post
712 2356 771 2419 hoc
798 2364 925 2441 tempus
948 2355 1109 2433 messuit,
1131 2355 1241 2421 fideles
1261 2377 1370 2420 coram
1387 2357 1453 2442 epi·

404 2479 509 2541 scopo,
534 2458 583 2521 vel
606 2458 802 2543 presbytero,
828 2466 961 2541 peecata
984 2479 1042 2521 sna
1066 2457 1219 2531 confiteri,
1247 2466 1284 2523 ut
1309 2457 1452 2523 remitte-

404 2568 533 2634 rentur3
552 2560 605 2622 sed
621 2560 708 2644 prins
723 2568 797 2624 acta
811 2558 1013 2643 paenitentia,
1026 2580 1063 2622 ac
1075 2581 1208 2645 semper,
1225 2566 1321 2644 prout
1337 2559 1452 2625 docent

403 2666 535 2736 veteres,
562 2660 649 2724 salvo
673 2660 735 2723 Dei
762 2659 891 2744 judicio.
941 2659 1071 2723 Etenim
1095 2667 1223 2724 constat
1246 2683 1285 2722 ex
1311 2660 1453 2725 Socratis

402 2760 552 2835 amaia,
576 2762 596 2824 l.
614 2763 651 2824 V.
675 2784 700 2826 c.
721 2783 767 2845 19.
795 2783 930 2847 quacum
953 2762 1162 2825 conserendus
1185 2769 1235 2826 est
1257 2762 1451 2827 Sozomenus

402 2861 519 2927 LVII.
543 2886 570 2927 c.
587 2866 636 2927 16.
669 2863 879 2928 constitutum
901 2886 971 2928 esse
989 2871 1062 2949 post
1087 2864 1177 2928 Decii
1198 2866 1449 2951 persecutionem

402 2963 432 3027 in
459 2965 667 3030 orientalibus
692 2966 830 3030 ecclesiis
854 2966 1086 3051 presbyterum,
1114 2967 1167 3051 qui
1193 2966 1450 3052 poenitentiarius

402 3067 581 3151 appellatus
596 3076 655 3132 est.

445 3170 529 3233 Ibid.
545 3170 564 3233 l.
581 3192 611 3255 9.
635 3171 718 3235 diem
742 3193 849 3234 rursus
874 3170 1006 3235 alterius
1026 3172 1251 3257 infestationis]
1280 3173 1396 3257 Lapsis
1416 3172 1449 3235 in

401 3273 617 3357 persecutione
637 3273 787 3346 Deciana,
805 3274 943 3336 reditum
963 3274 995 3335 in
1016 3273 1177 3338 ecclesiam
1194 3274 1376 3358 importune
1397 3295 1449 3336 ur-

400 3375 569 3458 gentibus3
600 3375 660 3459 Ep.
688 3398 755 3437 xix.
783 3374 947 3458 respondit
973 3373 1175 3459 Cyprianus:
1209 3385 1324 3458 tempus
1348 3375 1449 3458 speum

395 3475 468 3558 plus
481 3497 573 3560 qoam
581 3485 717 3560 peterent
737 3476 869 3561 ἱανφῗής
896 3477 1052 3560 quodque,
1073 3476 1127 3560 qui
1141 3475 1261 3556 dffari
1275 3495 1334 3536 oca
1341 3482 1449 3557 potest,

394 3587 488 3661 pocae
505 3580 646 3643 mercori
657 3603 667 3640 .·
691 3602 762 3664 qnae
784 3579 918 3644 multum
942 3580 1089 3645 videntur
1111 3579 1231 3643 distare
1253 3579 1294 3643 ab
1317 3579 1355 3642 iis
1377 3600 1448 3663 quae

399 3680 449 3744 hic
470 3681 621 3746 dicuntur
650 3682 689 3745 de
713 3704 791 3768 pace
814 3682 910 3767 lapsis
933 3683 1133 3755 necessaria;
1165 3682 1282 3745 frustra
1302 3682 1401 3745 doceri
1420 3692 1448 3746 ct

393 3784 557 3864 prooocom
582 3783 616 3846 ic
640 3784 815 3867 corsfcssioue
840 3785 971 3848 nominis
993 3785 1167 3869 sanquinem
1184 3785 1327 3868 foedae,
1353 3785 1382 3847 si
1406 3785 1449 3848 eie

398 3883 577 3948 militaturis
593 3885 706 3949 Odrristc'
719 3887 896 3970 mnpciaem
909 3887 1087 3972 menos.
1126 3886 1189 3951 Sed
1211 3887 1330 3970 optime
1345 3886 1447 3950 cohae·

399 3992 470 4049 rent
496 3985 664 4070 utrobique
689 3986 784 4050 dicta.
833 3987 942 4051 Primo
966 3988 1061 4052 aliter
1089 4011 1122 4052 se
1147 3988 1260 4052 hebuit
1287 3987 1447 4071 lapsorum

399 4095 502 4151 status
533 4087 670 4151 durante
698 4087 917 4172 persecutione
948 4088 1102 4165 Deciana,
1132 4097 1167 4153 et
1195 4089 1264 4172 ipsa
1293 4094 1448 4151 cessante.

399 4187 480 4252 Nam
496 4189 549 4272 qui
565 4188 597 4251 in
609 4189 763 4273 judicium
779 4198 912 4253 vocatus
927 4191 1091 4255 mendacio
1110 4214 1143 4254 se
1158 4189 1359 4264 defendebat,
1376 4196 1447 4253 erat

398 4288 531 4353 fortasse
551 4290 725 4355 obstrictus
745 4313 783 4354 eo
799 4291 867 4375 ipso
883 4292 915 4355 in
932 4293 1012 4368 loco,
1028 4314 1135 4356 coram
1154 4291 1262 4354 iisdem
1275 4288 1447 4372 jndicibus,

397 4399 430 4455 et
444 4391 669 4457 circumstante
683 4393 799 4478 populo
814 4394 932 4458 crimen
948 4402 1135 4469 retractare,
1150 4401 1183 4456 et
1199 4391 1322 4477 publice
1336 4412 1447 4454 verum

397 4494 556 4577 profiteri:
581 4495 665 4579 quod
680 4495 773 4559 finita
787 4494 965 4579 cognitione
979 4503 1134 4579 praestare
1149 4493 1251 4557 minus
1266 4493 1444 4557 tenebatur.

398 4595 442 4661 Et
465 4596 536 4660 idco
558 4596 666 4681 lapsus
687 4597 729 4660 ad
751 4597 848 4660 duras
874 4596 954 4661 istas
980 4597 1176 4661 conditiones
1200 4617 1264 4659 non
1290 4601 1361 4659 erat
1387 4595 1447 4659 eti-

439 4719 506 4761 von.
523 4723 569 4763 ιιι.
908 4723 926 4762 r
