3700 5667
475 671 525 732 IN
552 667 785 733 SYNODUM
811 667 1186 732 ANTIOCHENAM.
1290 669 1354 731 345

352 840 388 901 P.
405 858 479 923 309.
494 839 514 901 l.
532 859 562 920 9.
586 836 800 921 προτρέψηται]
822 837 976 918 προτρίψῃ
994 837 1039 899 ed.
1057 836 1156 921 steph.
1173 844 1207 901 et
1221 837 1353 919 Nioopd.

306 945 339 1000 et
354 935 483 1018 Syooell.
501 935 586 1018 quod
606 934 638 997 in
659 956 749 997 suom
771 934 847 998 edit.
863 934 1024 997 revocavit
1044 935 1217 1009 strothius,
1233 935 1289 998 sed
1311 935 1355 998 ul·

306 1043 408 1099 terum
431 1035 597 1097 lectionem
628 1033 822 1097 Vulesiouom
844 1035 974 1098 firmant
992 1036 1092 1098 MSS.
1109 1034 1200 1098 Bodl.
1219 1042 1253 1099 et
1270 1036 1355 1098 Nor-

298 1136 374 1219 sok.
412 1135 516 1199 Addit
537 1135 700 1198 Burtonus
720 1135 803 1198 codd.
823 1135 910 1199 Med.
928 1138 1015 1199 Μαι.
1029 1136 1137 1200 Fuket.
1153 1136 1354 1200 Flowotioos·

307 1260 377 1321 que.
400 1237 549 1319 προτρέπῃ
565 1237 625 1300 eod.
650 1238 750 1300 γυναι.

352 1341 435 1404 Ibid.
452 1340 502 1423 δν]
530 1339 661 1404 Omittit
686 1339 812 1424 Nicept.
833 1340 1021 1425 paulopost
1042 1342 1090 1404 καὶ
1110 1343 1217 1408 ταύτας
1236 1346 1356 1422 τρυφῶν

307 1442 396 1504 idem.
422 1441 553 1504 Srnoru.

352 1543 432 1606 Ibid.
448 1542 468 1606 l.
490 1563 537 1605 11.
553 1544 592 1608 ὡς
607 1543 783 1630 γέγραπται]
802 1544 957 1628 Intelligit
971 1545 1085 1619 looum,
1102 1547 1155 1631 qui
1172 1548 1310 1614 habetur
1324 1550 1356 1613 in

308 1667 376 1729 cap.
393 1666 464 1706 xxv.
481 1644 705 1708 Eoolesiustioi.
753 1646 823 1708 Aut
844 1655 930 1708 certe
952 1646 1053 1709 iooum
1075 1669 1113 1709 ex
1133 1670 1201 1732 oap.
1219 1651 1260 1713 vi.
1278 1653 1356 1714 Pro·

308 1749 495 1811 verbiorum.
525 1750 684 1810 Vrunsrus.
736 1747 840 1831 Supra
865 1751 906 1813 είς
931 1750 1019 1811 ταύτὸ
1042 1747 1117 1813 MS.
1136 1752 1273 1834 Norsolo.
1298 1776 1356 1837 pro

308 1849 436 1935 vulgato
451 1853 494 1917 είς
509 1851 607 1922 ταυτδ,
624 1850 680 1912 sed
696 1852 722 1912 εἰ
737 1851 785 1912 καὶ
800 1851 950 1913 mendose
967 1871 1024 1933 pro
1039 1853 1156 1930 γυναικὶ
1171 1853 1247 1916 MS.
1263 1855 1356 1919 Bodl.

353 1952 436 2016 Ibid.
451 1952 471 2014 l.
493 1971 539 2035 ¹3·
563 1952 617 2030 τὴν
639 1951 726 2035 ὄψιν]
749 1955 801 2017 τὰς
823 1955 910 2033 ὄψεις
932 1954 1007 2015 MS.
1022 1952 1114 2016 Bodl.
1153 1954 1256 2020 Addit
1271 1955 1354 2021 Bur·

308 2065 403 2115 tonus
417 2052 502 2116 oodd.
518 2052 605 2115 Med.
622 2053 710 2115 Μαι.
725 2053 833 2116 Fuso.
849 2052 1115 2137 Florouioosque.

353 2154 437 2217 lbid.
469 2154 491 2217 l.
517 2172 566 2237 15.
603 2154 936 2237 ὑπερεμπιμπλείμενος]
974 2157 1271 2237 ὑπερεμπιπλάμενοι
1307 2160 1355 2224 ed.

308 2255 410 2340 steph.
442 2255 561 2318 Melius
580 2255 612 2317 iu
633 2253 739 2318 oodioe
754 2254 839 2318 Μαι.
856 2262 890 2319 et
910 2254 992 2319 Fuk.
1010 2256 1160 2321 scribitur
1177 2261 1358 2341 δπερεμπιμ-

308 2357 468 2435 πλάμενος,
485 2377 579 2439 quem
597 2377 704 2418 vocem
726 2378 788 2418 non
807 2354 1031 2420 intellexerunt
1046 2356 1246 2442 interpretes.
1291 2363 1356 2424 Ar·

307 2465 410 2543 guunt
437 2465 547 2542 putres
578 2458 726 2534 Paulum,
757 2458 841 2541 quod
871 2457 1025 2521 formosus
1054 2458 1201 2523 mulieres
1232 2482 1358 2546 semper

309 2582 414 2624 seeum
434 2560 589 2631 haberet3
613 2559 708 2644 idque
728 2559 806 2622 luxu
827 2559 981 2636 diffluens,
997 2566 1031 2624 et
1050 2559 1120 2623 vino
1139 2568 1236 2647 utque
1255 2565 1356 2649 epulis

309 2684 377 2726 sese
401 2661 610 2754 ingurgitans,
633 2682 703 2745 quae
726 2660 865 2724 libidinis
891 2660 1049 2725 incentivu
1074 2670 1159 2726 sunt.
1194 2665 1356 2732 Vetusius.

310 2762 397 2825 Dum
425 2762 552 2825 editioni
581 2758 680 2843 soph.
708 2759 911 2824 consentiunt
936 2761 1011 2823 Mu.
1037 2760 1173 2845 Norsole.
1201 2765 1357 2848 Syncellw

310 2862 570 2947 Niceptonuque,
589 2861 779 2924 restituente
799 2861 831 2925 id
852 2861 1008 2937 Strothio,
1025 2869 1138 2927 eontra
1159 2862 1245 2929 favet
1268 2866 1358 2931 Vale-
1473 2894 1481 2907 ·

309 2967 405 3028 αἰαιιιν
419 2964 546 3028 lectioni
562 2964 642 3028 MS.
657 2963 754 3026 Sooil.
772 2984 828 3028 seu
842 2964 936 3026 Bodl.
952 2963 1005 3048 qui
1020 2964 1118 3029 hebet
1133 2966 1268 3045 divisim,
1283 2971 1357 3052 ὑπὲρ

311 3064 559 3143 ἐμπιμπλάμενος.
598 3064 704 3128 Addit
719 3063 882 3128 Burtonus
899 3064 985 3127 codd.
1001 3066 1090 3129 Μαι.
1105 3066 1212 3130 Foho.
1228 3068 1309 3132 Pur.
1329 3089 1355 3133 1.

319 3168 418 3230 Venet.
433 3166 700 3249 Fureutioooque,
715 3186 787 3228 oum
803 3164 934 3228 valesio
948 3166 1109 3231 facientes.

355 3267 437 3331 Ibid.
460 3267 479 3329 l.
499 3267 547 3329 16.
572 3270 646 3330 οὕτω
671 3269 703 3328 δὲ
731 3267 785 3344 τὴν
808 3269 968 3346 τυραννίδα
992 3270 1040 3330 καὶ
1063 3270 1241 3333 δυναστείαν
1266 3272 1355 3335 αὐτοῦ

309 3368 509 3452 πεφόβηνται]
525 3370 599 3431 οὕτω
620 3370 652 3430 δὲ
672 3367 726 3445 τὴν
745 3370 923 3430 δυναστείαν
943 3368 1031 3430 αὐτοῦ
1051 3370 1221 3449 πεφόβηται
1240 3373 1287 3434 καὶ
1302 3373 1356 3450 τὴν

310 3471 467 3549 τυραννίδα
481 3468 527 3533 ed.
543 3468 643 3553 soph.
683 3468 802 3531 Nostro
817 3467 912 3530 leotio
928 3475 1020 3531 extet
1034 3468 1066 3531 iu
1082 3469 1211 3554 Nicepd.
1227 3472 1356 3554 Syooell.

312 3569 476 3655 Odrutopd.
499 3571 595 3633 Loco.
618 3578 651 3633 et
672 3568 718 3632 ed.
746 3568 869 3632 Vaksii.
893 3589 968 3630 mox
990 3570 1029 3635 ὡς
1051 3569 1207 3649 εἰρήκαμεν
1226 3573 1355 3657 Nioepd.

310 3673 444 3736 Snnorn.
491 3671 638 3735 Firmout
661 3693 786 3755 quoque
808 3670 929 3734 Vulesii
951 3669 1119 3734 lectionem
1142 3674 1241 3737 MSS.
1262 3675 1294 3737 B
1333 3674 1355 3738 ί.

309 3784 342 3839 et
358 3774 452 3859 Nors.
468 3773 527 3836 etsi
543 3773 574 3834 in
589 3772 640 3835 his
658 3772 770 3836 addita
787 3780 837 3837 est
853 3773 1013 3857 particula
1028 3774 1077 3837 καὶ
1091 3781 1167 3838 ante
1183 3775 1236 3853 τὴν
1250 3802 1355 3858 τυραυ·

310 3879 386 3939 νίδα.
425 3873 538 3950 Addit,
555 3874 611 3936 sed
634 3873 701 3937 sine
723 3876 763 3960 τῷ
787 3875 842 3945 καὶ,
867 3873 1031 3937 Burtonus
1051 3875 1136 3939 νοτία.
1157 3878 1245 3942 Moe.
1268 3881 1354 3942 Med.

319 3979 422 4041 Vertat.
443 3975 709 4058 Florentiooeque,
728 3976 804 4039 dum
826 3975 923 4038 refert
946 3975 1074 4038 codicem
1094 3978 1202 4041 Porio.
1219 3981 1356 4063 priorum

310 4081 427 4142 habere
452 4077 507 4154 τὴν
532 4074 556 4138 δ’
581 4077 670 4138 αὐτοῦ
695 4078 743 4139 καὶ
766 4101 827 4156 τνρ.
854 4084 928 4156 πεφ.
953 4083 988 4140 ot
1011 4098 1103 4140 vooes
1126 4084 1285 4157 τυραννίδα
1308 4086 1356 4147 καὶ

309 4181 457 4244 omittere
471 4177 555 4241 codd.
573 4179 644 4261 Ενρ.
662 4186 695 4241 et
713 4177 822 4240 Porio.
836 4175 1044 4260 posteriorem.
1061 4178 1250 4256 πεφόβηνται
1272 4199 1356 4241 mor·

308 4280 373 4366 gini
386 4279 517 4364 αααιιιρῐί
530 4278 736 4362 Scoliooriuoi
749 4279 819 4341 odit.
835 4276 938 4360 Supte.
955 4276 1151 4359 adsoriptum
1166 4284 1226 4342 est.

354 4385 391 4446 P.
407 4401 481 4465 310.
496 4380 517 4443 l.
536 4399 565 4444 2.
579 4380 632 4443 τδυ
646 4378 751 4463 ἄνδρα]
767 4379 821 4442 τδν
835 4378 928 4442 abest
943 4399 964 4440 a
978 4378 1051 4440 MS.
1069 4377 1206 4460 Norsolc.

354 4483 439 4547 Ibid.
454 4482 475 4545 l.
485 4501 515 4561 4
533 4481 775 4563 ἔξορχησάμεναν
789 4480 823 4542 τὸ
837 4478 1011 4562 μυστήριον]
1020 4476 1233 4560 Ἐξορχεΐσθαι
1246 4483 1356 4564 μυστή-

310 4610 375 4668 ριον
398 4583 525 4669 proprio
547 4582 588 4646 ds
611 4603 650 4647 eo
672 4580 800 4658 dioitur,
820 4580 874 4664 qui
897 4600 950 4643 res
971 4600 1107 4644 aroenae
1129 4601 1185 4644 seu
1206 4585 1358 4667 mysteria

354 4707 422 4750 von.
439 4705 484 4748 ιιι.
802 4701 860 4764 ry
