3700 5667
395 667 460 730 352
729 661 1110 725 ANNOTATIONES

395 833 548 898 “Mariae
575 831 761 897 secundario
782 839 910 896 tantum
935 831 1030 895 fuisse
1054 831 1190 908 dieantur,
1215 851 1299 908 eum,
1326 837 1364 895 ut
1391 831 1452 916 ipsi

396 947 415 972 “
431 934 612 1018 opinantur,
635 931 817 1017 passionum
837 931 1054 1017 principaliter
1075 932 1161 996 haud
1182 953 1297 1016 expers
1319 931 1451 996 suerit’'

397 1037 460 1100 Sed
474 1036 535 1098 hoo
551 1033 709 1118 posterius
724 1033 811 1096 haud
829 1033 991 1096 affirmant
1005 1033 1045 1097 de
1062 1032 1172 1096 Verbo
1188 1032 1258 1098 Deo
1273 1041 1399 1118 putres,
1414 1042 1451 1098 ut

395 1138 489 1201 modo
512 1133 644 1198 ostendi.
691 1133 874 1217 Contraque
895 1153 956 1217 ego
978 1133 1117 1196 nondum
1139 1132 1290 1218 intelligo.
1315 1133 1391 1210 etsi,
1413 1149 1450 1197 ut

394 1237 440 1301 ait
455 1235 645 1299 Theodotus
660 1233 849 1317 Aneyranus
865 1231 897 1294 in
911 1232 1026 1316 Εσροι.
1043 1229 1178 1314 θγικὸσέὶ
1193 1232 1323 1295 Νἱσσιιὶ
1339 1233 1371 1313 φ.
1381 1253 1414 1317 3.
1430 1233 1449 1310 ἥ

396 1341 438 1404 εἰς
453 1337 535 1401 Θεὸν
548 1335 656 1400 έυωσις
667 1335 719 1397 οὐκ
731 1335 857 1413 άφίησιυ
872 1335 914 1399 εἰς
929 1334 1086 1412 άυθρωπον
1099 1334 1195 1410 μόνον
1205 1332 1449 1413 περιγράφεσθαι

394 1440 432 1501 τὸ
453 1436 621 1514 παθήματα,
638 1433 724 1496 haud
738 1454 811 1496 vere
833 1439 867 1495 et
889 1431 1067 1496 orthodoxe
1086 1440 1256 1516 utrumque
1274 1433 1350 1510 diei,
1365 1434 1448 1496 For-

394 1547 493 1600 mae-ue
515 1545 556 1600 ost
572 1532 792 1619 ρήασιραῐίέσν
806 1539 841 1596 at
858 1533 941 1596 tonso
955 1533 990 1595 ιἰι
1004 1541 1124 1606 υσαθτκ
1148 1544 1177 1598 et
1193 1532 1298 1598 habito
1315 1535 1448 1598 τουκιιιάσ

394 1636 520 1711 ratione,
537 1634 605 1697 haee
627 1640 688 1708 est,
707 1633 767 1696 Dei
790 1653 861 1695 oum
885 1633 1012 1695 homine
1033 1633 1204 1717 conjuncti,
1220 1635 1305 1698 Deus
1317 1635 1392 1718 seit
1413 1636 1449 1698 ιἰι

394 1747 495 1801 oerore
514 1757 581 1798 eam
595 1734 782 1797 humanitate
801 1734 984 1816 conjunctae,
1000 1734 1074 1810 sive,
1089 1736 1131 1798 ab
1146 1735 1215 1819 ipso
1228 1736 1448 1821 ooneeptionis

395 1844 557 1902 momento
579 1835 694 1898 unitus.
741 1833 857 1918 Neque
875 1834 1080 1899 Antiocheno
1100 1835 1200 1913 ἱκέταο,
1215 1859 1286 1922 quae
1301 1838 1343 1901 de
1357 1846 1448 1902 utra·

396 1963 456 2026 que
486 1946 612 2014 natura,
641 1958 704 1999 non
733 1937 773 1999 de
803 1957 951 2020 persona,
973 1936 1102 2012 Christi,
1123 1946 1233 2022 agirnt,
1260 1959 1333 2001 eum
1361 1959 1450 2002 oom-

395 2043 543 2107 munione
568 2041 754 2103 idiomatum
779 2038 964 2102 discordant
975 2062 985 2113 ;
1016 2038 1105 2122 eujus
1131 2038 1257 2123 quidem
1281 2039 1447 2124 egregiam

395 2144 639 2228 explicationem
662 2141 814 2226 praestitit
837 2162 908 2204 oum
933 2139 1009 2203 alibi
1034 2148 1103 2204 tum
1126 2162 1200 2205 vero
1224 2141 1256 2204 in
1279 2140 1363 2204 libro
1387 2162 1448 2205 auo

396 2245 492 2310 tertio
512 2243 720 2328 Εαρσκὶτίοαίο
742 2242 919 2306 Οτνόυθαυω
938 2241 1033 2305 Fidei
1047 2244 1191 2308 «loannes
1211 2242 1445 2316 Damaseenua

396 2348 449 2411 ubi
479 2354 650 2431 postquam
679 2346 710 2408 in
740 2367 808 2428 oap.
829 2366 881 2426 49.
908 2343 964 2427 (al.
990 2349 1035 2427 2.)
1060 2345 1128 2409 haeo
1156 2346 1197 2409 de
1225 2345 1448 2409 inoarnatione

396 2449 512 2533 posuit,
528 2449 563 2511 οὐ
583 2451 641 2529 γὸρ
661 2446 875 2531 προϋποστάσῃ
898 2447 960 2508 καθ
977 2447 1085 2524 ἑαυτὸν
1104 2449 1192 2528 σαρκὶ
1208 2449 1306 2527 ἠνιάθη
1327 2449 1345 2510 ὀ
1362 2446 1448 2513 Θεὸς

396 2552 504 2630 Λόγος,
522 2548 591 2611 ἀλλ’
607 2547 764 2625 ένοικήσας
779 2548 812 2609 ἐν
826 2551 862 2632 τῇ
876 2547 984 2627 γαστρὶ
998 2555 1050 2629 τῆς
1064 2549 1150 2629 ὸγέας
1164 2546 1323 2629 παρθένου,
1340 2548 1446 2628 άπερι-

396 2651 533 2732 γράπτως
548 2651 581 2711 ἐν
596 2653 630 2728 τῇ
647 2651 751 2711 ἑαυτοῦ
765 2647 941 2721 ὑποστάσει,
952 2650 984 2711 ἐκ
999 2655 1058 2712 τῶν
1073 2651 1167 2731 ὸγέων
1180 2653 1231 2728 τῆς
1245 2647 1446 2730 άειπσρθένου

397 2751 538 2829 αἱμάτων,
562 2750 664 2831 σάρκα
685 2749 883 2832 ἔφυχωμέυην
905 2753 990 2831 ψυχῇ
1011 2752 1118 2838 λογικῇ
1139 2751 1239 2814 τεκαὶ
1259 2749 1350 2830 νοερᾷ
1371 2751 1445 2812 ὑπε-

397 2852 540 2929 στήσατο,
554 2851 602 2914 ite
616 2851 721 2933 pergit
736 2850 874 2912 seribere
888 2870 957 2934 eap.
969 2871 1022 2932 51.
1046 2854 1183 2929 Θεότητο
1197 2853 1253 2930 μὲν
1267 2851 1322 2914 οὖν
1335 2849 1445 2930 λέγον-

396 2976 455 3021 τες,
473 2952 507 3011 οὐ
524 2950 760 3027 κατονομάζομεν
778 2950 866 3028 αὐτῆς
882 2955 918 3015 τὸ
934 2957 984 3031 τῆς
999 2955 1222 3035 άνθρωτάτητος
1237 2954 1385 3032 ἰὸιάματα·
1410 2952 1446 3014 οὔ

396 3054 454 3131 γὸρ
477 3053 577 3131 φαμὲν
601 3054 738 3129 Θεότητα
759 3053 902 3129 παθητὴν,
925 3052 944 3131 ἢ
967 3054 1095 3131 κτιστήυ·
1119 3052 1186 3117 οὔτε
1207 3056 1240 3116 δέ
1262 3057 1312 3132 τῆς
1334 3039 1447 3134 σαρκὸς

396 3152 460 3230 ἤτοι
475 3155 526 3228 τῆς
541 3153 764 3232 άνθρωπότητος
781 3159 1001 3234 κατηγοροῦμεν
1012 3159 1049 3218 τὸ
1063 3159 1114 3233 τῆς
1129 3156 1280 3233 Θεθτητος
1294 3157 1446 3234 compara.

397 3255 431 3317 οὐ
452 3257 509 3335 γὸρ
529 3257 629 3334 φαμὲν
649 3255 756 3335 σάρκα,
776 3255 841 3332 ἤτοι
862 3257 1073 3335 άνθρωπότητα
1091 3258 1240 3320 άκτιστον.
1269 3257 1316 3320 ἐπὶ
1340 3259 1372 3319 ti
1394 3262 1446 3334 τῆς

396 3355 601 3432 ὑποστάσεως,
617 3354 672 3439 κᾷν
692 3358 724 3418 ἐκ
745 3361 796 3418 τοῦ
817 3358 1055 3439 συναμφοτέρου,
1073 3356 1127 3440 κᾷν
1146 3361 1177 3436 ἐξ
1193 3359 1260 3424 ένὸς
1274 3364 1332 3421 τῶν
1346 3364 1445 3438 μερῶν

396 3461 504 3537 ταύτην
519 3457 727 3537 ὀνομάσωμεν,
743 3457 919 3538 ἀμφοτέρων
939 3464 998 3521 τῶν
1018 3460 1140 3538 φύσεων
1158 3462 1195 3521 τὸ
1214 3461 1357 3536 έὸιόματα
1371 3459 1444 3536 αι’πῇ

397 3566 574 3643 ἑπιτίθεμεν.
598 3565 646 3626 καὶ
660 3567 718 3644 γὸρ
736 3566 752 3625 ὀ
769 3563 908 3643 Χριστὸς,
925 3560 998 3639 άπερ
1015 3560 1079 3621 ἐστὶ
1093 3560 1127 3622 τὸ
1143 3560 1379 3640 συναμφότερον,
1396 3560 1444 3622 καὶ

398 3665 478 3730 Θεὸς
499 3667 547 3728 καὶ
568 3648 722 3744 άνθρωπος
741 3666 873 3746 λέγεται,
890 3661 938 3726 καὶ
955 3660 1071 3726 κτιστὸς
1086 3661 1134 3722 καὶ
1153 3661 1298 3733 άκτιστος,
1316 3660 1365 3723 καὶ
1384 3684 1442 3723 πα-

397 3766 484 3840 θητὸς
503 3766 552 3827 καὶ
571 3765 695 3841 άποθής.
719 3766 767 3828 καὶ
784 3769 857 3830 ὅταν
877 3768 908 3844 ἐξ
930 3763 996 3829 ἑνὸς
1016 3768 1074 3825 τῶν
1090 3768 1198 3843 μερῶν,
1212 3764 1276 3828 υἱὸς
1294 3767 1379 3827 Θεοῦ
1396 3763 1445 3826 καὶ

398 3863 477 3930 Θεὸς
496 3865 681 3943 ὀνομάζηται,
698 3867 817 3949 δέχεται
832 3871 869 3930 τὸ
888 3871 939 3944 τῆς
959 3865 1214 3944 συννφεστηκυίος
1233 3865 1353 3945 φθσεως
1367 3865 1444 3927 ἴδιά·

395 3989 485 4043 ματα,
502 3965 567 4044 ἤτοι
586 3970 637 4043 τῆς
658 3970 776 4048 σαρκὸς,
794 3970 874 4036 Θεὸς
893 3967 1025 4044 παθητὸς
1042 3967 1268 4045 ὀνομαζόμενος,
1283 3968 1331 4030 καὸ
1347 3968 1445 4047 κθριος

396 4070 447 4145 τῆς
462 4065 548 4148 δόξης
563 4069 795 4149 ἐσταυρωμένος,
812 4071 846 4134 οὗ
867 4070 940 4133 καθὸ
959 4068 1050 4146 Θεὸς,
1065 4069 1148 4131 άλλὸ
1168 4068 1241 4131 καθὸ
1262 4068 1309 4131 καὶ
1328 4069 1443 4148 άνθρο·

396 4192 460 4234 πος.
486 4171 502 4231 ὀ
519 4169 614 4241 αὐτὸς,
626 4171 674 4233 καὶ
689 4171 761 4233 ὅταν
777 4172 931 4250 ἄνθρωπος
946 4170 1069 4236 noiolio
1084 4171 1240 4249 άνθρόπου
1255 4169 1444 4248 ὀνομάζηται,

397 4267 516 4350 δέχεται
538 4273 576 4333 τὸ
598 4275 649 4347 τῆς
671 4273 751 4337 θείας
773 4273 877 4337 οὐσίας
900 4273 1041 4351 ἰδιώματα
1064 4272 1111 4333 καὶ
1136 4270 1300 4352 αὐχήματα,
1321 4273 1442 4335 παιδίον

396 4372 583 4447 προσιώνιον,
601 4371 649 4432 καὶ
666 4372 818 4451 άνθρωπος
837 4374 977 4455 άναρχος,
994 4373 1029 4435 οὐ
1045 4373 1118 4435 καθὸ
1137 4373 1255 4434 παιδίον
1270 4373 1319 4434 καὶ
1333 4373 1446 4452 άνθρω-

339 4498 341 4502 >
396 4492 460 4543 πος,
477 4470 557 4532 άλλὸ
573 4470 646 4532 καθὸ
668 4471 747 4537 Θεὸς
765 4471 807 4535 ὣν
821 4475 997 4553 πραοιάνιος
1017 4473 1145 4554 γέγονεν
1160 4471 1205 4536 ἐπ’
1222 4473 1360 4555 ἐσχάτων
1374 4498 1445 4537 παι·

396 4569 471 4631 δέον.
493 4570 540 4632 καὶ
556 4570 641 4636 οὸτός
657 4571 741 4634 ἐστιν
755 4573 771 4633 ὀ
786 4573 892 4651 τρόπος
906 4577 958 4652 τῆς
972 4574 1161 4649 άντιὸόσεως,
1173 4569 1313 4650 ἑκατέρας
1327 4572 1448 4651 φθσευς
