3700 5667
393 650 436 713 68
739 648 1091 714 ANNOTATIONES

392 818 553 882 remantem
575 815 723 880 traditona
736 816 841 900 suerit
860 814 1020 902 baptisato,
1039 826 1171 881 wentana
1190 826 1392 902 memus,
1410 827 1444 882 ut

393 927 447 982 out
464 917 643 1002 ntppleotur
657 940 679 981 a
692 916 785 994 nobis,
800 927 856 981 aut
869 939 891 980 a
904 918 1037 981 Doaniao
1055 917 1254 1002 supplendum
1268 927 1443 982 neemiam

394 1019 591 1083 Novatianus
612 1019 722 1102 itaqua
743 1017 794 1081 hio
816 1017 964 1103 arguitur
983 1018 1179 1095 aCornelio,
1193 1019 1277 1103 quod
1298 1040 1370 1082 oum
1392 1039 1445 1081 ur-

392 1129 488 1207 gente
502 1120 604 1184 morbi
620 1119 808 1184 neoessitate
823 1121 856 1183 in
870 1121 954 1184 lento
970 1119 1152 1204 baptizatus
1169 1119 1282 1184 fuisset
1296 1121 1338 1185 ab
1354 1142 1445 1184 exon

394 1224 482 1287 oistis
508 1222 561 1307 qui
587 1222 674 1286 illum
697 1223 853 1288 curabant
878 1223 954 1304 (hoo
980 1222 1064 1286 euim
1089 1222 1232 1286 indicant
1257 1225 1355 1288 verba
1376 1223 1446 1308 ejus

395 1325 553 1411 epistolae)
571 1332 684 1409 postea
700 1333 889 1410 recuperata
903 1324 1086 1388 valetudine
1101 1345 1163 1387 non
1178 1324 1310 1388 adiisset
1324 1325 1446 1410 episeo-

396 1449 484 1512 pum,
500 1435 537 1490 ut
550 1426 671 1510 reliqua
686 1426 835 1511 baptismi
857 1426 1010 1490 solemnia
1031 1426 1204 1510 suppleret,
1221 1427 1306 1510 quod
1320 1427 1446 1492 ecolesi-

398 1530 500 1594 astioa
524 1528 634 1613 regula
664 1528 878 1613 praeripiebat.
923 1530 1019 1593 (lerte
1038 1529 1070 1591 in
1093 1529 1222 1593 (lenone
1236 1546 1288 1610 47.
1312 1528 1445 1593 Consilii

398 1631 603 1696 Laodioensis
625 1630 657 1693 id
678 1630 796 1694 diserte
822 1629 1015 1715 praeoipitur,
1040 1638 1073 1693 et
1098 1630 1130 1693 in
1157 1630 1261 1713 eapite
1285 1630 1447 1695 tricesimo

396 1740 508 1797 oetavo
525 1731 655 1796 (louoilii
672 1731 871 1796 Eliberitani.
896 1731 1059 1794 Varenus.
1104 1731 1157 1795 De
1172 1732 1352 1816 hujusmodi
1368 1733 1447 1818 bap-

397 1834 494 1898 tismo
516 1832 631 1896 dubius
656 1838 769 1916 postea
796 1832 936 1918 Magnus
960 1831 1152 1917 Cyprianum
1179 1833 1348 1909 oonsuluit,
1371 1835 1450 1918 qaid

395 1937 458 2021 ipsi
476 1935 591 2000 doillis
605 1933 770 2010 rideretur,
785 1934 887 2019 quiin
907 1934 1084 2016 testandae
1103 1944 1131 1998 er
1152 1934 1294 2020 despuere
1311 1937 1448 2019 qratiam

397 2038 458 2102 Dei
473 2045 698 2121 omnequuntur,
713 2057 755 2099 on
770 2035 897 2099 tatem
911 2036 972 2099 sint
987 2036 1114 2122 optimi
1129 2037 1309 2111 Christiani,
1325 2039 1451 2122 eoquod

398 2163 481 2226 aqua
494 2140 627 2204 salutari
641 2160 700 2202 noa
715 2137 921 2214 latinitatem
930 2138 1063 2222 perstiti.
1102 2140 1207 2202 Notat
1222 2147 1255 2202 et
1270 2138 1449 2222 Cyprianus

401 2243 504 2327 Epist.
523 2245 573 2324 76.
597 2241 656 2325 ipsi
671 2241 866 2323 respondens
881 2240 942 2304 hoo
957 2241 1042 2304 aliud
1058 2242 1098 2304 de
1112 2241 1225 2305 iisdem
1239 2241 1449 2307 dubitationis

401 2366 512 2431 genus,
540 2346 594 2407 Aa
619 2343 763 2407 σοιιιιιιιιί
787 2351 856 2406 sunt
878 2343 999 2427 quidem
1025 2343 1161 2429 pretinm
1184 2343 1374 2421 dominicam,
1399 2345 1453 2408 sed

398 2446 530 2510 breviore
544 2454 570 2508 ιι
584 2445 698 2508 minore
712 2465 852 2508 masura
867 2445 1000 2508 ιιιιιιιιιίι
1013 2445 1115 2509 divini
1129 2467 1167 2509 ae
1177 2446 1316 2530 spiritus
1325 2447 1424 2510 sanni
1438 2474 1449 2510 .-

400 2557 434 2612 ιιι
454 2545 623 2610 debeantur
636 2545 756 2630 quidem
773 2545 954 2621 Christiani,
968 2568 1028 2610 noa
1048 2548 1110 2611 siat
1130 2557 1229 2611 tamen
1251 2549 1355 2612 ισισιπζι
1375 2570 1450 2612 coae·

400 2651 529 2738 quoadi.
583 2651 760 2735 Cyprianus
785 2657 892 2713 autem
919 2648 995 2712 ibid.
1021 2649 1231 2713 Christianum
1251 2649 1395 2734 judicare
1417 2673 1452 2714 se

398 2752 544 2817 resoribit
559 2753 695 2838 quisquis
705 2752 806 2835 sunit
819 2752 854 2813 ιἰι
869 2751 992 2815 ecoksia
1012 2751 1071 2836 laps
1084 2761 1112 2815 et
1121 2751 1196 2834 jare
1205 2750 1291 2838 fidei
1310 2752 1451 2816 divinam

397 2855 534 2940 protiom
557 2863 733 2929 σσπιιιιιιιιι,
757 2875 814 2916 neo
835 2852 1059 2937 anibigendum
1084 2875 1152 2917 esse
1174 2854 1250 2938 quin
1274 2853 1451 2939 legitimum

400 2957 443 3019 sit
462 2954 623 3040 baptisma
643 2976 700 3039 per
718 2954 954 3038 adspersionem
974 2977 1029 3019 seu
1050 2955 1238 3019 infusionem
1257 2962 1452 3040 susceptum,

400 3081 438 3122 ao
453 3059 579 3121 demum
600 3057 634 3119 ιἰι
648 3056 731 3119 null)
750 3057 891 3120 mutilati
912 3066 940 3120 et
960 3056 1117 3121 mutavi
1135 3081 1218 3143 posse
1239 3059 1349 3123 divim
1371 3057 1453 3123 berse-

389 3160 484 3245 fioio.
532 3158 594 3222 Sed
610 3180 712 3242 neque
727 3156 893 3221 Cornelius
913 3181 996 3223 nune
1011 3182 1052 3224 an
1073 3161 1295 3244 baptismalem
1314 3161 1452 3245 gratiam

401 3268 589 3325 consecutus
614 3267 698 3324 osset
722 3259 934 3338 Novatiauus,
959 3261 1030 3326 ideo
1053 3262 1190 3339 dubitat,
1212 3264 1287 3347 quia
1311 3262 1363 3326 ille
1387 3284 1452 3326 uon

401 3364 486 3439 lotus,
501 3364 557 3427 sed
573 3363 718 3447 perfusam
732 3370 828 3438 esset,
846 3362 906 3426 hoe
926 3371 976 3428 est
998 3364 1073 3447 quia
1094 3363 1288 3447 baptismum
1311 3385 1368 3448 per
1391 3365 1450 3428 ad·

401 3467 606 3551 sparsionem,
628 3486 690 3527 non
717 3486 773 3549 per
793 3463 1027 3529 immersionem
1054 3465 1263 3550 suscepisset;
1298 3466 1354 3529 sed
1380 3487 1453 3530 eam

403 3570 444 3632 ob
470 3590 609 3642 oausam,
640 3567 681 3629 ob
712 3588 807 3650 quam
836 3567 1092 3630 Neooaesariense
1116 3568 1281 3631 concilium
1308 3568 1385 3633 Gan.
1402 3588 1452 3634 12.

401 3668 581 3755 hujusmodi
597 3668 755 3731 homiuem
777 3668 966 3754 presbyterii
989 3669 1108 3732 honore
1123 3669 1286 3754 indignum
1303 3669 1450 3754 judicat:

402 3773 476 3857 quio
491 3771 636 3834 videlieet
655 3770 743 3852 bajus
756 3771 837 3850 fides
857 3792 915 3833 aon
935 3780 976 3834 ost
994 3792 1030 3833 ισ
1050 3769 1146 3834 libera
1167 3771 1326 3847 animitate,
1343 3772 1398 3835 aad
1417 3794 1454 3836 ea

401 3875 579 3946 momsitate,
605 3872 656 3935 οὐκ
678 3874 710 3934 ἑκ
730 3873 931 3954 προαιρέσεως
951 3874 1048 3954 γὰρὴ
1076 3875 1175 3938 πίστις
1200 3873 1300 3946 αὐτοῦ,
1326 3872 1394 3936 ἀλλ’
1420 3872 1456 3953 ἐξ

405 3978 544 4056 donysii.
583 3972 649 4036 Ubi
665 3973 745 4036 etin
760 3980 946 4036 transcursu
961 3974 1128 4036 observare
1144 3973 1217 4036 lieet
1232 3995 1340 4036 vocem
1355 3976 1455 4040 πίστις

403 4100 461 4162 pro
484 4075 634 4161 baptismi
661 4075 812 4138 vocabulo
837 4074 992 4159 usurpari.
1039 4075 1088 4138 Eo
1112 4083 1220 4139 autem
1245 4076 1367 4158 aequior
1391 4074 1454 4138 fuit

404 4177 540 4244 Cornelii
561 4176 731 4254 dubitatio,
748 4177 834 4260 quod
849 4177 879 4240 N
881 4177 1047 4240 ovatianus
1064 4200 1085 4241 a
1103 4178 1216 4240 morbo
1233 4176 1455 4240 convalescens

405 4302 476 4363 quae
491 4279 551 4343 sibi
567 4280 700 4343 deerant
714 4278 860 4363 supplere
876 4278 1024 4363 neglexit.
1048 4278 1221 4343 Gousrsur.

449 4382 487 4444 P.
500 4396 550 4465 25.
562 4381 582 4443 l.
593 4402 624 4465 5.
640 4387 692 4444 τοῦ
708 4407 740 4444 τε
756 4385 981 4461 σφραγισθῆναι
992 4383 1050 4444 ὑπὸ
1065 4386 1116 4444 τοῦ
1132 4381 1307 4464 ἐπισκόπου]
1319 4379 1456 4443 Rufinus

405 4484 473 4547 haeo
489 4481 585 4544 verba
601 4482 641 4545 de
656 4481 818 4566 signaculo
832 4481 1012 4547 chrismatis
1032 4484 1263 4568 interpretatus
1278 4493 1338 4546 est.
1384 4481 1456 4566 Ego

405 4582 638 4669 impositionem
669 4604 819 4647 manuum
852 4584 1004 4670 intelligo,
1036 4608 1099 4671 qua
1128 4585 1267 4671 episoopi
1299 4583 1456 4668 Spiritum
