3700 5667
558 634 742 698 CONCIL.
767 636 1017 701 CARTHAG.
1036 638 1092 702 IV.
1288 640 1353 703 103

305 807 385 883 Qum
410 810 488 869 anto
517 805 625 869 oculos
652 804 807 871 babentes
829 815 863 871 et
890 807 1022 874 sollicite
1047 831 1086 873 ac
1111 808 1256 894 religioso
1279 832 1353 874 con-

305 919 491 993 siderantes,
512 915 817 981 inordinationibus
841 919 1043 984 sacerdotum
1069 942 1133 983 non
1158 920 1219 984 nisi
1243 920 1353 986 imma·

305 1025 428 1091 culatos
449 1034 483 1091 ct
502 1027 643 1112 integros
664 1028 828 1093 antistites
850 1027 966 1114 eligere
988 1029 1150 1107 debemus,
1165 1030 1219 1115 qui
1242 1039 1353 1097 sancta

305 1145 340 1203 et
360 1138 456 1224 digne
477 1137 632 1202 sacrificia
647 1138 717 1203 Deo
739 1139 907 1203 offerentes
929 1140 1032 1203 audiri
1056 1139 1089 1203 in
1112 1140 1258 1225 precibus
1281 1165 1353 1227 pos-

278 1248 369 1315 saint
392 1271 471 1333 quas
491 1249 612 1315 faciunt
635 1272 693 1335 pro
717 1251 817 1336 plebis
833 1251 1008 1316 Dominicae
1029 1250 1259 1328 incolumitate,
1281 1274 1353 1317 cum

305 1359 457 1444 scriptum
472 1361 533 1425 sit:
560 1362 656 1425 rDeus
663 1371 850 1447 peccatores
864 1383 923 1426 oms
936 1362 1049 1435 audin
1070 1362 1124 1426 ssd
1135 1362 1163 1425 si
1177 1363 1244 1448 qast
1252 1364 1353 1427 Deum

305 1470 430 1534 wluerit
458 1480 486 1535 ct
513 1474 694 1536 whcctatem
720 1471 785 1555 spus
801 1472 925 1555 feccrit,
950 1471 1039 1536 illum
1060 1472 1160 1536 cadit.
1214 1474 1354 1559 Propter

305 1583 391 1666 quod
411 1583 505 1667 plena
524 1583 688 1669 diligentia
707 1591 741 1648 et
758 1583 978 1668 exploratione
1001 1583 1125 1648 sincera
1147 1590 1276 1668 oportet
1299 1605 1354 1648 eos

305 1693 347 1757 sd
376 1693 588 1757 sacerdotium
614 1693 674 1757 Dei
704 1692 799 1777 deligi
829 1715 908 1777 quos
937 1715 958 1757 a
983 1693 1054 1757 Deo
1083 1699 1209 1758 constet
1237 1693 1352 1758 audiri.

258 1801 372 1865 10Neo
390 1802 450 1866 sibi
473 1802 563 1888 plebs
585 1803 770 1870 blandiatur
793 1805 883 1889 quasi
905 1804 1054 1868 immunis
1075 1827 1144 1869 esse
1163 1827 1184 1869 a
1205 1804 1353 1891 contagio

304 1913 411 1978 delicti
433 1915 533 1999 possit
549 1937 620 1979 cum
640 1916 805 1981 sacerdote
828 1924 995 2001 peccatore
1010 1915 1246 1980 communicans
1260 1922 1294 1979 et
1311 1915 1353 1979 ad

304 2024 457 2110 injustum
479 2014 578 2112 at'que
603 2027 746 2092 illicitum
776 2027 940 2114 praepositi
965 2027 1013 2090 sui
1036 2027 1254 2112 episcopatum
1281 2047 1354 2089 oon-

305 2157 431 2201 sensum
458 2159 550 2202 suum
579 2140 794 2216 commodans,
818 2139 946 2224 quando
970 2161 1028 2225 per
1053 2140 1135 2204 Osee
1163 2138 1354 2224 prophetam

304 2247 511 2312 comminetur
525 2255 559 2314 et
574 2249 661 2314 dicat
681 2271 814 2315 censura
829 2250 947 2327 (lirina,
962 2249 1147 2332 'Sccnflcia
1168 2271 1271 2313 eoram
1285 2259 1353 2313 taa-

258 2372 293 2434 15
304 2381 396 2445 quom
404 2361 503 2445 ponis
518 2360 623 2440 boas,
632 2384 730 2426 omrws
739 2363 793 2447 qui
806 2363 995 2427 maurimont
1008 2384 1045 2425 cu
1058 2358 1354 2438 abominabantur,

303 2472 421 2535 doeens
443 2470 561 2537 scilicet
580 2480 614 2537 et
637 2473 807 2538 ostendeus
834 2495 944 2538 omnes
969 2472 1096 2537 omuino
1121 2472 1164 2536 nd
1185 2477 1352 2557 peccatum

304 2582 476 2668 constringi
491 2584 544 2669 qui
566 2582 685 2648 luerint
707 2585 863 2670 prophani
885 2592 919 2650 et
934 2583 1044 2671 injusti
1064 2583 1239 2648 sacerdotis
1258 2582 1353 2647 sacri-

304 2690 375 2755 ficio
404 2691 624 2756 contaminati.
672 2693 780 2774 tQuod
808 2692 886 2757 item
915 2692 949 2756 in
979 2691 1127 2756 Numeris
1156 2690 1353 2755 manifestari

304 2801 488 2881 invenimus,
515 2803 643 2888 quaudo
668 2802 773 2869 Chore
802 2811 836 2869 et
864 2803 998 2868 Dathan
1025 2810 1060 2867 et
1087 2802 1211 2867 Abiron
1240 2809 1354 2867 contra

258 2926 296 2967 πο
304 2912 415 2978 Aaron
445 2915 644 2979 sacerdotem
672 2914 870 2979 sacrificandi
901 2914 962 2979 sibi
990 2914 1151 2979 licentiam
1176 2912 1352 2978 vindicave-

304 3033 390 3090 runt.
437 3025 505 3090 Illic
520 3048 645 3112 quoque
667 3048 725 3112 per
739 3025 886 3111 Moysem
909 3025 1061 3110 praeeepit
1077 3025 1233 3090 Dominus
1253 3032 1291 3089 ut
1309 3023 1352 3088 ab

305 3133 350 3198 eis
376 3136 512 3221 populus
539 3143 714 3221 separetur,
744 3158 785 3200 ne
813 3135 999 3202 facinorosis
1028 3135 1215 3220 conjunctus
1240 3134 1353 3197 eodem

304 3244 445 3309 facinora
472 3252 506 3310 et
537 3245 605 3330 ipse
641 3245 885 3332 perstringatur.
945 3245 1154 3331 Separamiai,
1187 3243 1301 3326 inquit,
1330 3265 1352 3306 a

304 3352 505 3420 rabmaalb
522 3355 627 3420 domm
644 3355 796 3420 dominum
815 3356 1057 3431 dariaiosorum,
1077 3362 1105 3417 st
1121 3351 1212 3415 nolite
1231 3361 1353 3435 lcopm

258 3473 341 3539 θεοῦ
354 3486 425 3551 quoe
436 3465 484 3530 od
494 3487 540 3530 cos
551 3466 769 3551 pertinentes
786 3464 880 3529 simsd
890 3464 1026 3550 percotis
1048 3463 1083 3526 ia
1096 3470 1220 3547 peccato
1241 3481 1352 3526 corum.

305 3575 444 3662 Propter
454 3578 538 3662 quod
553 3578 642 3662 plebs
653 3578 830 3667 obsequens
839 3574 1009 3662 praeceptis
1020 3572 1195 3638 Dominicis
1204 3580 1237 3637 et
1247 3571 1351 3636 Deum

303 3695 447 3753 metuens
465 3710 488 3753 a
504 3695 672 3774 peccatore
695 3687 866 3774 praeposito
893 3707 1042 3771 separare
1061 3706 1096 3748 ss
1116 3684 1221 3756 debet,
1240 3704 1298 3747 neo
1318 3704 1353 3747 se

303 3800 345 3864 ad
381 3799 527 3884 sacrilegi
557 3799 733 3864 sacerdotis
769 3797 925 3862 sacrificia
953 3796 1096 3873 miscere,
1126 3795 1254 3880 quando
1284 3793 1353 3877 ipsa

303 3910 440 3975 maxime
460 3911 580 3975 habeat
601 3918 796 3995 potestatem
811 3911 859 3974 vel
881 3908 1017 3994 eligendi
1038 3908 1150 3993 dignos
1170 3905 1353 3970 sacerdotes

255 4021 349 4095 sorel
364 4021 510 4107 indignos
524 4022 702 4087 recusandi.
747 4022 841 4104 Quod
860 4029 894 4086 et
913 4021 1017 4106 ipsum
1032 4020 1173 4086 videmus
1190 4019 1230 4081 de
1245 4016 1353 4080 divina

302 4132 496 4197 auctoritate
522 4133 725 4209 descendere,
747 4139 786 4196 ut
814 4132 963 4196 sacerdos
989 4130 1080 4216 plebe
1105 4134 1265 4211 praesente
1290 4127 1351 4190 sub

302 4244 443 4308 omnium
464 4243 564 4308 oculis
582 4243 749 4329 deligatur,
766 4250 799 4309 et
815 4243 929 4329 dignus
949 4248 1048 4325 atque
1070 4239 1202 4303 idoneus
1224 4235 1353 4322 publico

297 4354 418 4439 judicio
440 4376 481 4420 ac
499 4354 683 4420 testimonio
705 4355 941 4439 comprobetur,
961 4353 1044 4419 sicut
1065 4351 1100 4415 in
1120 4349 1268 4414 Numeris
1287 4347 1352 4410 Do·

434 4587 628 4649 rsoendqr.
735 4588 902 4647 ⁸0seeix.4.
1009 4585 1222 4637 mumanae.
