3700 5667
398 671 450 734 IN
473 670 505 734 S.
523 669 762 733 GREGORII
787 670 993 735 NEOCAES.
1011 671 1080 734 ΕΡ.
1099 671 1270 735 CANON.
1314 668 1380 736 267

330 835 433 912 victis,
463 858 542 921 quos
576 837 608 898 in
640 835 836 900 servitutem*
857 836 1070 913 abduxerant,
1099 834 1244 899 meliores
1275 856 1380 899 mores

329 938 461 1002 eductos
482 937 588 1014 fuisse,
609 937 739 1023 perinde
761 959 799 1001 ac
821 958 928 1001 veram
951 936 1146 1023 religionem,
1169 935 1311 1000 historici
1333 935 1378 1000 fe·

329 1046 414 1103 runt.

370 1141 520 1205 Ceterum
544 1140 676 1217 monuit,
693 1140 747 1203 ubi
770 1162 878 1224 supra,
899 1140 932 1204 in
957 1139 1193 1224 Prolegomenis
1215 1139 1280 1203 suis
1301 1139 1377 1204 Gal·

328 1241 465 1317 iendius,
481 1241 536 1326 qui
558 1241 590 1304 in
611 1241 708 1307 tertio
723 1240 879 1305 volumine
895 1239 1091 1305 Bibliottecae
1106 1243 1242 1305 Patrium
1256 1240 1288 1304 S.
1299 1242 1378 1305 Gre-

328 1343 421 1429 gorii,
436 1366 507 1428 quae
529 1351 663 1420 restant,
685 1343 836 1428 opuscula
857 1343 1083 1417 collocantes
1105 1342 1187 1407 hano
1209 1342 1377 1428 epistolam

328 1466 393 1508 una
421 1467 493 1508 cum
517 1445 713 1509 Bolsomonis
737 1455 764 1509 et
788 1446 923 1508 Zonoroe
946 1444 1175 1508 Conmentariis
1197 1444 1378 1509 exhibuisse

327 1568 368 1610 ex
391 1547 540 1630 synodico
562 1548 726 1631 Bcoereqit',
749 1547 872 1611 collatis
894 1546 1024 1630 insuper
1045 1545 1237 1610 editionibus
1259 1545 1378 1610 Parisi-

328 1647 455 1711 ensibus
476 1647 673 1711 Balsamonis
694 1669 747 1711 an.
769 1651 860 1712 1620.
876 1653 910 1711 et
924 1647 1060 1710 Zonarae
1080 1649 1172 1721 1622,
1193 1647 1235 1711 nd
1258 1645 1376 1710 calcmn

328 1770 460 1832 operum
483 1748 724 1834 Thaumaturgi.
771 1751 820 1812 At
838 1770 878 1811 ne
892 1748 989 1811 verbo
1004 1747 1130 1831 quidem
1146 1747 1252 1812 differt
1266 1754 1376 1812 textus

329 1848 561 1934 Bcveregianus
582 1848 615 1912 in
635 1848 694 1913 bac
714 1849 841 1933 quidem
862 1848 997 1934 epistola
1018 1870 1039 1912 a
1060 1848 1292 1913 Parisiensibus
1315 1848 1376 1913 illis

327 1950 519 2014 editionibus
531 1949 731 2015 Balsamonis
746 1950 954 2033 Zonnraeque.
985 1948 1031 2012 Et
1042 1970 1116 2011 vero
1126 1947 1238 2012 melius
1250 1947 1377 2031 fecisset

328 2051 525 2127 Gallandius,
540 2051 567 2115 si
585 2050 726 2136 epistolae
741 2059 876 2127 textum,
891 2050 993 2135 qualis
1010 2057 1103 2114 extat
1118 2048 1151 2113 in
1170 2050 1267 2134 priori
1283 2059 1376 2135 parte

326 2153 469 2236 ejusdem
484 2153 633 2220 editionis
649 2152 838 2218 Parisiensis
853 2151 1013 2229 edidisset,
1024 2172 1088 2214 non
1102 2158 1212 2214 autem
1227 2150 1375 2235 Gregorii

327 2253 558 2340 Thoumaturgi
582 2255 750 2340 epistolam
771 2255 804 2316 in
828 2252 996 2339 posteriori
1022 2259 1115 2338 parte
1139 2252 1375 2316 commentariis

327 2357 462 2419 Zonarae
484 2355 620 2420 cinctam
642 2355 813 2420 lectoribus
839 2355 904 2418 suis
925 2353 1150 2438 proposuisset.
1195 2353 1374 2418 Oontextna

326 2456 410 2519 enim
432 2478 453 2519 a
475 2457 622 2521 Gererdo
638 2458 749 2520 Vossio
767 2456 957 2520 Borchlonio
979 2476 1063 2519 anno
1083 2457 1174 2534 1604.
1197 2453 1374 2539 Mogontiae

325 2578 345 2620 e
374 2557 498 2620 duobus
526 2557 664 2641 scriptis,
693 2560 919 2621 Nomocanone
946 2558 1059 2621 Graeco
1085 2555 1237 2621 eccard.
1266 2554 1373 2619 Sirleti

325 2658 445 2734 codice,
467 2658 603 2742 primum
628 2658 745 2734 editus,
769 2659 882 2723 deinde
908 2659 940 2722 iu
964 2659 1185 2743 prioreparte
1207 2656 1373 2721 voluminis

328 2759 461 2823 Parisiis
476 2781 528 2823 an.
542 2762 634 2825 1622.
650 2782 671 2824 a
687 2760 851 2824 Frontone
866 2760 987 2823 Ducoeo
1001 2757 1166 2842 repetitus,
1176 2758 1375 2823 emendatior

326 2860 553 2938 videturesse,
581 2884 676 2946 quam
702 2863 837 2946 epistole
863 2862 951 2927 istaec
976 2861 1062 2945 apud
1088 2861 1249 2923 Zonaram
1274 2872 1373 2945 atque

324 2963 414 3026 edita
429 2962 571 3027 Concilio
585 2972 710 3027 extens.
756 2965 959 3049 Quapropter
972 2963 1108 3027 eundem
1125 2962 1177 3025 hic
1196 2962 1373 3027 sistendum

325 3062 402 3125 duxi
427 3084 487 3147 ope
513 3085 624 3127 novem
650 3064 791 3129 codicum
816 3064 1018 3148 scriptorum,
1042 3063 1094 3147 qui
1121 3064 1153 3125 in
1179 3062 1373 3128 bibliotheca

325 3173 492 3228 serventur
507 3164 690 3242 Bodleiena,
706 3165 942 3249 castigatiorem
961 3187 1043 3228 nunc
1058 3165 1187 3229 factum.
1233 3164 1285 3228 De
1305 3163 1373 3248 qui·

294 3338 298 3346 Ι
325 3265 385 3329 bus
415 3264 504 3328 libris
532 3287 688 3329 canonum
717 3266 942 3350 manuscriptis
972 3265 1123 3329 nonnulla
1152 3266 1194 3329 ud
1223 3263 1372 3348 Dionysii

325 3367 419 3431 Alex.
441 3366 619 3433 Errsronau
642 3392 684 3430 nn
707 3368 891 3443 Basrtmuu,
907 3366 983 3431 Vol.
1006 3367 1100 3451 hujus
1122 3388 1194 3450 pag.
1213 3382 1284 3450 233.
1303 3365 1373 3449 jum

325 3468 441 3533 notari.
489 3469 719 3533 Multiiormem
741 3470 837 3533 inisse
859 3469 990 3552 hujusce
1012 3466 1155 3551 epistolae
1178 3466 1210 3529 in
1232 3465 1372 3551 singulos

323 3590 462 3632 canones
483 3568 677 3647 divisionem,
693 3577 762 3635 tum
783 3592 823 3634 ex
845 3576 907 3634 vet.
924 3568 1095 3646 codicibus,
1110 3574 1181 3631 tum
1201 3589 1242 3630 ex
1259 3567 1369 3630 editio

324 3670 417 3733 nibus
441 3652 738 3755 commentariisqne
764 3677 909 3756 apparet.
956 3670 1065 3755 Atque
1089 3669 1246 3754 integram
1270 3668 1372 3753 ipsam

322 3772 490 3855 epistolam
512 3795 581 3836 esse
602 3772 656 3836 vix
678 3772 910 3837 affirmaverim.
956 3772 1019 3836 Sed
1042 3779 1161 3846 tamen,
1177 3771 1252 3835 dum
1275 3769 1372 3834 elium

323 3873 482 3956 quendam
497 3875 640 3958 Gregorii
656 3896 808 3940 canonem
822 3880 1050 3939 commemoret
1065 3872 1324 3957 Harmenopulus
1338 3871 1372 3936 in

323 3973 461 4057 spicoma
492 3976 648 4038 Cancrum
675 3975 729 4038 lib.
753 3976 793 4039 iv.
823 3977 908 4061 apud
940 3973 1125 4039 Leunclavii
1155 3974 1217 4037 Jus
1245 3974 1373 4037 Graeoo-

327 4076 503 4139 Romanum
526 4099 557 4161 p.
581 4080 631 4161 63.
657 4078 823 4153 collocata,
847 4077 874 4140 is
900 4077 1008 4161 potius
1033 4097 1190 4140 canonem
1215 4074 1372 4138 decimum

323 4184 475 4261 quartum
489 4179 610 4242 concilii
626 4178 752 4243 Nicaeni
767 4177 925 4241 breviasse
941 4177 1076 4242 videtur.

370 4280 405 4341 P.
424 4283 496 4363 256.
512 4279 532 4343 l.
548 4299 579 4364 5.
596 4281 773 4365 ἐπισκόπου]
793 4279 899 4363 Vulgo
914 4271 1159 4362 ἆρχιεπισκόπου,
1175 4275 1231 4339 sed
1247 4274 1279 4337 in
1294 4274 1372 4338 edit.

322 4379 462 4464 principe
477 4392 574 4466 etque
590 4390 711 4466 septem
723 4381 812 4445 libris
826 4380 1052 4464 manuscriptis
1067 4398 1181 4442 nomen
1197 4379 1371 4450 ἐπισκόπου,

321 4482 407 4564 quod
426 4482 529 4546 verius
548 4489 608 4556 est,
624 4489 727 4546 extat.
772 4481 860 4546 Nam
882 4483 946 4545 duo
968 4489 1096 4545 tantum
1119 4478 1243 4542 codices
1265 4499 1372 4543 nume-

321 4582 365 4647 ris
385 4586 453 4666 158.
469 4591 504 4647 et
522 4604 592 4666 ²05·
617 4583 787 4667 designati,
801 4583 886 4667 iique
906 4582 1022 4648 ceteris
1044 4580 1199 4656 omnibus,
1216 4579 1248 4642 ni
1268 4578 1371 4655 fallor,

793 4707 818 4747 u
833 4706 865 4747 m
882 4704 901 4750 2
