3700 5667
688 677 718 738 S.
744 674 1048 740 VlC'l'ORINUS.
1327 671 1388 740 461

346 840 467 926 mutos)
487 840 668 926 eloquentia
686 840 837 920 instituit,
854 840 961 906 videte
981 839 1153 905 Dominum
1171 861 1205 904 se
1224 860 1292 905 esse
1313 860 1391 905 nun·

344 950 420 1014 cieri
434 950 576 1036 ejusdem
593 951 664 1034 (ior.
680 951 829 1017 nuntiare
843 951 988 1034 eisdem).

388 1058 593 1125 Duodensrio
614 1080 746 1126 numero
768 1060 873 1126 dicere
893 1061 967 1143 (ior.
987 1059 1082 1143 dies),
1097 1066 1135 1126 ut
1156 1080 1254 1145 supro
1275 1079 1392 1124 memo-

344 1170 421 1244 1111,
437 1192 495 1257 per
516 1171 680 1237 duodenas
701 1171 797 1237 horus
818 1170 931 1236 biierie
952 1170 1070 1236 divisus
1091 1176 1142 1236 esi
1162 1169 1241 1235 lueis
1263 1175 1298 1236 ei
1318 1191 1392 1237 noc·
1437 1176 1444 1191 ''

316 1277 396 1364 5iis,
412 1301 471 1365 per
488 1278 548 1345 hus
569 1301 707 1365 nemque
725 1280 822 1345 hores
843 1301 968 1344 memes
989 1285 1024 1345 et
1042 1278 1118 1344 enni
1139 1284 1174 1345 ei
1192 1284 1339 1364 temporo
1357 1285 1392 1344 ei

344 1388 460 1452 saeculs
474 1395 712 1475 computentur.
750 1389 937 1456 Constituis
953 1388 1028 1472 (ior.
1041 1387 1217 1455 Constituti
1237 1387 1391 1472 Wolksr.)

345 1502 420 1561 sunt
434 1496 544 1582 iisque
561 1496 629 1562 sine
645 1496 742 1563 dubio
759 1503 868 1562 sutem
885 1495 1022 1578 (dolend.
1038 1502 1158 1574 eutem,
1172 1497 1218 1562 eit
1238 1495 1393 1583 Walksr.)

345 1605 408 1669 diei
428 1605 531 1692 sngeli
551 1606 728 1685 duodecim,
743 1606 847 1672 noctis
864 1605 969 1692 angeli
989 1604 1168 1683 duodecim,
1184 1628 1243 1693 pro
1259 1628 1392 1673 nomem

345 1715 458 1781 scilicit
470 1716 632 1782 horarum.
676 1719 748 1782 ⁸Hi
770 1724 846 1783 sunt
868 1739 1005 1804 numque
1024 1739 1128 1782 xxuu.
1148 1725 1250 1783 testes
1268 1718 1393 1784 dierum

301 1831 379 1890 roei
398 1825 550 1903 noctium,
566 1826 622 1912 qui
638 1827 751 1892 sedent
769 1833 847 1892 unte
865 1826 1017 1891 thronum
1037 1827 1112 1905 Dei,
1127 1847 1259 1892 corones
1278 1847 1392 1892 eureus

345 1932 378 1996 in
407 1934 566 2019 capitibus
595 1934 660 2000 suis
688 1935 855 2012 hebentes,
884 1956 965 2020 quos
993 1935 1025 1998 in
1056 1935 1104 2017 (in
1133 1933 1256 1999 delend.
1282 1941 1392 2000 monet

354 2043 505 2126 Walker.)
536 2045 735 2130 apocalypsis
762 2043 921 2110 Johennis
952 2043 1089 2130 apostoli
1122 2050 1156 2109 et
1190 2044 1392 2130 evangelistes

345 2154 483 2220 seniores
505 2163 610 2233 vocat,
629 2155 748 2220 ideirco
770 2154 846 2241 quis
866 2155 1008 2220 seniores
1029 2166 1104 2219 sunt
1126 2161 1159 2219 et
1180 2152 1251 2219 eliis
1271 2153 1392 2240 angelis

346 2271 380 2328 et
394 2262 583 2328 hominibus.
941 2262 951 2281 ‘

302 2412 311 2450 1
318 2409 335 2468 5
436 2373 577 2458 Explioit
592 2375 772 2439 Tructetus
788 2371 948 2438 Victorini
962 2375 1003 2438 de
1018 2372 1157 2438 Fubrics
1171 2371 1298 2436 Mundi.

368 2501 486 2560 Primus
502 2522 537 2560 es
554 2501 654 2561 Codice
668 2501 863 2562 Lombeilrano
878 2501 966 2560 edidit
981 2501 1053 2561 Gul.
1069 2501 1178 2560 Curius
1192 2504 1222 2559 in
1237 2499 1372 2558 Historia

700 2605 760 2665 Lis.
776 2604 833 2664 rol.
847 2606 867 2664 i.
884 2625 951 2685 pag.
969 2607 1037 2664 148.

755 2815 969 2866 -4-

345 2998 641 3084 Immremtmm,
665 3018 734 3084 quc
761 2996 908 3083 sequitur,
931 2996 1039 3061 Esaia
1063 3016 1133 3082 cup.
1156 2995 1199 3062 vi.
1224 3015 1338 3061 comm.
1364 3013 1393 3062 2.

388 3118 592 3175 commemoras
609 3109 642 3172 S.
657 3108 864 3191 Hieronymus
877 3106 982 3191 Epist.
999 3105 1045 3170 od
1057 3107 1241 3183 Damascus,
1256 3112 1336 3170 tom.
1348 3104 1392 3169 iii

300 3247 337 3285 20
388 3240 419 3302 p.
434 3219 508 3302 518.
523 3217 570 3282 ed.
586 3217 783 3281 Maniumoei.

389 3357 400 3393 ²
415 3353 479 3417 Sex
493 3353 554 3418 elae
568 3351 623 3415 uni
640 3358 695 3435 (ex
709 3349 904 3436 Seraphim),
918 3357 953 3412 et
967 3369 1024 3413 sex
1037 3349 1098 3414 elae
1112 3348 1215 3413 elteri.
1262 3353 1394 3414 Victori.

347 3484 402 3523 nus
416 3475 515 3524 noster
528 3462 682 3522 duodecim
696 3460 843 3541 apostolos
855 3460 1067 3539 interpretetus
1080 3470 1135 3518 est.

760 3689 983 3722 *-

346 3887 396 3952 De
418 3889 452 3952 S.
473 3886 624 3952 Victorini
645 3886 897 3973 Imupraeatime
917 3883 1110 3950 Emissiunis
1130 3904 1199 3970 esp.
1214 3882 1255 3950 ir.
1278 3904 1391 3950 comm.

393 4018 444 4084 13.
478 3999 531 4063 Ito
550 4000 584 4064 S.
596 3998 725 4064 Hieros.
748 3999 860 4065 Oomm.
879 3996 915 4062 im
934 3994 1108 4063 messam
1127 3994 1174 4061 ad
1191 3994 1244 4062 lor.
1266 4001 1344 4061 iem.
1360 3993 1393 4060 ii.

300 4141 336 4200 25
390 4129 422 4193 P·
439 4125 515 4191 741·

388 4245 531 4322 Origenes
552 4255 583 4304 et
605 4243 777 4303 Victorinus
800 4262 859 4300 non
882 4239 1009 4300 multum
1033 4240 1110 4298 inter
1134 4259 1165 4298 se
1189 4237 1304 4297 diverse
1327 4258 1393 4298 sen.

347 4359 457 4408 serunt.
502 4348 574 4408 Post
590 4347 754 4427 generalem
774 4346 850 4407 enim
870 4344 951 4404 illem
972 4342 1156 4408 sententiam.
1175 4361 1240 4420 quse
1259 4342 1393 4402 omuibus

543 4610 642 4671 nepos
654 4609 686 4656 ir.
701 4626 723 4668 4.
1061 4602 1069 4631 ‘
1084 4602 1116 4652 Is.
1130 4604 1162 4650 ri.
1177 4616 1199 4650 2.
