3700 5667
483 665 547 725 420
744 692 749 701 ·
834 658 1188 723 ANNOTATIONES

484 831 596 908 simile,
616 830 699 895 hune
722 830 834 914 ipsum,
854 831 940 893 hand
963 829 1057 894 aliter
1078 837 1176 914 atque
1198 829 1380 913 Origenern,
1403 830 1446 893 ab
1470 830 1545 894 aliis

482 933 644 1018 culpatum
659 932 766 1004 fuisse,
783 946 816 995 et
831 931 976 995 censoria
990 931 1112 1016 virgula
1127 940 1284 995 notatum.

530 1034 567 1098 P.
583 1032 693 1116 4131.
712 1052 737 1095 1.
754 1043 795 1095 καὶ
809 1047 859 1095 τῶν
873 1046 986 1114 λογικῶν
999 1047 1078 1112 μόνον
1092 1032 1252 1117 ἐπιστατεῖν]
1269 1032 1393 1096 Statuit
1408 1033 1542 1116 quidem

483 1134 649 1220 Origenes,
676 1134 767 1198 utin
794 1132 921 1218 seriptis
946 1135 1014 1219 ejus
1039 1133 1157 1197 versati
1184 1141 1311 1207 norunt,
1337 1132 1471 1195 Patrem
1497 1133 1541 1196 ad

484 1259 588 1312 omne,
605 1235 691 1321 quod
713 1235 833 1311 existit,
853 1236 1038 1321 pervadere,
1055 1235 1170 1298 Filium
1194 1256 1267 1297 voro
1289 1234 1330 1297 ad
1353 1234 1541 1310 rationalia,

484 1340 526 1403 ad
551 1338 634 1402 solos
656 1345 765 1401 autem
792 1347 921 1400 sanctos
948 1337 1100 1401 Sanctum
1126 1336 1290 1422 Spiritum.
1337 1335 1404 1400 Neo
1425 1345 1541 1401 tamen

488 1441 568 1505 velle
591 1462 661 1504 eum
686 1461 811 1524 negare,
833 1440 940 1502 omnia
962 1441 1092 1504 dstote
1112 1439 1229 1503 Triade
1251 1438 1417 1523 praedieari
1432 1461 1541 1524 posse,

485 1545 544 1609 etsi
560 1544 706 1630 quaedam
727 1542 810 1604 Filio
830 1542 1047 1625 assignaverit,
1064 1543 1190 1626 aliaque
1205 1541 1302 1606 tribui
1322 1542 1418 1604 abeo
1437 1541 1542 1626 Spiri-

485 1646 532 1711 tui
559 1646 592 1710 S.
620 1646 754 1719 soleant,
781 1648 906 1729 egregie
936 1645 1104 1709 eoniinnat
1134 1645 1224 1707 nobis
1255 1642 1542 1728 praestantissimus

487 1748 627 1814 Huetius
647 1749 678 1811 in
703 1748 908 1832 origenianis,
930 1747 982 1810 lib.
999 1748 1030 1809 ii.
1047 1769 1116 1831 eap.
1135 1765 1163 1809 α.
1180 1755 1291 1830 quaest.
1308 1745 1338 1808 ii.
1354 1750 1394 1824 §t
1415 1763 1466 1825 27,
1488 1749 1540 1812 28.

484 1875 537 1941 m·
555 1855 609 1932 46,
623 1869 675 1932 47·

530 1957 568 2018 P.
584 1976 658 2030 4¹4·
675 1953 693 2015 l.
716 1974 742 2015 ι.
759 1952 905 2038 ιινολογιῑ]
927 1953 1009 2015 Cum
1029 1953 1088 2016 hoo
1108 1974 1166 2037 pro
1186 1957 1359 2031 καινολογεῖ
1374 1951 1416 2014 ad
1432 1972 1538 2038 marg.

486 2056 592 2120 Photii
606 2056 799 2142 reposuisset
815 2054 1027 2128 Hoesehelius,
1044 2054 1126 2117 idem
1142 2053 1262 2137 recepit
1277 2053 1314 2114 ei.
1332 2051 1515 2117 Bekkerus.

531 2158 610 2222 lbid.
628 2158 647 2220 l.
663 2181 694 2235 4.
716 2158 840 2243 δυνατὴν]
859 2157 913 2220 Al.
933 2156 968 2219 δι’
986 2157 1077 2234 αὐτὴν
1092 2157 1132 2220 ad
1149 2177 1250 2238 marg.
1268 2155 1372 2217 Pharii
1386 2163 1540 2219 notatum

484 2268 544 2325 est.
590 2260 653 2324 Sed
670 2259 845 2322 meliorest
861 2258 954 2322 leotio
971 2268 1107 2343 recepta.

532 2361 613 2426 ibid.
638 2361 656 2423 l.
679 2365 708 2423 6.
733 2371 828 2426 ἄλλοτε
857 2371 885 2424 έν
912 2373 1005 2427 ἄλλοις
1032 2373 1121 2425 τόποις
1149 2357 1390 2441 περιγραφόμενον]
1417 2358 1540 2423 Lucem

485 2466 557 2529 huie
575 2465 660 2528 dieto
681 2487 720 2528 ea
738 2465 874 2528 fortasse
889 2464 1147 2537 commodabunt,
1164 2485 1235 2547 quae
1250 2461 1375 2525 videtur
1395 2461 1540 2526 seribere

484 2566 668 2650 anagogice,
685 2575 720 2630 ut
742 2566 926 2650 loquuntur,
947 2567 987 2628 de
1007 2564 1186 2628 Servatoris
1206 2563 1306 2627 nostri
1327 2561 1538 2646 transfigura-

485 2667 572 2731 tione
587 2668 742 2753 Origenes
756 2669 788 2731 in
801 2679 888 2732 tomo
901 2669 954 2731 xii.
974 2667 1188 2730 Oonrnrenterii
1203 2667 1237 2729 ia
1252 2667 1331 2728 Μαί.
1350 2687 1380 2748 p.
1395 2683 1467 2745 297.
1485 2667 1538 2729 ed.

487 2769 607 2842 Huotii,
625 2792 656 2853 p.
668 2792 687 2853 5
690 2774 742 2853 58.
758 2771 806 2834 ed.
823 2769 994 2833 Delaman.
1011 2771 1093 2832 ἀλλὰ
1108 2770 1195 2831 ἄκουε
1212 2770 1335 2837 τούτων,
1353 2770 1379 2829 εἰ
1393 2770 1537 2843 δύνασαι,

485 2877 692 2946 πνευματικῶς,
712 2869 871 2952 προσέχων
894 2871 963 2948 ἅμα,
983 2873 1028 2933 ὅτι
1052 2872 1104 2933 οὐκ
1128 2873 1238 2950 εἴρηται
1260 2871 1316 2946 μὲν
1341 2872 1537 2945 ἁπαξαπλῶς,

483 2973 707 3049 μετεμορφώθη,
724 2974 798 3046 μετὰ
813 2970 847 3033 δέ
861 2995 941 3035 τινος
955 2973 1120 3050 ἀναγκαίας
1134 2970 1312 3051 προσθήκης,
1324 2971 1361 3047 ἣν
1376 2969 1536 3051 ἀνέγραψε

486 3077 649 3143 Ματθαῖος,
676 3074 723 3135 καὶ
748 3072 880 3152 Μάρκος·
917 3077 991 3135 κατὰ
1013 3076 1071 3154 γὰρ
1098 3072 1295 3153 ἀμφοτέρους,
1319 3074 1537 3152 μετεμορφώθη

484 3174 653 3252 ἔμπροσθεν
668 3173 773 3237 αὐτῶν.
797 3174 846 3236 καὶ
869 3177 942 3236 κατὰ
966 3176 1053 3238 τοῦτό
1075 3200 1110 3255 γε
1134 3177 1211 3253 ε’ρεῖς
1234 3174 1360 3237 δυνατὸν
1383 3172 1458 3236 εἶναι
1481 3174 1537 3236 τὸν

481 3275 602 3353 Ἰησοῦν
619 3276 788 3356 ἔμπροσθεν
802 3275 858 3354 μέν
874 3302 962 3339 τινων
974 3281 1241 3357 μεταμορφωθῆναι
1256 3279 1364 3354 ταύτην
1377 3275 1431 3353 τὴν
1444 3301 1536 3353 μετα-

483 3379 650 3457 μόρφωσιν·
676 3380 845 3459 ἔμπροσθεν
860 3382 893 3441 δὲ
912 3379 1031 3458 ἑτέρων,
1050 3382 1123 3441 κατὰ
1138 3378 1171 3440 τὸ
1187 3378 1258 3441 αὐτὸ
1275 3383 1376 3456 καιροῦ
1389 3377 1429 3455 μὴ
1442 3403 1535 3455 μετα-

483 3486 684 3561 μορφωθῆναι.
732 3483 782 3545 Ι)ο
808 3490 924 3545 natura
951 3489 1058 3544 autem
1085 3480 1226 3562 corporis
1250 3479 1368 3543 Christi
1392 3478 1424 3541 in
1448 3479 1535 3544 huno

484 3582 612 3644 modurn
631 3584 712 3646 adeo
727 3605 850 3646 errasse
866 3583 1047 3667 Origenem,
1063 3590 1099 3644 ut
1115 3582 1216 3665 ipsmn
1232 3581 1307 3643 illud
1323 3581 1408 3644 haud
1424 3603 1535 3644 vorum

482 3704 562 3757 esse,
582 3684 637 3745 sed
661 3685 877 3767 specietenus
897 3706 1064 3767 apparens,
1084 3691 1252 3756 statueret,
1272 3682 1442 3746 adversarii
1463 3682 1535 3765 ejus

483 3781 668 3846 ealmnniari
684 3784 767 3846 soliti
784 3791 869 3846 sunt.

529 3882 609 3944 lbid.
626 3883 646 3945 l.
667 3904 715 3962 14.
737 3888 931 3969 καταφέρεται]
956 3886 1070 3950 Gavius
1093 3887 1178 3950 Hie.
1201 3889 1264 3950 Lir.
1281 3896 1357 3951 torn.
1375 3888 1393 3950 i.
1410 3910 1440 3971 p.
1464 3908 1534 3969 147.

482 4006 510 4046 v.
542 3983 743 4068 Τθοοριιοςτνς,
772 3994 845 4071 post
871 3997 1152 4052 commemoratam
1181 3990 1262 4052 hane
1292 3989 1399 4052 Photii
1426 4011 1535 4052 reeen-

482 4084 611 4160 sionem‚
625 4086 691 4150 ait:
713 4097 733 4124 “
749 4088 830 4153 Ilaee
846 4090 972 4174 quidem
988 4092 1027 4153 de
1042 4091 1246 4176 Theognosto
1261 4092 1391 4175 ejusque
1406 4091 1535 4174 seriptis

482 4196 502 4223 “
521 4189 664 4265 l'hotius,
680 4192 790 4256 durius
811 4192 916 4257 forsan
938 4217 1033 4278 quam
1054 4216 1113 4278 par
1133 4206 1212 4269 erat,
1234 4218 1272 4257 ea
1293 4194 1532 4277 interpretatus.

483 4292 634 4356 “Potuit
656 4294 788 4377 phrases
810 4297 982 4359 admodum
1006 4296 1161 4371 ineautns,
1185 4309 1217 4359 et
1240 4296 1319 4359 satis
1342 4295 1534 4380 periculosas

482 4402 501 4428 “
521 4413 682 4478 usurpare,
700 4399 822 4480 pariter
836 4421 874 4462 ao
892 4420 1002 4461 omnes
1020 4418 1110 4480 prone
1126 4398 1324 4461 Antonio-aeni
1344 4410 1461 4483 patres,
1478 4399 1531 4481 qui

483 4502 501 4528 '‘
520 4514 553 4556 re
583 4497 723 4560 nondum
753 4521 889 4563 excussa
917 4510 951 4562 et
981 4500 1086 4562 ‹ieeisa
1118 4499 1323 4583 seripserunt.
1384 4501 1531 4563 Certede
