3700 5667
413 682 516 746 SYN.
533 683 765 748 ANTIOCH.
781 683 892 747 ADV.
908 684 1117 749 PAULUM
1135 686 1302 751 SAMOS.
1346 689 1413 758 293

362 889 442 956 ραν.
470 857 508 934 ἐν
521 855 707 961 κεφαλαίῳ
725 853 764 934 δέ
781 853 873 935 κατὰ
890 854 933 935 τὸ
947 856 1171 958 εῦαγγέλιον·
1198 878 1216 911 ¹¹
1229 857 1357 938 Πάντα
1370 861 1413 939 δι’

362 990 470 1069 αῦτοῦ
492 990 638 1091 ἐγένετο,
662 993 720 1068 καὶ
746 993 854 1093 χωρὶς
878 991 988 1069 αῦτοῦ
1013 991 1150 1092 ἐγένετο
1175 990 1254 1071 οῦδέ
1277 989 1325 1072 ἐν.
1356 996 1415 1072 καὶ

362 1122 454 1202 κατὰ
467 1123 530 1203 τὸν
544 1120 763 1203 ἀπόστολον·
789 1150 806 1183 ⁰
815 1126 882 1202 Ἐν
896 1125 991 1231 αῦτῷ
1010 1126 1156 1224 ἐκτίσθη
1173 1123 1219 1203 τὰ
1237 1125 1356 1206 πάντα
1369 1128 1416 1206 τὰ

360 1261 398 1338 ἐν
415 1267 488 1344 τοῖς
506 1261 666 1361 οὐρανοῖς
689 1262 747 1338 καὶ
770 1259 817 1339 τὰ
843 1263 900 1339 ἐπὶ
925 1265 989 1358 τῆς
1013 1265 1090 1362 γῆς,
1110 1260 1178 1340 εἴτε
1204 1259 1327 1363 ὁρατὰ,
1346 1261 1413 1341 εἴτε

335 1391 507 1495 5ἆόρατα,
533 1392 601 1472 εἴτε
628 1390 758 1495 θρόνοι,
778 1392 845 1471 εἴτε
870 1396 989 1497 ἀρχαὶ,
1017 1394 1085 1473 εἴτε
1110 1392 1321 1496 κυριότητες,
1346 1396 1413 1475 εἴτε

361 1530 532 1635 ἐξουσίαι·
564 1527 683 1609 πάντα
697 1531 739 1607 δι’
756 1530 876 1626 αὐτοῦ,
893 1534 952 1608 καὶ
971 1537 1019 1613 εἰς
1032 1528 1141 1610 αῦτῦν
1155 1530 1325 1612 ἔκτισται.
1354 1535 1413 1612 οῦ-

361 1698 412 1743 τω
425 1662 473 1761 δέ,
486 1667 533 1748 ὡς
547 1667 692 1764 ἀληθῶς
708 1662 810 1747 ὄντος
823 1667 882 1744 καὶ
891 1667 1128 1767 ἐνεργοῦντος,
1141 1669 1188 1749 ὡς
1201 1664 1325 1767 Λόγου
1338 1666 1413 1768 ἅμα

361 1801 420 1877 καὶ
435 1803 540 1878 Θεοῦ·
567 1801 609 1876 δι’
627 1798 668 1877 οὗ
688 1799 707 1876 ὁ
725 1795 844 1899 πατὴρ
863 1797 982 1877 πάντα
999 1801 1201 1899 πεποίηκεν,
1216 1802 1283 1904 οὐχ
1301 1805 1349 1885 ὡς
1367 1803 1411 1881 δι’

361 1931 526 2035 ὀργάνου,
547 1935 617 2014 οὐδ’
639 1938 687 2018 ὡς
706 1935 748 2013 δι’
769 1932 969 2033 ἐπιστήμης
989 1934 1255 2015 ἀνυποστάτου.
1288 1937 1413 2038 γεννή-

317 2103 495 2153 ιοσαντος
516 2068 581 2168 μέν
598 2079 662 2150 τοῦ
682 2069 819 2173 πατρὸς
841 2067 904 2150 τὸν
922 2071 998 2150 υἱὸν
1017 2074 1065 2155 ὡς
1083 2071 1205 2174 ζῖυσαν
1221 2073 1412 2175 ἐνέργειαν,

361 2207 419 2284 καὶ
437 2204 692 2302 ἐνυπόστατον,
707 2207 918 2308 ἐνεργοῦντα
931 2204 977 2285 τὰ
990 2204 1110 2285 πάντα
1123 2210 1162 2287 ἐν
1173 2214 1300 2287 πᾶσιν·
1333 2210 1413 2314 οῦχὶ

360 2340 559 2433 βλέποντος
587 2338 625 2419 δέ
648 2337 770 2439 μόνον,
791 2339 870 2420 οῦδὲ
895 2339 1072 2443 παρόντος
1099 2340 1210 2441 μόνον
1237 2352 1301 2424 τοῦ
1326 2350 1412 2443 υἱοῦ,

361 2472 461 2553 ἀλλὰ
487 2479 545 2554 καὶ
569 2478 794 2578 ἐνεργοῦντος
818 2471 908 2578 πρὸς
932 2474 999 2574 τὴν
1023 2483 1097 2556 τῶν
1122 2476 1219 2556 ὅλων
1238 2482 1407 2583 δημιουρ·

360 2611 453 2711 γίαν,
472 2615 520 2696 ὡς
542 2613 754 2713 γέγραπται·
785 2608 936 2711 ΡἭμην
959 2613 1043 2714 παρ’
1064 2613 1170 2722 αῦτῷ,
1191 2614 1410 2718 ἁρμόζουσα.

318 2763 351 2827 ¹5
361 2754 488 2825 τοῦτον
506 2745 659 2847 λε’γομεν
676 2743 884 2840 καταβάντα
902 2750 961 2825 καὶ
979 2747 1166 2850 (ὶόφθέντα
1183 2754 1235 2855 τῷ
1247 2749 1410 2853 Ἀβραὰμ

361 2879 451 2984 πρὸς
477 2887 522 2985 τῇ
548 2882 626 2985 δρυῒ
649 2890 712 2961 τοῦ
740 2887 918 2987 Μαμβρῇ,
939 2881 1067 2962 ἑκατὸν
1096 2880 1174 2983 (ἕνα
1202 2891 1275 2964 τῶν
1298 2903 1410 2982 Ιιιιιφ.

364 3015 455 3122 Lat.)
484 3022 602 3118 τριῶν,
630 3013 660 3123 ᾧ
690 3019 738 3101 ὡς
767 3019 890 3124 Κυρίῳ
922 3020 981 3096 καὶ
1012 3024 1113 3122 κριτῇ
1141 3020 1161 3097 ὃ
1188 3019 1412 3126 πατριαρχὴς

362 3305 513 3384 imaginem
527 3315 553 3364 et
571 3305 780 3364 similitudinem
794 3327 858 3365 nas·
909 3307 981 3366 fecit
1001 3307 1099 3372 Pater,
1113 3327 1172 3364 non
1191 3317 1338 3384 tamquam
1358 3329 1410 3387 per

362 3394 444 3443 tram.
488 3386 530 3444 Et
553 3396 587 3444 ut
610 3386 641 3444 in
664 3406 776 3444 summa
799 3385 859 3445 dic.
910 3387 1148 3455 instrumentum,
1158 3407 1253 3463 neque
1262 3399 1410 3464 tamquam

315 3476 353 3514 20
363 3478 425 3523 tum
438 3465 476 3524 ait
487 3466 646 3524 secundum
658 3465 858 3544 evangelium:
910 3487 964 3560 per
987 3466 1145 3535 scientiam,
1160 3486 1219 3524 non
1238 3487 1290 3545 per
1310 3488 1342 3526 se
1360 3487 1410 3526 ex·

365 3545 468 3603 Omnia
489 3566 542 3623 per
564 3546 656 3624 ipsum
669 3545 759 3624 sacta
782 3555 858 3613 aunt,
910 3556 1058 3605 retentem.
1106 3545 1265 3605 Generavit
1292 3548 1410 3624 quidem

362 3634 388 3684 et
412 3625 474 3685 eine
498 3626 560 3704 ipso
573 3625 755 3705 factumest
778 3626 860 3686 nihil.
912 3625 1022 3684 Filium
1042 3628 1129 3685 Pater
1147 3637 1294 3703 tamquam
1313 3638 1411 3686 aetum

363 3705 404 3764 Et
428 3705 587 3764 secundum
613 3706 793 3784 apostolum:
822 3707 860 3766 In
910 3706 1409 3785 viventem,etperaaexiatentem‚

362 3784 424 3864 ipso
438 3787 550 3844 condita
567 3796 633 3844 ςυυι
647 3786 740 3845 manin
756 3807 816 3866 (γοα
830 3787 859 3846 in
910 3786 1012 3845 omnia·
1022 3787 1052 3844 in
1070 3787 1204 3845 omnibus
1222 3799 1409 3866 operantem:

315 3877 351 3935 25
363 3866 438 3923 calin
454 3876 480 3924 et
498 3886 558 3945 qnoe
574 3870 603 3924 in
619 3875 706 3934 terra,
721 3867 780 3926 sive
791 3868 858 3925 visi·
911 3887 969 3925 non
989 3877 1086 3926 autem
1105 3866 1197 3925 solum
1214 3868 1288 3926 vidit
1306 3868 1410 3938 Filius,

362 3946 859 4016 bilia,aiveinviaibiliarivethroni,
910 3967 1005 4024 neque
1025 3946 1118 4006 nolum
1137 3967 1263 4026 proeaena
1282 3949 1340 4007 fuit
1361 3948 1411 4007 Fi·

361 4027 421 4086 τίνι
438 4027 631 4105 principatus,
653 4029 711 4086 sive
733 4028 858 4087 dominu-
909 4027 976 4094 liua,
992 4027 1043 4086 aed
1061 4028 1159 4094 etiam,
1175 4027 1251 4086 aicut
1269 4029 1410 4120 scriptum

362 4106 460 4176 tiones,
483 4108 542 4166 aive
560 4116 736 4185 potestates:
766 4113 858 4167 omnia
909 4118 964 4173 eat,
979 4108 1122 4186 Operatur
1136 4115 1178 4165 est
1192 4108 1231 4165 ad
1240 4117 1408 4167 erenttonem

361 4207 412 4263 per
440 4186 532 4266 ipsum
560 4196 586 4246 et
615 4189 643 4246 in
672 4187 734 4267 ipso
761 4199 859 4247 στιαια
910 4188 1050 4254 uniuersi,
1086 4187 1166 4245 nobis
1200 4197 1409 4265 congruentem.

313 4280 353 4336 30
362 4277 447 4325 sunt:
469 4268 578 4347 quippe
599 4268 649 4345 qui
668 4289 737 4327 vere
756 4279 809 4334 eat,
830 4279 860 4327 et
911 4268 1001 4325 Hunc
1025 4267 1096 4326 dicit
1123 4267 1267 4346 scriptura
1290 4267 1410 4326 deaeen·

361 4359 509 4426 operatur,
533 4359 637 4427 utpote
660 4349 792 4407 Verbum
820 4348 859 4407 ai·
911 4347 996 4414 dinae,
1024 4358 1054 4406 et
1085 4348 1252 4425 apparuisse
1283 4345 1410 4405 Abrahae

362 4427 422 4486 mul
438 4439 468 4488 et
483 4430 575 4498 Deus,
590 4449 642 4508 per
659 4448 746 4505 quem
763 4428 860 4486 omnia
910 4427 947 4486 ad
975 4446 1114 4505 quercum
1139 4426 1293 4492 Mambrae,
1318 4446 1410 4485 unum

493 4585 508 4613 n
521 4573 595 4621 Jonn.
608 4574 624 4621 i.
636 4586 660 4631 3.
1054 4582 1069 4611 ο
1082 4570 1170 4619 Colone
1184 4570 1201 4616 i.
1216 4568 1252 4618 16.

493 4664 507 4700 ν
521 4653 593 4700 Pror.
604 4653 655 4700 viii.
667 4666 707 4713 3⁰·
1056 4661 1069 4698 (ι
1083 4651 1145 4699 Gau.
1157 4649 1227 4706 ινίἱΙ.ι
1240 4665 1260 4698 r.
