3700 5667
396 776 440 836 24
692 769 940 846 RELIQUIAE
967 768 1145 831 SACRAE.

395 978 461 1044 ρας
488 941 558 1020 σύν
581 942 816 1040 θλιβομένοις,
837 939 922 1043 ὑπὲρ
950 939 1015 1023 τὰς
1045 941 1164 1043 χιλίας
1194 939 1440 1020 πεντακοσίας·

396 1078 455 1160 οὓς
473 1077 650 1173 πάνταςῆ
676 1084 739 1153 τοῦ
758 1076 951 1155 Δεσπύτον
978 1073 1081 1178 χάρις
1106 1077 1165 1152 καὶ
1191 1074 1445 1177 φιλανθρωπία

396 1212 586 1317 διατρέφει.
620 1209 661 1289 ὃν
680 1209 759 1289 οὐδὲ
777 1219 932 1288 τοσοῦτο
951 1214 1091 1305 πλῆθος
1110 1210 1168 1286 καὶ
1193 1211 1305 1290 οὕτως
1331 1210 1443 1307 ἀναγ-

397 1354 495 1424 καῖον
523 1349 560 1423 ε’ν
587 1351 632 1449 τῇ
660 1346 845 1450 ἐκκλησίᾳ,
868 1343 926 1422 διά
959 1347 1022 1440 τῆς
1055 1351 1119 1420 τοῦ
1152 1348 1247 1420 Θεοῦ
1279 1342 1447 1441 προνοίας

396 1479 572 1562 πλούσιός
590 1514 628 1558 τε
647 1483 705 1557 καὶ
723 1479 896 1575 πληθύων
914 1475 1074 1579 ἀριθμὸς,
1089 1475 1178 1572 μετὰ
1197 1476 1371 1575 μεγίστου
1390 1476 1470 1563 nais

396 1613 635 1716 ἀναριθμήτον
655 1622 755 1707 λαοῦ,
776 1612 847 1690 ἀπὸ
865 1617 929 1710 τῆς
954 1612 1117 1709 τοιαύτης
1143 1609 1385 1708 ἀπογνώσεως
1409 1642 1447 1685 τε

397 1753 454 1826 καὶ
482 1748 756 1850 ἀπαγορεύσεως
785 1748 956 1852 ἐνέτρεψέ
978 1780 1016 1823 τε
1044 1749 1102 1824 καὶ
1127 1745 1371 1823 ἀνεκαλέσατο
1399 1750 1448 1827 εἱς

395 1881 461 1980 τὴν
479 1884 687 1980 ἐκκλησίαν.

442 2018 498 2079 Kal
514 2019 596 2082 αὖθις
609 2014 673 2095 μεθ’
691 2017 777 2094 ἔτερα
792 2016 904 2080 τούτοις
919 2016 1097 2092 προστίθησι
1112 2017 1212 2075 ταῦτα.

452 2123 495 2205 δ’.
517 2125 607 2224 Φέρε
626 2125 669 2222 δὴ
689 2124 771 2227 ἑξῆς
790 2124 952 2220 εἴπωμεν,
971 2126 1068 2200 τίσιν
1086 2123 1201 2222 ἔργοις
1225 2119 1246 2220 ἦ
1273 2124 1349 2200 τίσι
1373 2156 1444 2201 πο·
1460 2167 1490 2206 ιο

396 2262 540 2343 λιτείαις
557 2258 790 2361 τεθαρρηκὼς,
810 2257 1022 2356 ἀντεποιήθη
1047 2262 1110 2355 τῆς
1135 2261 1347 2354 ἐπισκοπῆς·
1377 2254 1447 2359 ἀρά

396 2429 437 2494 γε
455 2395 512 2472 διὰ
531 2393 571 2472 τὸ
591 2394 633 2499 ἐξ
649 2396 760 2496 ἀρχῆς
779 2396 879 2497 ἔντη
904 2391 1079 2497 ἐκκλησίᾳ
1106 2389 1366 2496 ἀνεστράφθαι,
1387 2396 1446 2471 καὶ

395 2527 557 2610 πολλούς
590 2531 730 2628 ἀγῶνας
764 2526 850 2629 ὑπὲρ
882 2529 989 2624 αὐτῆς
1021 2527 1282 2627 ἀγωνίσασθαι,
1314 2528 1372 2604 καὶ
1409 2528 1447 2603 ἐν

396 2664 566 2747 κινδύνοις
592 2671 746 2746 πολλοῖς
769 2667 884 2741 τεκαὶ
909 2660 1080 2762 μεγάλοις
1109 2663 1208 2740 ἕνεκα
1225 2665 1288 2759 τῆς
1317 2668 1444 2740 θεοσε-

395 2802 493 2894 βείας
513 2799 722 2900 γέγονέναι;
755 2802 841 2875 ἀλλ’
862 2799 925 2875 οὐκ
943 2798 1054 2875 ἐστίν·
1088 2794 1116 2902 ᾧ
1142 2831 1184 2895 γε
1208 2794 1356 2900 ἀφορμὴ
1383 2802 1447 2874 τοῦ
1457 2821 1495 2886 15

397 2943 590 3012 πιστεῦσαι
621 2934 766 3031 γέγονεν
798 2934 817 3009 ὁ
850 2940 1020 3027 σατανᾶς,
1052 2930 1229 3037 φοιτήσας
1260 2937 1307 3011 είς
1338 2929 1446 3007 αὐτὸν

396 3069 454 3144 καὶ
473 3064 621 3163 οἰκήσας
639 3068 676 3142 ἐν
704 3066 799 3169 αύτῷ
823 3063 954 3167 χρόνον
980 3065 1111 3144 ἱκανόν.
1144 3064 1182 3146 ὃς
1207 3065 1445 3161 βοηθούμενος

396 3199 464 3279 ὑπὸ
493 3207 565 3278 τῶν
592 3201 823 3301 ἐπορκιστῶν,
853 3199 951 3305 νόσῳ
978 3198 1182 3301 περιπεσὼν
1210 3203 1366 3301 χαλεπῇ,
1387 3201 1450 3275 καὶ

395 3437 475 3495 mille
496 3449 526 3495 et
546 3436 727 3513 quingentas.
778 3435 894 3506 Quibus
945 3436 1079 3500 confisus,
1091 3435 1126 3492 ad
1141 3432 1332 3512 episcopalem
1348 3432 1445 3490 locum

396 3518 537 3575 universis
560 3517 653 3593 gratia
678 3528 707 3573 et
730 3517 893 3592 benignitas
944 3517 1121 3593 aspiraverit.
1163 3515 1213 3571 An
1234 3513 1300 3570 ideo
1322 3513 1497 3569 fortassean·

395 3598 448 3654 Dei
459 3596 596 3653 alimenta
607 3596 782 3672 suppeditat.
800 3597 892 3653 Etta·
944 3595 1021 3671 quod
1037 3597 1072 3652 ab
1090 3595 1175 3651 initio
1195 3595 1223 3650 in
1243 3591 1364 3650 ecelesia
1378 3612 1443 3650 ver·

394 3697 460 3733 men
486 3686 566 3731 tanta
591 3685 707 3749 tamque
735 3677 893 3731 necessaria
944 3686 1023 3732 satus
1051 3686 1105 3742 est,
1132 3686 1161 3732 et
1186 3672 1279 3729 multa
1303 3692 1355 3749 pro
1380 3671 1444 3747 ejus

394 3756 425 3810 in
450 3752 569 3811 ecclesia
592 3751 769 3809 multitudo:
800 3764 892 3811 coetus
943 3755 1111 3812 defensione
1138 3754 1294 3810 certamina
1322 3752 1442 3815 subivit,

393 3834 444 3890 ille
466 3832 571 3888 divinae
594 3832 783 3908 providentia
802 3833 892 3910 copiis
943 3834 1101 3910 multisque
1120 3845 1149 3891 et
1169 3831 1344 3910 gravissimis
1367 3830 1443 3908 peri-

394 3912 551 3990 opulentus
575 3922 604 3968 et
626 3931 805 3978 numerosus,
826 3933 891 3969 cum
943 3914 1015 3971 culis
1029 3913 1176 3990 religionis
1190 3932 1275 3969 causa
1294 3910 1489 3982 conflicta-25

394 3993 534 4049 immenso
549 4011 582 4048 ac
595 4011 670 4068 pene
689 3992 890 4049 innumerabili
943 4005 991 4050 tus
1010 3998 1075 4050 est?
1120 3993 1245 4049 Minime
1264 3990 1293 4048 id
1313 3989 1441 4066 quidem.

394 4071 511 4150 populo,
527 4072 563 4129 ab
577 4071 741 4147 hujusmodi
758 4071 890 4149 despera·
943 4073 1062 4151 Quippe.
1079 4074 1125 4130 cui
1145 4091 1258 4128 causam
1279 4082 1367 4145 atque
1385 4070 1441 4126 iui-

394 4153 473 4211 tione
488 4163 517 4210 et
532 4151 651 4209 audacia
665 4150 746 4207 illum
766 4151 890 4209 deterre·
943 4154 1016 4208 tium
1032 4152 1166 4209 credendi
1179 4151 1302 4229 praebuit
1319 4149 1443 4208 Satanas

393 4252 424 4288 re
438 4232 514 4289 etad
526 4231 674 4289 ecclesiam
688 4251 890 4289 revocarenou
943 4232 972 4288 in
999 4233 1091 4309 ipsum
1117 4233 1270 4308 ingressus,
1295 4240 1382 4304 atque
1411 4229 1442 4286 iu

393 4313 499 4387 potuit.
943 4313 1005 4388 ipso
1035 4312 1201 4387 aliquandiu
1237 4320 1491 4382 conrnroratus.30

428 4406 522 4458 Paucis
548 4405 641 4458 deiude
665 4405 807 4474 interjectis
831 4404 890 4457 'haec
943 4396 1075 4466 Cumque
1097 4392 1133 4448 ab
1157 4389 1305 4447 0Χοῐοἱὸῑῇ
1329 4390 1442 4445 swere-

391 4474 473 4528 addit.
942 4483 999 4535 tur,
1022 4473 1050 4527 in
1080 4472 1210 4527 morbum
1239 4468 1441 4544 gravissimum

432 4554 460 4608 4.
481 4550 627 4626 Agedum,
642 4550 747 4625 inquit,
763 4570 888 4627 expoua·
941 4550 1100 4627 collapsus:
1115 4550 1183 4607 dum
1190 4548 1368 4624 jamjamque
1380 4568 1440 4604 mo-

392 4651 456 4688 mus
470 4631 613 4704 deinceps⁸
630 4630 735 4705 quibus
755 4631 890 4707 operibus
941 4630 1051 4687 riturus
1064 4629 1201 4694 ereditur,
1213 4630 1243 4684 in
1259 4628 1322 4704 ipso
1336 4628 1367 4683 iu
1381 4646 1441 4704 quo

391 4723 421 4769 et
463 4709 625 4786 cujusmodi
671 4711 888 4768 couversatione
935 4711 1049 4787 jacebat
1070 4708 1178 4767 lectulo
1201 4707 1345 4786 perfusus.
1368 4707 1438 4784 bup·
1449 4725 1492 4784 35
