3700 5667
591 688 639 752 IN
663 688 696 752 S.
711 687 925 753 CORNELII
951 687 1249 753 FRAGMENTA.
1404 691 1446 756 47

394 869 428 925 et
446 882 485 923 ex
499 859 697 941 festinantem
718 880 773 922 seu
795 822 902 942 potius
916 857 1112 920 destinasitem
1127 856 1202 920 l'eeit
1216 856 1445 932 detestationem,

394 962 443 1026 uti
465 961 620 1046 scriptum
642 967 693 1024 est
713 960 746 1022 in
767 982 829 1022 uno
849 960 957 1022 oodioe
973 959 1133 1022 Vaticano
1155 967 1189 1022 et
1214 959 1246 1021 in
1263 960 1448 1034 Veronensi,

394 1088 434 1130 eo
460 1065 607 1128 videlieet
632 1062 729 1126 modo
759 1085 822 1147 quo
851 1063 884 1125 in
909 1062 1007 1127 veteri
1034 1063 1141 1126 oodioe
1168 1062 1316 1125 Remorni
1345 1063 1448 1126 sancti

395 1166 542 1250 Dionysii
558 1166 674 1250 legitur
688 1165 720 1227 in
733 1165 879 1250 Epistola
888 1185 941 1244 4¹·
953 1164 1175 1250 infestationem
1190 1187 1248 1248 pro
1263 1165 1297 1226 in
1311 1166 1446 1229 statimne.

396 1267 592 1352 Hujusmodi
621 1289 764 1330 errorum
791 1266 874 1351 pleni
901 1275 976 1331 suut
999 1267 1071 1329 libri
1095 1275 1226 1330 veteres.
1280 1265 1318 1327 In
1342 1267 1449 1330 codiee

396 1371 496 1455 igitur
516 1370 569 1433 illo
585 1369 745 1434 Vaticano
769 1379 800 1432 et
823 1369 855 1431 in
871 1369 1048 1433 Veronensi
1073 1369 1117 1432 sio
1141 1368 1278 1453 scriptus
1303 1383 1374 1433 erat
1397 1369 1448 1433 hie

396 1473 505 1536 loeus:
539 1471 744 1556 Nicephorum
773 1472 941 1554 aeolytlinm
971 1471 1144 1535 detondere
1169 1471 1214 1534 ad
1240 1471 1449 1555 naoipandem

396 1575 624 1638 destinationem
640 1574 686 1636 ad
705 1595 754 1636 eos
767 1575 870 1637 statim
894 1574 1010 1638 dimisi.
1055 1573 1178 1636 Deinde
1200 1573 1280 1636 alius
1302 1573 1450 1638 librarius

397 1677 498 1741 nihilo
528 1677 660 1761 peritior
690 1698 748 1760 pro
776 1675 1002 1739 destinationem
1032 1675 1137 1760 posuit
1167 1675 1328 1738 mantiam
1357 1676 1449 1739 unico

398 1779 565 1855 voeabula,
589 1777 855 1862 quemadmodum
882 1777 999 1862 legitur
1021 1778 1053 1840 in
1078 1777 1140 1840 alio
1166 1776 1274 1839 codiee
1290 1775 1450 1840 Vaticano

398 1881 481 1945 etin
495 1903 559 1944 uno
574 1902 654 1945 meo.
701 1883 811 1964 Atque
831 1880 898 1943 haeo
913 1891 963 1945 est
983 1879 1077 1943 lectio
1099 1902 1180 1963 quae,
1196 1880 1339 1964 quamvis
1359 1879 1449 1956 salsa,

399 1981 494 2044 hodie
510 1981 634 2045 obtinet
654 1981 688 2043 in
702 1981 840 2066 vulgatis
860 1981 1062 2046 editionibus.
1109 1982 1212 2044 Porro
1234 1981 1332 2044 etiam
1352 2001 1450 2065 prava

399 2082 495 2147 lectio
518 2084 632 2146 horum
651 2083 795 2146 codicum
813 2084 954 2147 ostendit
975 2082 1143 2168 legendum
1168 2105 1236 2146 esse
1253 2082 1451 2145 destinantem

399 2207 458 2271 pro
465 2186 674 2269 festinantem.
692 2185 859 2249 Batonius.
895 2186 1066 2249 Assentior
1081 2185 1208 2269 quidem
1221 2183 1351 2247 Baluzio
1367 2189 1451 2246 vete-

401 2308 470 2350 rem
485 2287 647 2350 revocanti
663 2286 828 2351 lectionem
843 2309 901 2371 pro
917 2287 1031 2363 altera,
1039 2288 1236 2371 festinantem
1251 2286 1288 2350 de
1302 2287 1447 2358 stations‚·

399 2389 451 2454 sin
475 2389 634 2474 scriptura
655 2390 693 2453 de
708 2392 834 2454 statione
854 2412 1007 2475 germane
1029 2390 1151 2466 luisset,
1175 2397 1245 2453 tum
1267 2411 1342 2452 vero
1364 2397 1451 2452 reete

401 2493 590 2556 ostenderet
618 2492 825 2557 Constantius
856 2514 894 2555 ex
932 2490 1083 2576 Cypriani
1110 2495 1194 2577 epp.
1218 2501 1248 2555 4.
1272 2499 1305 2556 et
1327 2512 1379 2573 42.
1410 2492 1450 2555 nl.

400 2616 455 2676 44.
481 2603 514 2659 et
536 2615 591 2678 45.
621 2596 777 2659 stationem
806 2595 867 2659 hoo
897 2595 967 2659 looo
997 2595 1128 2679 perinde
1157 2617 1226 2658 esse
1254 2602 1352 2678 atque
1381 2594 1451 2657 reli·

399 2697 526 2782 giosum
541 2704 731 2761 conventum
752 2697 785 2759 in
808 2697 957 2774 eeclesiis,
976 2699 1018 2761 nd
1034 2719 1113 2781 quas
1128 2697 1273 2762 solebant
1287 2697 1395 2761 fideles
1410 2695 1451 2760 ob

399 2822 493 2863 saera
508 2799 661 2883 mysteria
675 2799 865 2864 aelebranda
879 2800 995 2863 venire.
1030 2799 1070 2862 In
1085 2799 1135 2863 his
1150 2822 1245 2884 porro
1261 2800 1452 2865 stationibus

399 2909 475 2987 post
508 2900 661 2985 mysteria
691 2911 832 2986 peraeta,
861 2910 899 2966 ut
929 2909 1022 2966 notat
1051 2902 1088 2965 ol.
1118 2902 1273 2967 Marshall
1298 2903 1453 2987 Anglious

399 3004 568 3087 interpres,
594 3004 728 3067 eandem
751 3005 852 3088 Epist.
879 3004 1029 3089 Cypriani
1047 3026 1100 3085 44
1129 3004 1272 3079 laudans,
1299 3027 1350 3068 res
1373 3005 1452 3069 alias

399 3107 579 3190 transigere
614 3115 853 3170 consueverunt.
914 3109 980 3170 Pro
1015 3107 1211 3170 destinantem
1247 3114 1381 3190 praestat
1415 3107 1453 3170 de

399 3210 526 3273 statimm
540 3209 638 3271 codex
655 3216 788 3292 uterque
803 3230 900 3271 meus.

446 3311 485 3372 P.
501 3330 550 3390 19.
565 3311 585 3371 l.
601 3327 652 3374 22.
667 3308 770 3394 ooetu]
787 3310 897 3374 Codex
913 3309 1123 3385 corbeiensis,
1137 3317 1290 3372 conventa.
1337 3308 1375 3370 In
1389 3331 1453 3372 uno
1547 3336 1549 3338 ’

400 3414 510 3478 oodioe
527 3414 682 3477 Vatioano
704 3415 821 3499 legitur
835 3415 869 3476 in
885 3414 942 3477 isto
953 3412 1065 3498 populi
1079 3422 1154 3475 eoetn
1172 3410 1321 3475 nobiscnm
1330 3412 1454 3494 pariter

400 3517 468 3580 Deo
501 3516 694 3599 omnipotenti
722 3526 749 3579 et
780 3515 898 3579 Christo
927 3516 1057 3579 Domino
1085 3525 1183 3577 instro
1209 3513 1329 3597 oratius
1357 3534 1452 3596 aqna.

400 3617 570 3681 Biennos.
607 3616 712 3682 Voces
727 3618 854 3702 quidem
869 3616 1016 3682 nobiscnm
1024 3617 1150 3702 pariter
1164 3622 1298 3700 praestet
1316 3615 1453 3679 Morellii

400 3720 502 3784 editio
520 3719 736 3804 adstipulante
758 3720 867 3785 aodioe
889 3729 1025 3806 utroque
1046 3742 1128 3799 meo,
1143 3740 1214 3803 quae
1236 3731 1345 3783 tamen
1366 3729 1453 3784 reete

399 3823 513 3886 abesse
528 3820 662 3906 possint.
756 3894 760 3902 ,

818 4068 1016 4101 -ψ-

702 4274 844 4345 EPIST.
869 4282 932 4345 AD
956 4281 1150 4348 FABIUM.

444 4453 483 4517 P.
497 4472 549 4518 20.
564 4448 586 4517 l.
604 4471 652 4538 17.
668 4453 737 4519 “Ina
752 4456 785 4520 δὲ
804 4458 893 4542 γνῷς,
910 4459 979 4542 ba]
1005 4459 1056 4522 De
1071 4455 1323 4521 Novatianorum
1344 4457 1456 4521 haerssi

399 4558 497 4636 atque
510 4550 652 4616 Oornelii
667 4552 809 4638 epistolis
819 4553 975 4619 Eusebius
990 4554 1057 4619 haeo
1072 4552 1236 4639 praemisit,
1251 4553 1305 4618 lib.
1315 4555 1354 4618 vi.
1368 4555 1455 4620 Hist.

401 4674 470 4739 cap.
484 4675 538 4738 43.
576 4653 757 4736 Ἐπειδήπερ
772 4659 808 4740 τῇ
824 4659 898 4720 κατὰ
912 4658 1025 4721 τούτων
1042 4657 1206 4737 (adversus
1220 4654 1341 4740 lapsos)
1357 4656 1456 4734 ἀρθεὶς
