<?xml version="1.0" encoding="UTF-8"?>
<!DOCTYPE html PUBLIC "-//W3C//DTD XHTML 1.0 Transitional//EN"
    "http://www.w3.org/TR/xhtml1/DTD/xhtml1-transitional.dtd">
<html xmlns="http://www.w3.org/1999/xhtml" xml:lang="en" lang="en">
 <head>
  <title>
</title>
<meta http-equiv="Content-Type" content="text/html;charset=utf-8" />
  <meta name='ocr-system' content='tesseract 3.04.00' />
  <meta name='ocr-capabilities' content='ocr_page ocr_carea ocr_par ocr_line ocrx_word'/>
</head>
<body>
  <div class='ocr_page' id='page_1' title='image "./reliquiaesacrae08routgoog_0094.png"; bbox 0 0 3700 5667; ppageno 0'>
   <div class='ocr_carea' id='block_1_1' title="bbox 490 653 1193 722">
    <p class='ocr_par' dir='ltr' id='par_1_1' title="bbox 490 653 1193 722">
     <span class='ocr_line' id='line_1_1' title="bbox 490 653 1193 722; baseline -0.006 0"><span class='ocrx_word' id='word_1_1' title='bbox 490 656 533 722; x_wconf 81' lang='lat'>86</span> <span class='ocrx_word' id='word_1_2' title='bbox 841 653 1193 719; x_wconf 84' lang='lat' dir='ltr'><strong>ANNOTATIONES</strong></span> 
     </span>
    </p>
   </div>
   <div class='ocr_carea' id='block_1_2' title="bbox 488 820 1539 2126">
    <p class='ocr_par' dir='ltr' id='par_1_2' title="bbox 489 820 1537 1209">
     <span class='ocr_line' id='line_1_2' title="bbox 489 820 1536 906; baseline 0 -20"><span class='ocrx_word' id='word_1_3' title='bbox 489 823 549 887; x_wconf 86' lang='lat' dir='ltr'>rol.</span> <span class='ocrx_word' id='word_1_4' title='bbox 565 822 607 886; x_wconf 90' lang='lat' dir='ltr'>iii.</span> <span class='ocrx_word' id='word_1_5' title='bbox 622 845 653 906; x_wconf 90' lang='lat' dir='ltr'>p.</span> <span class='ocrx_word' id='word_1_6' title='bbox 665 840 738 906; x_wconf 82' lang='lat'>347.</span> <span class='ocrx_word' id='word_1_7' title='bbox 756 823 806 886; x_wconf 81' lang='lat' dir='ltr'>ed.</span> <span class='ocrx_word' id='word_1_8' title='bbox 822 821 950 885; x_wconf 84' lang='lat' dir='ltr'>Bruxel.</span> <span class='ocrx_word' id='word_1_9' title='bbox 997 820 1052 884; x_wconf 91' lang='lat' dir='ltr'>Lis</span> <span class='ocrx_word' id='word_1_10' title='bbox 1074 830 1182 885; x_wconf 81' lang='lat' dir='ltr'>temen</span> <span class='ocrx_word' id='word_1_11' title='bbox 1201 823 1351 888; x_wconf 83' lang='lat' dir='ltr'>nonnullo</span> <span class='ocrx_word' id='word_1_12' title='bbox 1365 824 1405 887; x_wconf 92' lang='lat' dir='ltr'>de</span> <span class='ocrx_word' id='word_1_13' title='bbox 1424 823 1536 887; x_wconf 90' lang='lat' dir='ltr'>iisdem</span> 
     </span>
     <span class='ocr_line' id='line_1_3' title="bbox 489 920 1537 1010; baseline 0.001 -23"><span class='ocrx_word' id='word_1_14' title='bbox 489 923 675 1010; x_wconf 88' lang='lat' dir='ltr'>reeipiendis</span> <span class='ocrx_word' id='word_1_15' title='bbox 697 923 784 1007; x_wconf 90' lang='lat' dir='ltr'>prius</span> <span class='ocrx_word' id='word_1_16' title='bbox 804 929 877 986; x_wconf 78' lang='lat' dir='ltr'>ortn</span> <span class='ocrx_word' id='word_1_17' title='bbox 898 944 967 1010; x_wconf 83' lang='lat' dir='ltr'>esse</span> <span class='ocrx_word' id='word_1_18' title='bbox 982 920 1116 996; x_wconf 81' lang='lat' dir='ltr'>videtur,</span> <span class='ocrx_word' id='word_1_19' title='bbox 1133 944 1229 1006; x_wconf 82' lang='lat' dir='ltr'>quam</span> <span class='ocrx_word' id='word_1_20' title='bbox 1244 922 1348 988; x_wconf 80' lang='lat' dir='ltr'>foetus</span> <span class='ocrx_word' id='word_1_21' title='bbox 1362 932 1446 989; x_wconf 80' lang='lat' dir='ltr'>esset</span> <span class='ocrx_word' id='word_1_22' title='bbox 1461 927 1537 990; x_wconf 85' lang='lat' dir='ltr'>Oor·</span> 
     </span>
     <span class='ocr_line' id='line_1_4' title="bbox 489 1023 1537 1109; baseline 0.002 -21"><span class='ocrx_word' id='word_1_23' title='bbox 489 1025 590 1088; x_wconf 90' lang='lat' dir='ltr'>nelius</span> <span class='ocrx_word' id='word_1_24' title='bbox 612 1024 787 1108; x_wconf 87' lang='lat' dir='ltr'>episeopus.</span> <span class='ocrx_word' id='word_1_25' title='bbox 813 1031 851 1088; x_wconf 81' lang='lat' dir='ltr'>ut</span> <span class='ocrx_word' id='word_1_26' title='bbox 880 1023 1065 1109; x_wconf 79' lang='lat' dir='ltr'>supradixi</span> <span class='ocrx_word' id='word_1_27' title='bbox 1088 1045 1160 1109; x_wconf 84' lang='lat' dir='ltr'>pug.</span> <span class='ocrx_word' id='word_1_28' title='bbox 1175 1043 1228 1104; x_wconf 82' lang='lat'>42.</span> <span class='ocrx_word' id='word_1_29' title='bbox 1273 1024 1423 1089; x_wconf 81' lang='lat' dir='ltr'>Ceterum</span> <span class='ocrx_word' id='word_1_30' title='bbox 1444 1027 1537 1090; x_wconf 71' lang='lat' dir='ltr'>abest</span> 
     </span>
     <span class='ocr_line' id='line_1_5' title="bbox 490 1125 940 1209; baseline 0 -19"><span class='ocrx_word' id='word_1_31' title='bbox 490 1149 551 1190; x_wconf 87' lang='lat' dir='ltr'>vox</span> <span class='ocrx_word' id='word_1_32' title='bbox 566 1127 656 1190; x_wconf 79' lang='grc' dir='ltr'>πέντε</span> <span class='ocrx_word' id='word_1_33' title='bbox 671 1149 692 1190; x_wconf 83' lang='lat' dir='ltr'>n</span> <span class='ocrx_word' id='word_1_34' title='bbox 709 1125 785 1190; x_wconf 77' lang='lat' dir='ltr'>cod.</span> <span class='ocrx_word' id='word_1_35' title='bbox 800 1125 940 1209; x_wconf 76' lang='lat' dir='ltr'>Norsolo.</span> 
     </span>
    </p>

    <p class='ocr_par' dir='ltr' id='par_1_3' title="bbox 488 1224 1539 1817">
     <span class='ocr_line' id='line_1_6' title="bbox 533 1224 1538 1315; baseline 0.003 -24"><span class='ocrx_word' id='word_1_36' title='bbox 533 1229 572 1292; x_wconf 91' lang='lat' dir='ltr'>P.</span> <span class='ocrx_word' id='word_1_37' title='bbox 589 1229 638 1291; x_wconf 82' lang='lat'>28.</span> <span class='ocrx_word' id='word_1_38' title='bbox 654 1228 674 1289; x_wconf 93' lang='lat' dir='ltr'>l.</span> <span class='ocrx_word' id='word_1_39' title='bbox 689 1247 714 1289; x_wconf 94' lang='lat'>1.</span> <span class='ocrx_word' id='word_1_40' title='bbox 739 1227 788 1290; x_wconf 75' lang='grc' dir='ltr'>ἐπὶ</span> <span class='ocrx_word' id='word_1_41' title='bbox 800 1224 928 1310; x_wconf 76' lang='grc' dir='ltr'>Ῥώμης]</span> <span class='ocrx_word' id='word_1_42' title='bbox 946 1226 1026 1292; x_wconf 84' lang='lat' dir='ltr'>Oum</span> <span class='ocrx_word' id='word_1_43' title='bbox 1050 1226 1191 1292; x_wconf 81' lang='lat' dir='ltr'>habeant</span> <span class='ocrx_word' id='word_1_44' title='bbox 1206 1230 1266 1293; x_wconf 88' lang='lat' dir='ltr'>hoo</span> <span class='ocrx_word' id='word_1_45' title='bbox 1282 1228 1365 1306; x_wconf 90' lang='lat' dir='ltr'>loeo,</span> <span class='ocrx_word' id='word_1_46' title='bbox 1379 1231 1538 1315; x_wconf 89' lang='lat' dir='ltr'>quomodo</span> 
     </span>
     <span class='ocr_line' id='line_1_7' title="bbox 489 1326 1536 1415; baseline -0.001 -21"><span class='ocrx_word' id='word_1_47' title='bbox 489 1331 582 1407; x_wconf 82' lang='lat' dir='ltr'>inire,</span> <span class='ocrx_word' id='word_1_48' title='bbox 602 1329 772 1394; x_wconf 73' lang='lat' dir='ltr'>articulum</span> <span class='ocrx_word' id='word_1_49' title='bbox 793 1338 869 1393; x_wconf 83' lang='lat' dir='ltr'>ante</span> <span class='ocrx_word' id='word_1_50' title='bbox 890 1326 1003 1409; x_wconf 78' lang='grc' dir='ltr'>Ῥώμης</span> <span class='ocrx_word' id='word_1_51' title='bbox 1024 1330 1116 1392; x_wconf 83' lang='lat' dir='ltr'><strong>codd.</strong></span> <span class='ocrx_word' id='word_1_52' title='bbox 1132 1350 1241 1392; x_wconf 86' lang='lat' dir='ltr'>omnes</span> <span class='ocrx_word' id='word_1_53' title='bbox 1262 1338 1381 1413; x_wconf 80' lang='lat' dir='ltr'>praeter</span> <span class='ocrx_word' id='word_1_54' title='bbox 1394 1332 1536 1415; x_wconf 67' lang='grc' dir='ltr'>Καρίνην,</span> 
     </span>
     <span class='ocr_line' id='line_1_8' title="bbox 494 1431 1539 1516; baseline 0.001 -20"><span class='ocrx_word' id='word_1_55' title='bbox 494 1435 587 1496; x_wconf 70' lang='lat' dir='ltr'>Vener.</span> <span class='ocrx_word' id='word_1_56' title='bbox 597 1438 631 1495; x_wconf 81' lang='lat' dir='ltr'>et</span> <span class='ocrx_word' id='word_1_57' title='bbox 640 1431 742 1494; x_wconf 80' lang='lat' dir='ltr'>Paris.</span> <span class='ocrx_word' id='word_1_58' title='bbox 752 1431 955 1516; x_wconf 66' lang='lat' dir='ltr'>pedariorum,</span> <span class='ocrx_word' id='word_1_59' title='bbox 966 1431 1100 1494; x_wconf 88' lang='lat' dir='ltr'>eundem</span> <span class='ocrx_word' id='word_1_60' title='bbox 1108 1431 1230 1514; x_wconf 74' lang='lat' dir='ltr'>reoepit</span> <span class='ocrx_word' id='word_1_61' title='bbox 1239 1431 1409 1496; x_wconf 81' lang='lat' dir='ltr'>Burtonus.</span> <span class='ocrx_word' id='word_1_62' title='bbox 1434 1433 1539 1497; x_wconf 75' lang='lat' dir='ltr'>Addit</span> 
     </span>
     <span class='ocr_line' id='line_1_9' title="bbox 488 1529 1538 1617; baseline 0.004 -21"><span class='ocrx_word' id='word_1_63' title='bbox 488 1532 542 1596; x_wconf 83' lang='grc' dir='ltr'>τὸν</span> <span class='ocrx_word' id='word_1_64' title='bbox 561 1538 636 1596; x_wconf 77' lang='lat' dir='ltr'>ente</span> <span class='ocrx_word' id='word_1_65' title='bbox 657 1529 837 1612; x_wconf 77' lang='grc' dir='ltr'>κατάλογον,</span> <span class='ocrx_word' id='word_1_66' title='bbox 856 1531 930 1594; x_wconf 71' lang='lat' dir='ltr'>Mn.</span> <span class='ocrx_word' id='word_1_67' title='bbox 947 1531 1083 1615; x_wconf 77' lang='lat' dir='ltr'>Norsolo.</span> <span class='ocrx_word' id='word_1_68' title='bbox 1130 1531 1212 1596; x_wconf 84' lang='lat' dir='ltr'>Mox</span> <span class='ocrx_word' id='word_1_69' title='bbox 1235 1537 1334 1598; x_wconf 80' lang='grc' dir='ltr'>καθεῖς</span> <span class='ocrx_word' id='word_1_70' title='bbox 1357 1554 1416 1617; x_wconf 88' lang='lat' dir='ltr'>pro</span> <span class='ocrx_word' id='word_1_71' title='bbox 1440 1535 1538 1601; x_wconf 74' lang='grc' dir='ltr'>καθεὶς</span> 
     </span>
     <span class='ocr_line' id='line_1_10' title="bbox 490 1632 1538 1718; baseline 0.003 -21"><span class='ocrx_word' id='word_1_72' title='bbox 490 1632 723 1698; x_wconf 83' lang='lat' dir='ltr'>Heiniehenum</span> <span class='ocrx_word' id='word_1_73' title='bbox 756 1638 883 1696; x_wconf 81' lang='lat' dir='ltr'>secutus</span> <span class='ocrx_word' id='word_1_74' title='bbox 912 1634 1026 1718; x_wconf 79' lang='lat' dir='ltr'>recepi,</span> <span class='ocrx_word' id='word_1_75' title='bbox 1056 1632 1109 1717; x_wconf 89' lang='lat' dir='ltr'>qui</span> <span class='ocrx_word' id='word_1_76' title='bbox 1139 1635 1180 1699; x_wconf 87' lang='lat' dir='ltr'>de</span> <span class='ocrx_word' id='word_1_77' title='bbox 1208 1634 1367 1718; x_wconf 75' lang='lat' dir='ltr'>scriptura</span> <span class='ocrx_word' id='word_1_78' title='bbox 1394 1634 1464 1718; x_wconf 80' lang='lat' dir='ltr'>egit</span> <span class='ocrx_word' id='word_1_79' title='bbox 1495 1637 1538 1700; x_wconf 80' lang='lat' dir='ltr'>od</span> 
     </span>
     <span class='ocr_line' id='line_1_11' title="bbox 490 1734 902 1817; baseline -0.007 -18"><span class='ocrx_word' id='word_1_80' title='bbox 490 1735 609 1799; x_wconf 85' lang='lat' dir='ltr'>Euseb.</span> <span class='ocrx_word' id='word_1_81' title='bbox 626 1734 715 1797; x_wconf 59' lang='grc' dir='ltr'>Ην.</span> <span class='ocrx_word' id='word_1_82' title='bbox 732 1755 766 1796; x_wconf 85' lang='lat' dir='ltr'>x.</span> <span class='ocrx_word' id='word_1_83' title='bbox 782 1753 813 1813; x_wconf 90' lang='lat'>4.</span> <span class='ocrx_word' id='word_1_84' title='bbox 828 1754 860 1797; x_wconf 92' lang='lat' dir='ltr'>n.</span> <span class='ocrx_word' id='word_1_85' title='bbox 870 1751 902 1817; x_wconf 87' lang='lat'>5.</span> 
     </span>
    </p>

    <p class='ocr_par' dir='ltr' id='par_1_4' title="bbox 491 1835 1538 2126">
     <span class='ocr_line' id='line_1_12' title="bbox 535 1835 1538 1922; baseline 0.002 -22"><span class='ocrx_word' id='word_1_86' title='bbox 535 1837 619 1901; x_wconf 89' lang='lat' dir='ltr'>Ibid.</span> <span class='ocrx_word' id='word_1_87' title='bbox 634 1837 655 1900; x_wconf 92' lang='lat' dir='ltr'>l.</span> <span class='ocrx_word' id='word_1_88' title='bbox 667 1852 696 1918; x_wconf 88' lang='lat'>7.</span> <span class='ocrx_word' id='word_1_89' title='bbox 718 1836 910 1922; x_wconf 80' lang='grc' dir='ltr'>μνημονεύει]</span> <span class='ocrx_word' id='word_1_90' title='bbox 936 1835 1007 1900; x_wconf 79' lang='lat' dir='ltr'>lsto</span> <span class='ocrx_word' id='word_1_91' title='bbox 1022 1837 1151 1901; x_wconf 87' lang='lat' dir='ltr'>Eusebii</span> <span class='ocrx_word' id='word_1_92' title='bbox 1167 1838 1264 1903; x_wconf 79' lang='lat' dir='ltr'>verbo</span> <span class='ocrx_word' id='word_1_93' title='bbox 1278 1838 1419 1902; x_wconf 88' lang='lat' dir='ltr'>nonnulli</span> <span class='ocrx_word' id='word_1_94' title='bbox 1434 1840 1538 1903; x_wconf 78' lang='lat' dir='ltr'>eonfe-</span> 
     </span>
     <span class='ocr_line' id='line_1_13' title="bbox 491 1936 1536 2025; baseline 0.001 -23"><span class='ocrx_word' id='word_1_95' title='bbox 491 1946 598 2003; x_wconf 82' lang='lat' dir='ltr'>rentes</span> <span class='ocrx_word' id='word_1_96' title='bbox 620 1958 692 2002; x_wconf 86' lang='lat' dir='ltr'>cum</span> <span class='ocrx_word' id='word_1_97' title='bbox 714 1936 763 2014; x_wconf 88' lang='lat' dir='ltr'>iis,</span> <span class='ocrx_word' id='word_1_98' title='bbox 778 1937 892 2022; x_wconf 91' lang='lat' dir='ltr'>quibus</span> <span class='ocrx_word' id='word_1_99' title='bbox 907 1937 1124 2021; x_wconf 84' lang='lat' dir='ltr'>Hieronymus</span> <span class='ocrx_word' id='word_1_100' title='bbox 1145 1940 1186 2002; x_wconf 91' lang='lat' dir='ltr'>de</span> <span class='ocrx_word' id='word_1_101' title='bbox 1208 1939 1324 2025; x_wconf 80' lang='lat' dir='ltr'>Seript.</span> <span class='ocrx_word' id='word_1_102' title='bbox 1340 1940 1425 2004; x_wconf 88' lang='lat' dir='ltr'>Eeol.</span> <span class='ocrx_word' id='word_1_103' title='bbox 1441 1965 1467 2005; x_wconf 89' lang='lat' dir='ltr'>c.</span> <span class='ocrx_word' id='word_1_104' title='bbox 1484 1943 1536 2004; x_wconf 85' lang='lat'>66.</span> 
     </span>
     <span class='ocr_line' id='line_1_14' title="bbox 492 2038 1537 2126; baseline 0.003 -23"><span class='ocrx_word' id='word_1_105' title='bbox 492 2039 676 2103; x_wconf 84' lang='lat' dir='ltr'>Cornelium</span> <span class='ocrx_word' id='word_1_106' title='bbox 695 2039 734 2101; x_wconf 82' lang='lat' dir='ltr'>ad</span> <span class='ocrx_word' id='word_1_107' title='bbox 752 2038 889 2102; x_wconf 79' lang='lat' dir='ltr'>Fabium</span> <span class='ocrx_word' id='word_1_108' title='bbox 910 2039 1073 2123; x_wconf 78' lang='lat' dir='ltr'>scripsisse</span> <span class='ocrx_word' id='word_1_109' title='bbox 1092 2040 1194 2105; x_wconf 78' lang='lat' dir='ltr'>tradit</span> <span class='ocrx_word' id='word_1_110' title='bbox 1211 2042 1248 2104; x_wconf 80' lang='lat' dir='ltr'>de</span> <span class='ocrx_word' id='word_1_111' title='bbox 1263 2043 1373 2126; x_wconf 75' lang='lat' dir='ltr'>synodo</span> <span class='ocrx_word' id='word_1_112' title='bbox 1387 2044 1537 2119; x_wconf 78' lang='lat' dir='ltr'>Romano,</span> 
     </span>
    </p>
   </div>
   <div class='ocr_carea' id='block_1_3' title="bbox 492 2140 1540 2533">
    <p class='ocr_par' dir='ltr' id='par_1_5' title="bbox 492 2140 1540 2533">
     <span class='ocr_line' id='line_1_15' title="bbox 492 2140 1538 2223; baseline 0.003 -18"><span class='ocrx_word' id='word_1_113' title='bbox 492 2141 608 2206; x_wconf 76' lang='lat' dir='ltr'>Italico</span> <span class='ocrx_word' id='word_1_114' title='bbox 626 2150 653 2206; x_wconf 74' lang='lat' dir='ltr'>et</span> <span class='ocrx_word' id='word_1_115' title='bbox 667 2140 836 2223; x_wconf 69' lang='lat' dir='ltr'>Africana,</span> <span class='ocrx_word' id='word_1_116' title='bbox 859 2147 1006 2204; x_wconf 82' lang='lat' dir='ltr'>sonetum</span> <span class='ocrx_word' id='word_1_117' title='bbox 1028 2141 1116 2204; x_wconf 86' lang='lat' dir='ltr'>ilium</span> <span class='ocrx_word' id='word_1_118' title='bbox 1138 2144 1301 2207; x_wconf 85' lang='lat' dir='ltr'>doetorem</span> <span class='ocrx_word' id='word_1_119' title='bbox 1324 2144 1368 2207; x_wconf 93' lang='lat' dir='ltr'>ibi</span> <span class='ocrx_word' id='word_1_120' title='bbox 1390 2145 1432 2207; x_wconf 80' lang='lat' dir='ltr'>ed</span> <span class='ocrx_word' id='word_1_121' title='bbox 1455 2145 1538 2208; x_wconf 85' lang='lat' dir='ltr'>hano</span> 
     </span>
     <span class='ocr_line' id='line_1_16' title="bbox 492 2241 1539 2330; baseline 0.002 -23"><span class='ocrx_word' id='word_1_122' title='bbox 492 2241 629 2307; x_wconf 75' lang='lat' dir='ltr'>Cornelii</span> <span class='ocrx_word' id='word_1_123' title='bbox 645 2241 811 2327; x_wconf 79' lang='lat' dir='ltr'>epistolam</span> <span class='ocrx_word' id='word_1_124' title='bbox 830 2241 986 2325; x_wconf 79' lang='lat' dir='ltr'>respicere</span> <span class='ocrx_word' id='word_1_125' title='bbox 1005 2243 1215 2309; x_wconf 79' lang='lat' dir='ltr'>arbitrantur.</span> <span class='ocrx_word' id='word_1_126' title='bbox 1263 2245 1326 2309; x_wconf 88' lang='lat' dir='ltr'>Sed</span> <span class='ocrx_word' id='word_1_127' title='bbox 1341 2246 1420 2310; x_wconf 83' lang='lat' dir='ltr'>elias</span> <span class='ocrx_word' id='word_1_128' title='bbox 1435 2247 1539 2330; x_wconf 79' lang='lat' dir='ltr'>potius</span> 
     </span>
     <span class='ocr_line' id='line_1_17' title="bbox 492 2341 1540 2430; baseline 0.005 -24"><span class='ocrx_word' id='word_1_129' title='bbox 492 2363 738 2406; x_wconf 74' lang='lat' dir='ltr'>commemorare</span> <span class='ocrx_word' id='word_1_130' title='bbox 756 2341 882 2405; x_wconf 79' lang='lat' dir='ltr'>videtur</span> <span class='ocrx_word' id='word_1_131' title='bbox 901 2343 1043 2426; x_wconf 89' lang='lat' dir='ltr'>ejusdem</span> <span class='ocrx_word' id='word_1_132' title='bbox 1063 2367 1154 2430; x_wconf 83' lang='lat' dir='ltr'>papae</span> <span class='ocrx_word' id='word_1_133' title='bbox 1178 2348 1221 2410; x_wconf 85' lang='lat' dir='ltr'>nd</span> <span class='ocrx_word' id='word_1_134' title='bbox 1243 2349 1388 2412; x_wconf 88' lang='lat' dir='ltr'>eumdem</span> <span class='ocrx_word' id='word_1_135' title='bbox 1404 2348 1540 2412; x_wconf 83' lang='lat' dir='ltr'>Fabium</span> 
     </span>
     <span class='ocr_line' id='line_1_18' title="bbox 492 2443 1540 2533; baseline 0.006 -26"><span class='ocrx_word' id='word_1_136' title='bbox 492 2445 626 2520; x_wconf 81' lang='lat' dir='ltr'>litteras,</span> <span class='ocrx_word' id='word_1_137' title='bbox 643 2445 676 2507; x_wconf 91' lang='lat' dir='ltr'>in</span> <span class='ocrx_word' id='word_1_138' title='bbox 691 2443 806 2529; x_wconf 90' lang='lat' dir='ltr'>quibus</span> <span class='ocrx_word' id='word_1_139' title='bbox 819 2451 903 2508; x_wconf 76' lang='lat' dir='ltr'>teste</span> <span class='ocrx_word' id='word_1_140' title='bbox 914 2444 1054 2509; x_wconf 85' lang='lat' dir='ltr'>Eusebio</span> <span class='ocrx_word' id='word_1_141' title='bbox 1068 2469 1140 2531; x_wconf 83' lang='lat' dir='ltr'>pag.</span> <span class='ocrx_word' id='word_1_142' title='bbox 1155 2466 1227 2528; x_wconf 82' lang='lat'><strong>242.</strong></span> <span class='ocrx_word' id='word_1_143' title='bbox 1238 2459 1265 2512; x_wconf 79' lang='lat' dir='ltr'>et</span> <span class='ocrx_word' id='word_1_144' title='bbox 1276 2451 1423 2512; x_wconf 76' lang='lat' dir='ltr'>Ronsooae</span> <span class='ocrx_word' id='word_1_145' title='bbox 1433 2451 1540 2533; x_wconf 66' lang='lat' dir='ltr'>synodi</span> 
     </span>
    </p>
   </div>
   <div class='ocr_carea' id='block_1_4' title="bbox 445 2545 1544 4665">
    <p class='ocr_par' dir='ltr' id='par_1_6' title="bbox 445 2545 1544 4665">
     <span class='ocr_line' id='line_1_19' title="bbox 489 2545 1541 2634; baseline 0.003 -24"><span class='ocrx_word' id='word_1_146' title='bbox 489 2556 582 2631; x_wconf 71' lang='grc' dir='ltr'>μνεία,</span> <span class='ocrx_word' id='word_1_147' title='bbox 605 2555 633 2611; x_wconf 78' lang='lat' dir='ltr'>ot</span> <span class='ocrx_word' id='word_1_148' title='bbox 654 2545 786 2609; x_wconf 79' lang='grc' dir='ltr'>ννινὶννν</span> <span class='ocrx_word' id='word_1_149' title='bbox 801 2566 862 2630; x_wconf 79' lang='lat' dir='ltr'>per</span> <span class='ocrx_word' id='word_1_150' title='bbox 880 2546 1008 2610; x_wconf 56' lang='lat' dir='ltr'>Italum</span> <span class='ocrx_word' id='word_1_151' title='bbox 1032 2557 1061 2610; x_wconf 73' lang='lat' dir='ltr'>et</span> <span class='ocrx_word' id='word_1_152' title='bbox 1082 2550 1228 2632; x_wconf 71' lang='lat' dir='ltr'>Afiieom</span> <span class='ocrx_word' id='word_1_153' title='bbox 1252 2549 1389 2634; x_wconf 76' lang='lat' dir='ltr'>aliosque</span> <span class='ocrx_word' id='word_1_154' title='bbox 1411 2549 1541 2613; x_wconf 77' lang='grc' dir='ltr'>ῖνσονννι</span> 
     </span>
     <span class='ocr_line' id='line_1_20' title="bbox 445 2648 1541 2732; baseline -0.001 -16"><span class='ocrx_word' id='word_1_155' title='bbox 445 2712 447 2717; x_wconf 87' lang='grc'>.</span> <span class='ocrx_word' id='word_1_156' title='bbox 492 2648 615 2712; x_wconf 76' lang='lat' dir='ltr'>illorum</span> <span class='ocrx_word' id='word_1_157' title='bbox 637 2648 816 2732; x_wconf 74' lang='lat' dir='ltr'>provincias</span> <span class='ocrx_word' id='word_1_158' title='bbox 843 2649 996 2712; x_wconf 72' lang='grc' dir='ltr'>νννίομιίω</span> <span class='ocrx_word' id='word_1_159' title='bbox 1020 2648 1226 2714; x_wconf 67' lang='lat' dir='ltr'>declarantur.</span> <span class='ocrx_word' id='word_1_160' title='bbox 1280 2652 1437 2731; x_wconf 78' lang='lat' dir='ltr'>Quorsum</span> <span class='ocrx_word' id='word_1_161' title='bbox 1465 2674 1541 2715; x_wconf 90' lang='lat' dir='ltr'>vero</span> 
     </span>
     <span class='ocr_line' id='line_1_21' title="bbox 494 2750 1541 2837; baseline -0.001 -21"><span class='ocrx_word' id='word_1_162' title='bbox 494 2751 658 2816; x_wconf 76' lang='lat' dir='ltr'>Cornelius</span> <span class='ocrx_word' id='word_1_163' title='bbox 681 2752 724 2814; x_wconf 80' lang='lat' dir='ltr'>nd</span> <span class='ocrx_word' id='word_1_164' title='bbox 747 2750 885 2814; x_wconf 87' lang='lat' dir='ltr'>Fabium</span> <span class='ocrx_word' id='word_1_165' title='bbox 905 2751 1058 2828; x_wconf 81' lang='lat' dir='ltr'>scribens,</span> <span class='ocrx_word' id='word_1_166' title='bbox 1078 2752 1142 2816; x_wconf 88' lang='lat' dir='ltr'>sive</span> <span class='ocrx_word' id='word_1_167' title='bbox 1166 2753 1385 2837; x_wconf 80' lang='lat' dir='ltr'>episcoporum</span> <span class='ocrx_word' id='word_1_168' title='bbox 1408 2753 1462 2837; x_wconf 94' lang='lat' dir='ltr'>qui</span> <span class='ocrx_word' id='word_1_169' title='bbox 1477 2753 1541 2816; x_wconf 89' lang='lat' dir='ltr'>Ro-</span> 
     </span>
     <span class='ocr_line' id='line_1_22' title="bbox 493 2851 1541 2940; baseline 0.002 -24"><span class='ocrx_word' id='word_1_170' title='bbox 493 2874 589 2917; x_wconf 81' lang='lat' dir='ltr'>meno</span> <span class='ocrx_word' id='word_1_171' title='bbox 609 2852 741 2916; x_wconf 81' lang='lat' dir='ltr'>coneilio</span> <span class='ocrx_word' id='word_1_172' title='bbox 761 2851 943 2926; x_wconf 78' lang='lat' dir='ltr'>adfuerant,</span> <span class='ocrx_word' id='word_1_173' title='bbox 965 2851 1030 2915; x_wconf 92' lang='lat' dir='ltr'>sive</span> <span class='ocrx_word' id='word_1_174' title='bbox 1052 2875 1162 2917; x_wconf 82' lang='lat' dir='ltr'>eorum</span> <span class='ocrx_word' id='word_1_175' title='bbox 1182 2855 1236 2940; x_wconf 90' lang='lat' dir='ltr'>qui</span> <span class='ocrx_word' id='word_1_176' title='bbox 1262 2855 1403 2939; x_wconf 89' lang='lat' dir='ltr'>ejusdem</span> <span class='ocrx_word' id='word_1_177' title='bbox 1428 2856 1541 2938; x_wconf 89' lang='lat' dir='ltr'>synodi</span> 
     </span>
     <span class='ocr_line' id='line_1_23' title="bbox 493 2952 1541 3037; baseline 0 -20"><span class='ocrx_word' id='word_1_178' title='bbox 493 2955 624 3018; x_wconf 75' lang='lat' dir='ltr'>decreto</span> <span class='ocrx_word' id='word_1_179' title='bbox 643 2975 701 3037; x_wconf 88' lang='lat' dir='ltr'>per</span> <span class='ocrx_word' id='word_1_180' title='bbox 719 2952 846 3017; x_wconf 75' lang='lat' dir='ltr'>litteras</span> <span class='ocrx_word' id='word_1_181' title='bbox 869 2952 1165 3036; x_wconf 78' lang='lat' dir='ltr'>comprobaverunt,</span> <span class='ocrx_word' id='word_1_182' title='bbox 1185 2952 1312 3016; x_wconf 81' lang='lat' dir='ltr'>nomino</span> <span class='ocrx_word' id='word_1_183' title='bbox 1336 2961 1370 3017; x_wconf 80' lang='lat' dir='ltr'>et</span> <span class='ocrx_word' id='word_1_184' title='bbox 1393 2954 1541 3017; x_wconf 85' lang='lat' dir='ltr'>eoelesins</span> 
     </span>
     <span class='ocr_line' id='line_1_24' title="bbox 494 3054 1537 3139; baseline -0.001 -20"><span class='ocrx_word' id='word_1_185' title='bbox 494 3064 562 3119; x_wconf 79' lang='lat' dir='ltr'>tam</span> <span class='ocrx_word' id='word_1_186' title='bbox 585 3061 734 3118; x_wconf 80' lang='lat' dir='ltr'>noeurate</span> <span class='ocrx_word' id='word_1_187' title='bbox 756 3054 932 3128; x_wconf 78' lang='lat' dir='ltr'>annotarit,</span> <span class='ocrx_word' id='word_1_188' title='bbox 954 3075 972 3117; x_wconf 90' lang='lat' dir='ltr'>e</span> <span class='ocrx_word' id='word_1_189' title='bbox 994 3054 1137 3139; x_wconf 82' lang='lat' dir='ltr'>subjecta</span> <span class='ocrx_word' id='word_1_190' title='bbox 1157 3055 1307 3139; x_wconf 77' lang='lat' dir='ltr'>Cypriani</span> <span class='ocrx_word' id='word_1_191' title='bbox 1321 3054 1468 3139; x_wconf 81' lang='lat' dir='ltr'>Epistola</span> <span class='ocrx_word' id='word_1_192' title='bbox 1484 3056 1537 3119; x_wconf 89' lang='lat' dir='ltr'>xii.</span> 
     </span>
     <span class='ocr_line' id='line_1_25' title="bbox 493 3155 1540 3242; baseline -0.002 -21"><span class='ocrx_word' id='word_1_193' title='bbox 493 3180 526 3221; x_wconf 91' lang='lat' dir='ltr'>n.</span> <span class='ocrx_word' id='word_1_194' title='bbox 543 3159 573 3222; x_wconf 90' lang='lat'>8.</span> <span class='ocrx_word' id='word_1_195' title='bbox 596 3157 742 3242; x_wconf 79' lang='lat' dir='ltr'>colligere</span> <span class='ocrx_word' id='word_1_196' title='bbox 766 3157 851 3233; x_wconf 81' lang='lat' dir='ltr'>lieet,</span> <span class='ocrx_word' id='word_1_197' title='bbox 873 3156 927 3219; x_wconf 89' lang='lat' dir='ltr'>ubi</span> <span class='ocrx_word' id='word_1_198' title='bbox 951 3178 1023 3219; x_wconf 86' lang='lat' dir='ltr'>oum</span> <span class='ocrx_word' id='word_1_199' title='bbox 1048 3155 1132 3218; x_wconf 89' lang='lat' dir='ltr'>idem</span> <span class='ocrx_word' id='word_1_200' title='bbox 1156 3156 1271 3239; x_wconf 85' lang='lat' dir='ltr'>praesul</span> <span class='ocrx_word' id='word_1_201' title='bbox 1296 3157 1338 3219; x_wconf 85' lang='lat' dir='ltr'>nd</span> <span class='ocrx_word' id='word_1_202' title='bbox 1361 3156 1540 3220; x_wconf 79' lang='lat' dir='ltr'>Cornelium</span> 
     </span>
     <span class='ocr_line' id='line_1_26' title="bbox 494 3256 1541 3343; baseline -0.002 -21"><span class='ocrx_word' id='word_1_203' title='bbox 494 3259 637 3343; x_wconf 86' lang='lat' dir='ltr'>proxime</span> <span class='ocrx_word' id='word_1_204' title='bbox 661 3258 784 3322; x_wconf 84' lang='lat' dir='ltr'>misisse</span> <span class='ocrx_word' id='word_1_205' title='bbox 806 3280 840 3321; x_wconf 88' lang='lat' dir='ltr'>se</span> <span class='ocrx_word' id='word_1_206' title='bbox 865 3257 998 3321; x_wconf 75' lang='lat' dir='ltr'>dixisset</span> <span class='ocrx_word' id='word_1_207' title='bbox 1021 3256 1147 3320; x_wconf 77' lang='lat' dir='ltr'>rromioa</span> <span class='ocrx_word' id='word_1_208' title='bbox 1168 3257 1380 3341; x_wconf 71' lang='lat' dir='ltr'>eJrisooporum,</span> <span class='ocrx_word' id='word_1_209' title='bbox 1396 3258 1451 3341; x_wconf 77' lang='lat' dir='ltr'>qui</span> <span class='ocrx_word' id='word_1_210' title='bbox 1470 3259 1541 3320; x_wconf 78' lang='lat' dir='ltr'>soni</span> 
     </span>
     <span class='ocr_line' id='line_1_27' title="bbox 493 3357 1540 3447; baseline -0.002 -22"><span class='ocrx_word' id='word_1_211' title='bbox 493 3371 520 3425; x_wconf 77' lang='lat' dir='ltr'>et</span> <span class='ocrx_word' id='word_1_212' title='bbox 548 3361 660 3447; x_wconf 68' lang='grc' dir='ltr'>ἱντνηνί</span> <span class='ocrx_word' id='word_1_213' title='bbox 688 3361 723 3424; x_wconf 81' lang='lat' dir='ltr'>ie</span> <span class='ocrx_word' id='word_1_214' title='bbox 750 3359 872 3423; x_wconf 67' lang='lat' dir='ltr'>eeclesia</span> <span class='ocrx_word' id='word_1_215' title='bbox 900 3357 1047 3422; x_wconf 67' lang='lat' dir='ltr'>melica</span> <span class='ocrx_word' id='word_1_216' title='bbox 1066 3357 1225 3441; x_wconf 74' lang='lat' dir='ltr'>fratribus</span> <span class='ocrx_word' id='word_1_217' title='bbox 1248 3368 1398 3442; x_wconf 69' lang='lat' dir='ltr'>proemnt,</span> <span class='ocrx_word' id='word_1_218' title='bbox 1429 3361 1540 3424; x_wconf 81' lang='lat' dir='ltr'>stetim</span> 
     </span>
     <span class='ocr_line' id='line_1_28' title="bbox 493 3460 1540 3548; baseline -0.003 -20"><span class='ocrx_word' id='word_1_219' title='bbox 493 3464 658 3548; x_wconf 77' lang='lat' dir='ltr'>adjungit:</span> <span class='ocrx_word' id='word_1_220' title='bbox 683 3463 770 3543; x_wconf 78' lang='lat' dir='ltr'>Quod</span> <span class='ocrx_word' id='word_1_221' title='bbox 786 3465 890 3547; x_wconf 75' lang='lat' dir='ltr'>otique</span> <span class='ocrx_word' id='word_1_222' title='bbox 904 3461 940 3525; x_wconf 72' lang='lat' dir='ltr'>de</span> <span class='ocrx_word' id='word_1_223' title='bbox 953 3461 1086 3523; x_wconf 77' lang='lat' dir='ltr'>onmium</span> <span class='ocrx_word' id='word_1_224' title='bbox 1099 3468 1265 3522; x_wconf 63' lang='lat' dir='ltr'>metrorum</span> <span class='ocrx_word' id='word_1_225' title='bbox 1278 3460 1400 3523; x_wconf 70' lang='lat' dir='ltr'>oonsilio</span> <span class='ocrx_word' id='word_1_226' title='bbox 1411 3461 1540 3544; x_wconf 76' lang='lat' dir='ltr'>placuit,</span> 
     </span>
     <span class='ocr_line' id='line_1_29' title="bbox 494 3562 1542 3648; baseline -0.005 -18"><span class='ocrx_word' id='word_1_227' title='bbox 494 3575 528 3629; x_wconf 76' lang='lat' dir='ltr'>ut</span> <span class='ocrx_word' id='word_1_228' title='bbox 555 3568 667 3630; x_wconf 61' lang='lat' dir='ltr'>morse</span> <span class='ocrx_word' id='word_1_229' title='bbox 694 3565 833 3629; x_wconf 66' lang='lat' dir='ltr'>dihrmedi</span> <span class='ocrx_word' id='word_1_230' title='bbox 861 3585 898 3627; x_wconf 82' lang='lat' dir='ltr'>oe</span> <span class='ocrx_word' id='word_1_231' title='bbox 921 3563 1145 3648; x_wconf 76' lang='lat' dir='ltr'>perspiciendoe</span> <span class='ocrx_word' id='word_1_232' title='bbox 1172 3562 1309 3625; x_wconf 61' lang='lat' dir='ltr'>emutire</span> <span class='ocrx_word' id='word_1_233' title='bbox 1337 3563 1542 3646; x_wconf 76' lang='lat' dir='ltr'>oompendium</span> 
     </span>
     <span class='ocr_line' id='line_1_30' title="bbox 486 3661 1543 3752; baseline -0.007 -20"><span class='ocrx_word' id='word_1_234' title='bbox 486 3671 583 3752; x_wconf 74' lang='lat' dir='ltr'>fieret,</span> <span class='ocrx_word' id='word_1_235' title='bbox 598 3677 627 3731; x_wconf 74' lang='lat' dir='ltr'>et</span> <span class='ocrx_word' id='word_1_236' title='bbox 640 3668 730 3730; x_wconf 75' lang='lat' dir='ltr'>scires</span> <span class='ocrx_word' id='word_1_237' title='bbox 751 3677 785 3730; x_wconf 77' lang='lat' dir='ltr'>to</span> <span class='ocrx_word' id='word_1_238' title='bbox 803 3676 831 3730; x_wconf 73' lang='lat' dir='ltr'>et</span> <span class='ocrx_word' id='word_1_239' title='bbox 849 3666 966 3748; x_wconf 66' lang='lat' dir='ltr'>colleoae</span> <span class='ocrx_word' id='word_1_240' title='bbox 986 3666 1093 3736; x_wconf 66' lang='grc' dir='ltr'>νοητή,</span> <span class='ocrx_word' id='word_1_241' title='bbox 1107 3662 1214 3749; x_wconf 75' lang='lat' dir='ltr'>quibos</span> <span class='ocrx_word' id='word_1_242' title='bbox 1233 3661 1370 3738; x_wconf 74' lang='lat' dir='ltr'>seribere,</span> <span class='ocrx_word' id='word_1_243' title='bbox 1386 3673 1413 3725; x_wconf 76' lang='lat' dir='ltr'>et</span> <span class='ocrx_word' id='word_1_244' title='bbox 1426 3663 1543 3726; x_wconf 69' lang='lat' dir='ltr'>litteras</span> 
     </span>
     <span class='ocr_line' id='line_1_31' title="bbox 494 3767 1541 3853; baseline -0.004 -21"><span class='ocrx_word' id='word_1_245' title='bbox 494 3780 596 3832; x_wconf 74' lang='lat' dir='ltr'>metuo</span> <span class='ocrx_word' id='word_1_246' title='bbox 617 3791 639 3832; x_wconf 82' lang='lat' dir='ltr'><strong><em>a</em></strong></span> <span class='ocrx_word' id='word_1_247' title='bbox 661 3767 768 3853; x_wconf 77' lang='lat' dir='ltr'>quibos</span> <span class='ocrx_word' id='word_1_248' title='bbox 787 3790 837 3831; x_wconf 77' lang='lat' dir='ltr'>ooo</span> <span class='ocrx_word' id='word_1_249' title='bbox 856 3768 991 3850; x_wconf 73' lang='lat' dir='ltr'>occipere</span> <span class='ocrx_word' id='word_1_250' title='bbox 1016 3774 1179 3851; x_wconf 63' lang='lat' dir='ltr'>oporteret.-</span> <span class='ocrx_word' id='word_1_251' title='bbox 1211 3773 1382 3847; x_wconf 85' lang='lat' dir='ltr'>monetque</span> <span class='ocrx_word' id='word_1_252' title='bbox 1407 3773 1541 3840; x_wconf 79' lang='lat' dir='ltr'>eeteros,</span> 
     </span>
     <span class='ocr_line' id='line_1_32' title="bbox 495 3865 1541 3953; baseline -0.005 -21"><span class='ocrx_word' id='word_1_253' title='bbox 495 3891 574 3953; x_wconf 91' lang='lat' dir='ltr'>quos</span> <span class='ocrx_word' id='word_1_254' title='bbox 589 3869 622 3931; x_wconf 93' lang='lat' dir='ltr'>in</span> <span class='ocrx_word' id='word_1_255' title='bbox 637 3868 772 3953; x_wconf 82' lang='lat' dir='ltr'>epistola</span> <span class='ocrx_word' id='word_1_256' title='bbox 786 3890 845 3931; x_wconf 87' lang='lat' dir='ltr'>sun</span> <span class='ocrx_word' id='word_1_257' title='bbox 861 3868 976 3944; x_wconf 81' lang='lat' dir='ltr'>tnouit,</span> <span class='ocrx_word' id='word_1_258' title='bbox 990 3868 1039 3931; x_wconf 92' lang='lat' dir='ltr'>vel</span> <span class='ocrx_word' id='word_1_259' title='bbox 1058 3866 1212 3930; x_wconf 77' lang='lat' dir='ltr'>sacrificio</span> <span class='ocrx_word' id='word_1_260' title='bbox 1234 3872 1290 3929; x_wconf 78' lang='lat' dir='ltr'>aut</span> <span class='ocrx_word' id='word_1_261' title='bbox 1312 3865 1416 3928; x_wconf 92' lang='lat' dir='ltr'>libello</span> <span class='ocrx_word' id='word_1_262' title='bbox 1437 3887 1541 3928; x_wconf 85' lang='lat' dir='ltr'>mecu-</span> 
     </span>
     <span class='ocr_line' id='line_1_33' title="bbox 495 3967 1542 4052; baseline -0.004 -17"><span class='ocrx_word' id='word_1_263' title='bbox 495 3970 578 4035; x_wconf 77' lang='lat' dir='ltr'>latos</span> <span class='ocrx_word' id='word_1_264' title='bbox 593 3991 662 4034; x_wconf 87' lang='lat' dir='ltr'>esse</span> <span class='ocrx_word' id='word_1_265' title='bbox 676 3976 734 4032; x_wconf 79' lang='lat' dir='ltr'>aut</span> <span class='ocrx_word' id='word_1_266' title='bbox 754 3968 867 4032; x_wconf 85' lang='lat' dir='ltr'>haeresi</span> <span class='ocrx_word' id='word_1_267' title='bbox 888 3990 1060 4052; x_wconf 90' lang='lat' dir='ltr'>perversos.</span> <span class='ocrx_word' id='word_1_268' title='bbox 1119 3968 1210 4031; x_wconf 87' lang='lat' dir='ltr'>Idem</span> <span class='ocrx_word' id='word_1_269' title='bbox 1230 3967 1328 4052; x_wconf 80' lang='lat' dir='ltr'>igitur</span> <span class='ocrx_word' id='word_1_270' title='bbox 1341 3968 1495 4051; x_wconf 66' lang='lat' dir='ltr'>praestitit</span> <span class='ocrx_word' id='word_1_271' title='bbox 1509 3980 1542 4031; x_wconf 76' lang='lat' dir='ltr'>eo</span> 
     </span>
     <span class='ocr_line' id='line_1_34' title="bbox 496 4069 1542 4154; baseline -0.002 -19"><span class='ocrx_word' id='word_1_272' title='bbox 496 4071 672 4148; x_wconf 86' lang='lat' dir='ltr'>Cornelius,</span> <span class='ocrx_word' id='word_1_273' title='bbox 698 4079 733 4135; x_wconf 90' lang='lat' dir='ltr'>ut</span> <span class='ocrx_word' id='word_1_274' title='bbox 754 4070 974 4133; x_wconf 86' lang='lat' dir='ltr'>communione</span> <span class='ocrx_word' id='word_1_275' title='bbox 996 4069 1050 4154; x_wconf 91' lang='lat' dir='ltr'>qui</span> <span class='ocrx_word' id='word_1_276' title='bbox 1074 4069 1211 4154; x_wconf 87' lang='lat' dir='ltr'>episeopi</span> <span class='ocrx_word' id='word_1_277' title='bbox 1237 4078 1344 4135; x_wconf 72' lang='lat' dir='ltr'>esseni</span> <span class='ocrx_word' id='word_1_278' title='bbox 1366 4069 1464 4154; x_wconf 86' lang='lat' dir='ltr'>digni,</span> <span class='ocrx_word' id='word_1_279' title='bbox 1489 4070 1542 4153; x_wconf 92' lang='lat' dir='ltr'>qui</span> 
     </span>
     <span class='ocr_line' id='line_1_35' title="bbox 495 4170 1544 4259; baseline -0.004 -21"><span class='ocrx_word' id='word_1_280' title='bbox 495 4174 628 4259; x_wconf 86' lang='lat' dir='ltr'>indigni,</span> <span class='ocrx_word' id='word_1_281' title='bbox 642 4194 706 4237; x_wconf 93' lang='lat' dir='ltr'>non</span> <span class='ocrx_word' id='word_1_282' title='bbox 719 4172 844 4236; x_wconf 75' lang='lat' dir='ltr'>lateret.</span> <span class='ocrx_word' id='word_1_283' title='bbox 868 4171 1005 4248; x_wconf 87' lang='lat' dir='ltr'>Exinde,</span> <span class='ocrx_word' id='word_1_284' title='bbox 1021 4170 1195 4254; x_wconf 82' lang='lat' dir='ltr'>eodemque</span> <span class='ocrx_word' id='word_1_285' title='bbox 1210 4171 1250 4235; x_wconf 90' lang='lat' dir='ltr'>de</span> <span class='ocrx_word' id='word_1_286' title='bbox 1265 4193 1370 4247; x_wconf 81' lang='lat' dir='ltr'>eausa,</span> <span class='ocrx_word' id='word_1_287' title='bbox 1382 4172 1544 4234; x_wconf 84' lang='lat' dir='ltr'>Romanos</span> 
     </span>
     <span class='ocr_line' id='line_1_36' title="bbox 495 4271 1543 4360; baseline -0.003 -21"><span class='ocrx_word' id='word_1_288' title='bbox 495 4276 661 4359; x_wconf 76' lang='lat' dir='ltr'>pontifices</span> <span class='ocrx_word' id='word_1_289' title='bbox 680 4296 809 4360; x_wconf 85' lang='lat' dir='ltr'>opernm</span> <span class='ocrx_word' id='word_1_290' title='bbox 828 4275 953 4337; x_wconf 88' lang='lat' dir='ltr'>dedisse</span> <span class='ocrx_word' id='word_1_291' title='bbox 970 4271 1130 4356; x_wconf 76' lang='lat' dir='ltr'>eonjeotet</span> <span class='ocrx_word' id='word_1_292' title='bbox 1145 4272 1374 4346; x_wconf 76' lang='lat' dir='ltr'>Tillemontius,</span> <span class='ocrx_word' id='word_1_293' title='bbox 1390 4280 1427 4336; x_wconf 78' lang='lat' dir='ltr'>ut</span> <span class='ocrx_word' id='word_1_294' title='bbox 1447 4273 1543 4359; x_wconf 91' lang='lat' dir='ltr'>siqui</span> 
     </span>
     <span class='ocr_line' id='line_1_37' title="bbox 496 4370 1544 4461; baseline -0.003 -21"><span class='ocrx_word' id='word_1_295' title='bbox 496 4376 715 4461; x_wconf 75' lang='lat' dir='ltr'>episcoporum</span> <span class='ocrx_word' id='word_1_296' title='bbox 738 4375 869 4460; x_wconf 81' lang='lat' dir='ltr'>collegio</span> <span class='ocrx_word' id='word_1_297' title='bbox 891 4395 1002 4438; x_wconf 84' lang='lat' dir='ltr'>reeens</span> <span class='ocrx_word' id='word_1_298' title='bbox 1027 4370 1138 4434; x_wconf 77' lang='lat' dir='ltr'>soointi</span> <span class='ocrx_word' id='word_1_299' title='bbox 1164 4381 1281 4448; x_wconf 81' lang='lat' dir='ltr'>essent,</span> <span class='ocrx_word' id='word_1_300' title='bbox 1305 4374 1404 4437; x_wconf 74' lang='lat' dir='ltr'>ooteri</span> <span class='ocrx_word' id='word_1_301' title='bbox 1426 4375 1544 4458; x_wconf 86' lang='lat' dir='ltr'>ubique</span> 
     </span>
     <span class='ocr_line' id='line_1_38' title="bbox 496 4475 1544 4561; baseline -0.001 -19"><span class='ocrx_word' id='word_1_302' title='bbox 496 4486 654 4542; x_wconf 84' lang='lat' dir='ltr'>terrorum</span> <span class='ocrx_word' id='word_1_303' title='bbox 668 4477 818 4561; x_wconf 84' lang='lat' dir='ltr'>praesules</span> <span class='ocrx_word' id='word_1_304' title='bbox 832 4499 871 4540; x_wconf 83' lang='lat' dir='ltr'>ee</span> <span class='ocrx_word' id='word_1_305' title='bbox 885 4477 925 4540; x_wconf 91' lang='lat' dir='ltr'>de</span> <span class='ocrx_word' id='word_1_306' title='bbox 939 4498 975 4540; x_wconf 89' lang='lat' dir='ltr'>re</span> <span class='ocrx_word' id='word_1_307' title='bbox 989 4475 1142 4541; x_wconf 79' lang='lat' dir='ltr'>oertiores</span> <span class='ocrx_word' id='word_1_308' title='bbox 1152 4475 1274 4540; x_wconf 76' lang='lat' dir='ltr'>fierent.</span> <span class='ocrx_word' id='word_1_309' title='bbox 1319 4476 1417 4541; x_wconf 76' lang='lat' dir='ltr'>Certe</span> <span class='ocrx_word' id='word_1_310' title='bbox 1431 4478 1544 4541; x_wconf 72' lang='lat' dir='ltr'>lecturi</span> 
     </span>
     <span class='ocr_line' id='line_1_39' title="bbox 497 4577 1544 4665; baseline 0.003 -23"><span class='ocrx_word' id='word_1_311' title='bbox 497 4600 605 4643; x_wconf 84' lang='lat' dir='ltr'>sumus</span> <span class='ocrx_word' id='word_1_312' title='bbox 619 4577 815 4662; x_wconf 85' lang='lat' dir='ltr'>Cyprinnum</span> <span class='ocrx_word' id='word_1_313' title='bbox 829 4600 850 4643; x_wconf 85' lang='lat' dir='ltr'>o</span> <span class='ocrx_word' id='word_1_314' title='bbox 865 4578 1029 4663; x_wconf 73' lang='lat' dir='ltr'>Stephano</span> <span class='ocrx_word' id='word_1_315' title='bbox 1048 4598 1133 4663; x_wconf 77' lang='lat' dir='ltr'>pepo</span> <span class='ocrx_word' id='word_1_316' title='bbox 1153 4577 1291 4662; x_wconf 75' lang='lat' dir='ltr'>petiisse,</span> <span class='ocrx_word' id='word_1_317' title='bbox 1306 4587 1345 4643; x_wconf 75' lang='lat' dir='ltr'>ut</span> <span class='ocrx_word' id='word_1_318' title='bbox 1359 4602 1452 4665; x_wconf 89' lang='lat' dir='ltr'>quem</span> <span class='ocrx_word' id='word_1_319' title='bbox 1472 4583 1544 4645; x_wconf 84' lang='lat' dir='ltr'>sub-</span> 
     </span>
    </p>
   </div>
   <div class='ocr_carea' id='block_1_5' title="bbox 0 0 1863 5667">
    <p class='ocr_par' dir='ltr' id='par_1_7' title="bbox 0 0 1863 5667">
     <span class='ocr_line' id='line_1_40' title="bbox 0 0 1863 5667; baseline 0 0"><span class='ocrx_word' id='word_1_320' title='bbox 0 0 1863 5667; x_wconf 95' lang='lat' dir='ltr'> </span> 
     </span>
    </p>
   </div>
  </div>
 </body>
</html>
