3700 5667
502 667 748 732 ANNO'l'A'l'.
776 667 826 730 IN
853 667 1075 728 HYMNUM
1104 665 1333 728 VESPERT.
1378 666 1445 731 517

394 838 541 902 Authore
552 837 613 900 sibi
622 859 685 900 non
698 844 845 901 constare
855 836 902 901 ait
912 834 1166 922 expressissime:
1191 834 1264 899 ideo
1275 835 1345 899 illos
1360 836 1444 900 ratio

320 1022 323 1031 Ι
396 939 534 1004 maxime
558 941 650 1026 fugit,
675 940 730 1024 qui
756 939 844 1003 illum
870 939 902 1002 in
929 939 1133 1023 sequentibus
1159 938 1364 1024 Athenogeni
1389 939 1445 1003 ad·

396 1042 533 1106 seribere
562 1043 683 1107 volunt.
737 1045 789 1107 De
817 1042 880 1107 elio
910 1042 994 1106 enirn
1023 1041 1141 1127 hymno
1170 1041 1322 1126 loquitur,
1350 1064 1445 1128 quem

396 1152 524 1209 sanetus
543 1143 595 1209 ille
615 1144 769 1230 martyrio
789 1143 965 1230 perignem
982 1143 1065 1225 (vide
1082 1143 1292 1228 Martyrolog.
1308 1143 1445 1208 Roman.

397 1246 440 1310 ad
462 1246 546 1310 xviii.
569 1245 654 1311 diem
674 1246 850 1328 Januarii.)
870 1245 1006 1332 jamjam
1029 1245 1294 1310 consummandus
1319 1245 1444 1323 oeeinit,

398 1357 432 1412 et
446 1348 532 1433 apud
546 1346 665 1412 amieos
681 1347 863 1432 reliquerat,
878 1347 911 1410 in
927 1369 991 1432 quo
1005 1347 1117 1412 eadem
1131 1347 1172 1411 de
1188 1347 1310 1433 Spiritu
1326 1347 1446 1412 Sanoto

398 1448 497 1514 effata
515 1449 733 1525 oeourrebant
780 1448 1008 1533 Athenogenes
1028 1455 1137 1513 autem
1154 1457 1225 1512 erat
1241 1450 1273 1513 S.
1289 1448 1445 1514 Clementi

399 1552 618 1617 Alexandnnn
646 1554 823 1635 σύγχρανος,
854 1550 945 1636 eujus
973 1558 1104 1616 aetatem
1133 1550 1227 1635 longe
1255 1571 1447 1636 exsuperare

398 1654 524 1719 videtur
537 1654 588 1718 hio
601 1654 746 1739 hymnus,
759 1674 853 1737 quem
868 1653 909 1716 ob
924 1652 1150 1737 antiquitatem
1165 1651 1333 1737 plusquam
1347 1652 1445 1718 semel

399 1758 511 1822 laudat
539 1757 572 1821 S.
595 1756 742 1821 Basilius.
788 1757 878 1819 Ante
907 1755 1035 1819 dixerat
1064 1777 1098 1819 se
1128 1769 1275 1818 eoactum
1303 1755 1446 1839 proferre

399 1859 483 1924 hune
504 1860 656 1946 hymnum
678 1859 710 1922 in
732 1857 951 1922 testimonium
973 1860 1022 1920 did
1044 1857 1098 1935 τὴν
1119 1860 1172 1919 τοῦ
1192 1857 1303 1938 χρόνον
1325 1859 1447 1941 ἀρχαιό-

399 1987 473 2042 τητα
497 1972 628 2047 propter
653 1959 806 2046 temporis
832 1959 1074 2044 antiquitatem!
1124 1958 1170 2022 Et
1195 1957 1330 2036 videtur,
1357 1964 1447 2043 (nam

400 2063 452 2128 hio
467 2064 542 2127 solis
556 2062 746 2149 oonjeetnris
759 2063 918 2147 agendum
933 2063 995 2144 est)
1012 2061 1077 2125 sive
1091 2083 1131 2125 ex
1145 2059 1304 2123 communi
1319 2060 1447 2125 decreto

401 2166 577 2240 institutus,
593 2165 657 2229 sive
672 2165 883 2229 invalescente
898 2163 1126 2228 consuetudine
1140 2169 1298 2247 reoeptus,
1313 2169 1347 2227 et
1360 2163 1447 2249 apud

401 2267 550 2353 populum
564 2265 701 2331 maxime
718 2266 881 2330 familiaris
900 2265 1055 2342 redditus,
1071 2265 1125 2350 qui
1139 2286 1198 2350 pro
1216 2286 1304 2328 more
1327 2263 1447 2328 solenni

401 2370 484 2434 hane
497 2369 673 2455 gratiarnm
688 2368 823 2433 aetionis
837 2368 1005 2432 formulam
1020 2374 1191 2452 appetente
1206 2375 1300 2430 noete
1314 2388 1447 2451 usurpa·

401 2474 468 2539 bat.
493 2473 581 2537 Male
591 2472 690 2557 igitur
699 2471 813 2550 Graeei,
824 2493 887 2556 quo
897 2477 1141 2535 auctoramento
1152 2469 1225 2533 freti
1238 2468 1352 2548 neseio,
1363 2470 1448 2535 huno

402 2577 553 2661 hymnum
583 2573 761 2658 Sophronio
790 2572 981 2658 patriarchae
1011 2571 1301 2656 Hierosolymitano
1330 2571 1448 2636 adseri·

405 2678 496 2740 bunt.
543 2674 638 2740 Hane
664 2697 739 2739 vero
766 2675 941 2757 ἐπιλύχνιαν
966 2675 1160 2758 εὐχαριστίαν
1184 2697 1350 2761 perperam
1375 2698 1447 2740 oon·

402 2778 506 2842 fundit
520 2777 568 2840 vir
583 2777 739 2840 maximus
755 2776 797 2839 D.
815 2775 967 2840 Usserius
986 2798 1059 2839 omn
1077 2779 1239 2862 ἑτιλνχνίιρ
1253 2781 1378 2863 ψαλμῷ,
1394 2775 1449 2863 qui

403 2888 452 2944 est
469 2879 614 2943 Psalmns
634 2879 694 2942 oxl.
711 2879 807 2963 juxta
828 2900 977 2942 numeros
997 2880 1136 2957 Graeoos,
1151 2879 1199 2943 uti
1219 2879 1365 2943 Psalmns
1382 2877 1449 2942 lxii.

403 2980 508 3044 dietus
532 2987 583 3044 est
605 2982 759 3062 ὅρθρινοςι
791 2980 876 3065 quod
902 3002 943 3044 ex
967 2978 1149 3044 Athanasio
1175 2979 1208 3043 in
1235 2979 1382 3066 Epistola
1406 2981 1450 3044 ad

407 3080 639 3159 Marcellinum,
669 3089 702 3146 et
732 3081 772 3146 de
798 3081 1007 3166 Virginitate,
1036 3092 1070 3148 et
1099 3105 1139 3146 ex
1167 3083 1451 3148 constitutionibus

406 3181 600 3268 Apostolieis
619 3183 747 3246 abunde
767 3190 867 3268 patet.
891 3184 966 3247 Lib.
981 3183 1014 3247 ii.
1030 3205 1099 3268 cap.
1114 3202 1168 3266 59.
1183 3192 1217 3248 et
1231 3185 1285 3248 lib.
1301 3185 1364 3248 viii.
1380 3207 1450 3270 eap.

405 3304 456 3370 35.
472 3306 546 3347 uam
562 3283 704 3368 proxime
719 3283 864 3366 sequitur
877 3304 947 3367 oep.
964 3287 1015 3366 3⁶·
1037 3286 1251 3364 προσφώνησις
1266 3287 1449 3367 ἐπιλύχνιντ,

404 3386 469 3450 sive
491 3386 604 3450 Oratio
627 3384 822 3460 Luceruelis
844 3406 865 3447 a
888 3383 1017 3448 Psalmo
1040 3384 1202 3461 distincta,
1222 3394 1256 3449 et
1278 3386 1451 3469 εὐχαριστία

405 3491 576 3571 ε’τιλύχνιος
595 3509 616 3551 a
637 3495 749 3551 nostra
767 3485 896 3549 omnino
912 3487 1046 3561 diversa,
1063 3499 1097 3551 et
1112 3487 1205 3572 longe
1219 3488 1364 3574 amplior,
1380 3510 1451 3573 cap.

405 3610 456 3674 37.
473 3589 521 3653 uti
535 3589 589 3652 illa
602 3610 738 3674 quoque,
750 3610 821 3673 quse
835 3596 909 3673 post
924 3588 1076 3673 hymnum
1089 3589 1284 3653 matutinum
1298 3589 1451 3673 sequitur,

407 3701 440 3757 et
454 3692 584 3756 titulum
600 3692 729 3776 praeiert
745 3694 913 3771 ἑσπεριναῦ,
930 3690 984 3754 lib.
1000 3690 1052 3754 vii.
1068 3713 1138 3777 cap.
1155 3693 1209 3771 48.
1234 3689 1454 3756 SMITHUS.

450 3793 503 3856 Sio
526 3793 566 3856 de
588 3792 706 3876 hymno
730 3791 878 3876 exposuit
900 3790 948 3855 vir
969 3791 1172 3871 clarissimus,
1196 3792 1327 3876 Collegii
1348 3791 1451 3856 nostri

405 3920 555 3980 magnum
577 3899 683 3961 decus.
729 3897 800 3981 Ego
823 3896 855 3960 S.
871 3895 982 3960 Basilii
1004 3896 1053 3959 M.
1074 3896 1267 3961 auctoritate
1289 3895 1382 3959 nixus
1404 3915 1454 3958 oe-

406 4001 486 4065 teris
510 4021 670 4085 germenae
696 3998 899 4082 antiquitatis
925 3998 1052 4082 seriptis
1075 3998 1136 4062 hoe
1158 4020 1285 4062 carmen
1311 3996 1452 4081 adjunxi.

406 4101 546 4184 Jamque
564 4124 603 4165 ex
618 4102 728 4165 eodem
745 4100 876 4175 Basilio,
892 4122 955 4182 quo
975 4100 1077 4184 magis
1091 4100 1138 4163 vis
1157 4100 1338 4183 argumenti
1355 4099 1397 4162 ab
1414 4120 1454 4162 eo

407 4225 447 4266 ox
462 4204 580 4288 hymno
594 4203 687 4288 petiti
707 4201 841 4278 eluceat,
856 4201 1012 4286 ampliora
1031 4201 1186 4265 describo.
1232 4200 1286 4264 lta
1302 4200 1385 4263 enim
1402 4200 1453 4265 ille

406 4326 476 4389 oap.
495 4323 545 4386 29.
571 4304 658 4367 Libri
679 4305 728 4367 De
750 4303 874 4387 Spiritu
896 4303 933 4366 S.
957 4310 1127 4386 postquam
1149 4301 1251 4364 multa
1272 4301 1455 4367 testimonia

407 4415 549 4469 veterum
568 4406 759 4489 scriptorum
779 4403 900 4480 attulit,
918 4403 949 4466 in
970 4403 1085 4488 quibus
1105 4401 1288 4488 praepositio
1307 4404 1365 4466 σὺν
1383 4425 1454 4466 oum

407 4506 481 4589 ἁγίῳ
510 4508 654 4584 πνεύματι
683 4504 897 4589 conjungitur,
925 4505 1080 4587 Patrique
1109 4527 1147 4568 ae
1177 4502 1260 4566 Filio
1287 4524 1350 4566 mm
1383 4526 1455 4568 oum

408 4608 529 4691 Spiritu
545 4608 578 4671 S.
593 4607 694 4692 gloria
713 4606 912 4680 attribuitur,
928 4611 975 4669 Τὰ
988 4610 1044 4685 μὲν
1059 4608 1113 4669 οὖν
1126 4607 1217 4677 ἄλλα,
1234 4604 1347 4688 inquit,
1364 4606 1456 4688 τυχὸν

408 4711 455 4773 καὶ
485 4712 683 4788 ἀπιστηθῆναι
712 4710 842 4780 δύναται,
873 4707 891 4785 ἣ
922 4710 970 4771 καὶ
998 4707 1230 4789 μεταγραφέντα
1259 4708 1456 4787 δυσφώρατον
