3700 5667
392 674 444 738 IN
466 674 498 736 S.
515 673 753 737 GREGORII
776 673 986 738 NEOCAES.
1003 675 1074 738 ΕΡ.
1090 672 1262 740 ΟΑΝΟΝ.
1306 678 1372 744 277

732 936 883 1003 OANON
909 939 967 1003 VI.

373 1144 410 1206 P.
426 1144 497 1207 262.
518 1142 538 1206 l.
558 1161 605 1226 13.
623 1140 813 1227 Ἀπηγγέλη]
835 1143 873 1205 In
894 1143 962 1207 edd.
983 1142 1127 1207 omnibus
1147 1151 1265 1227 praeter
1278 1144 1371 1230 prier-

328 1243 423 1328 eipem
438 1244 702 1328 Pariaiensemque
718 1245 814 1308 verba
828 1266 848 1308 a
862 1243 1033 1308 canonistis
1048 1243 1160 1307 addita
1174 1245 1369 1328 praeeedunt,

329 1348 404 1427 Περὶ
419 1352 477 1409 τῶν
492 1348 546 1431 βίη
561 1349 748 1429 κατεχόντων
762 1347 829 1413 τοὺς
844 1349 877 1410 ἐκ
891 1352 950 1409 τῶν
964 1343 1129 1427 βαρβάρων
1145 1348 1368 1429 αίχρολιέτουςε

328 1456 361 1512 et
381 1449 414 1511 in
434 1451 607 1513 Parisimei
628 1449 743 1514 Latina
763 1449 889 1535 quidem
910 1448 1056 1534 adposita
1079 1455 1163 1512 sunt.
1212 1448 1276 1513 Hie
1296 1472 1370 1514 vero

328 1550 449 1623 titulus,
473 1551 594 1635 pariter
614 1573 652 1615 aa
675 1550 771 1614 aeteri
794 1550 976 1625 canonibus,
1001 1550 1054 1635 qui
1081 1558 1266 1635 sequuntur,
1287 1573 1368 1636 prae·

327 1652 424 1725 missi,
440 1654 482 1717 ad
502 1676 574 1718 oras
594 1653 722 1738 quidem
741 1653 961 1716 nonnullorum
980 1651 1124 1716 rodinum
1138 1653 1263 1717 exarati
1283 1660 1368 1726 sunt,

328 1776 348 1817 a
369 1776 419 1817 sen
439 1761 545 1819 tamen
564 1753 713 1818 codicibus
731 1755 853 1840 seriptis
873 1755 1000 1819 absunt.
1045 1754 1193 1819 Ceterum
1215 1754 1370 1836 ἀπηγγέλη

327 1856 372 1920 τά.
399 1858 553 1942 princepis
584 1858 774 1941 seripturam
803 1880 861 1943 pro
890 1856 1064 1939 ἀπηγγέλθη
1096 1855 1226 1920 firmant
1258 1857 1371 1921 οοάίοτο

325 1959 433 2044 script-i
453 1981 560 2024 omnes.
606 1960 740 2026 Habent
760 1982 833 2024 vero
853 1958 1027 2043 ἀπηγγέλθη
1051 1958 1170 2044 Syllano
1191 1958 1371 2023 Pedalium.

328 2082 396 2144 que.

373 2164 458 2227 Ibid.
481 2163 501 2227 l.
523 2179 570 2246 15.
593 2166 667 2244 μηδὲ
692 2166 786 2244 ὄνομα
812 2166 934 2248 Κυρίου]
962 2163 1014 2227 Sia
1038 2163 1148 2227 Conoil.
1171 2169 1205 2228 et
1226 2163 1369 2248 Βοοονορ.

327 2287 386 2350 pro
399 2265 472 2345 μήτε
486 2269 520 2329 τὸ
536 2269 562 2329 ὅ.
579 2271 614 2329 Κ.
631 2266 778 2330 firmante
792 2266 855 2330 οοά.
873 2282 946 2351 205.
963 2273 997 2329 et
1010 2265 1146 2329 fortasse
1162 2264 1232 2329 aliia
1246 2265 1370 2329 duobus

328 2365 557 2450 manuscriptis.
604 2367 684 2428 Mox
703 2365 890 2450 particulam
905 2367 959 2429 οὖν
978 2374 1052 2449 post
1066 2365 1265 2429 &nasseinais
1284 2364 1370 2430 solus

328 2467 418 2531 addit
433 2467 495 2530 οοά.
512 2469 585 2551 625.
600 2468 702 2530 Rnwl.
741 2469 825 2547 Μήτε
840 2469 943 2532 οὖντὸ
958 2467 1079 2554 Syllano
1095 2467 1333 2552 Pedaliamqua.

371 2568 408 2632 P.
425 2568 533 2665 ²⁶3·.¹·
550 2588 582 2652 3.
605 2569 808 2654 πράσσοντας]
831 2569 980 2633 Balsama
1002 2568 1176 2654 interpres:
1195 2567 1330 2648 Ἐμσθεν
1351 2569 1369 2630 ὁ

328 2670 411 2750 ἀγιος
434 2671 472 2735 ὥς
494 2695 571 2736 τινες
596 2672 747 2751 ὀρθάάοξοι
772 2672 955 2754 αἰχμάλωτοι
979 2674 1031 2738 τὰς
1055 2673 1242 2752 βαρβαρικὰς
1266 2675 1370 2752 χεῖρας

328 2773 523 2853 διαφυγόντες
543 2771 716 2854 κατέχονται
732 2775 791 2837 ὑπό
807 2799 896 2837 τινων
915 2776 990 2836 κατά
1009 2774 1092 2852 βίον,
1114 2772 1162 2836 καὶ
1179 2772 1214 2836 οὗ
1230 2797 1370 2854 παραχο-

326 2879 447 2953 ροΰνται
468 2877 567 2936 οἴκαδε
587 2874 785 2957 ὑποστρέψαι.
808 2876 902 2956 φησὶν
922 2876 976 2939 οὖν
995 2874 1068 2956 πρὸς
1088 2875 1139 2941 om
1159 2874 1314 2952 ἀπεστάλη
1333 2871 1368 2936 τά

328 2977 552 3055 ίπιστολιμαῖον
574 2981 659 3039 τοῦτο
681 2977 810 3058 γράμμα,
834 2979 873 3044 ὣς
893 2981 979 3040 τοῦτο
1005 2976 1054 3039 καὶ
1075 2975 1201 3038 άτιστον
1224 2974 1369 3053 ἐλογίσθη

328 3078 416 3161 αὐτῷ.
443 3078 532 3159 ἔργον
555 3082 613 3160 γὰρ
637 3081 720 3143 ἔστιν
739 3081 873 3143 ἀπίστων
894 3079 942 3142 καὶ
966 3080 1097 3156 ἀσεβῶν·
1124 3079 1151 3139 εἰ
1173 3078 1206 3138 δὲ
1229 3074 1368 3156 γέγονεν,

328 3180 517 3256 ἀνεκδίκητον
536 3182 588 3243 οὐκ
611 3182 704 3245 ἔσται.
728 3181 773 3244 διὸ
791 3182 838 3244 καὶ
855 3182 1014 3262 ὀφείλουσι
1028 3182 1065 3243 τά
1079 3178 1145 3257 περὶ
1160 3180 1263 3241 τούτου
1278 3184 1369 3239 τολυ-

328 3286 578 3360 πραγμονηθῆναι,
603 3284 651 3345 καὶ
672 3285 849 3345 ἀποστείλω
872 3284 913 3347 εἰς
934 3280 988 3358 τὴν
1008 3281 1110 3361 χώραν
1133 3277 1180 3340 καί
1202 3279 1368 3356 ἐρευνῆσαι·

328 3385 437 3459 νομίζει
451 3386 508 3462 γὰρ
524 3384 562 3447 ὡς
578 3383 624 3444 καὶ
639 3383 767 3460 σκηπτὸς
781 3381 873 3461 ἤγουν
888 3385 945 3459 πῦρ
961 3382 993 3442 ἐκ
1007 3382 1059 3441 τοῦ
1073 3378 1200 3458 οὐρανοῦ
1214 3377 1305 3439 έτεσε
1321 3375 1371 3438 καί

328 3483 492 3564 κατέφλεξε
506 3483 574 3548 τοὺς
587 3488 679 3546 ταῦτα
692 3480 893 3564 πράσσοντας.

717 3790 870 3858 OANON
892 3787 973 3852 VII.

373 3991 454 4054 Ibid.
477 3991 497 4054 l.
515 4006 547 4074 5.
570 3991 648 4056 Τοὺς
668 3991 724 4068 μὲν
746 3989 800 4052 οὖν
821 3985 893 4072 ἀπα]
918 3984 1074 4057 Positum,
1098 3983 1183 4068 qnod
1213 3980 1366 4065 sequitur,

327 4094 441 4157 lemma
461 4099 510 4156 est
530 4091 563 4154 in
584 4091 651 4154 οάά.
673 4088 805 4154 erunibus
829 4087 970 4173 θτορονίί
991 4084 1093 4150 nostri
1115 4091 1232 4170 praeter
1247 4082 1369 4168 prinei-

321 4219 418 4283 pem:
448 4195 523 4276 Περὶ
540 4200 599 4257 τῶν
622 4190 901 4274 έγκαταλεχθένταν
922 4195 985 4256 τοῖς
1005 4185 1182 4268 βαρβάροις,
1202 4184 1250 4247 καλ
1272 4183 1368 4247 ἄτοπά

328 4326 394 4365 τινα
409 4302 482 4364 κατὰ
496 4304 555 4360 τῶν
569 4298 731 4377 ὁμοφύλων
745 4292 966 4372 τολμησάντων.
1011 4290 1115 4354 Abest
1131 4309 1206 4352 vero
1222 4285 1273 4350 hio
1291 4285 1368 4349 titu-

328 4404 376 4468 lus
397 4425 418 4467 a
432 4401 585 4487 plerisque
606 4397 739 4461 σοάίουοι
753 4394 845 4459 Bodl.
859 4415 960 4479 nequa
980 4394 1012 4456 in
1032 4398 1134 4464 textu,
1151 4390 1206 4455 sed
1221 4389 1262 4452 ad
1278 4408 1367 4453 oram

328 4514 465 4581 tantum,
480 4503 565 4588 quod
585 4496 790 4575 meminerim,
804 4497 837 4560 in
856 4496 941 4560 codd.
957 4514 1024 4579 195.
1040 4502 1074 4559 et
1088 4494 1185 4579 3385.
1201 4491 1367 4579 adpositus

327 4618 385 4673 est.
431 4607 534 4670 Abest
550 4604 632 4667 idem
647 4623 668 4665 a
682 4598 799 4685 βρίίορο
813 4597 1013 4682 Ροάοίίοηυο.
