3700 5667
505 666 568 729 426
921 670 1128 734 l'lERIUS.

503 844 562 912 περὶ
578 842 610 896 τὰ
628 842 683 896 θεῖα
700 842 816 914 θεωρίαις
833 846 874 899 καὶ
890 844 1043 919 ἕξηγὴσεσι,
1057 847 1098 901 καὶ
1115 848 1171 903 ταῖς
1184 846 1227 900 c'ni
1240 848 1288 899 τοῦ
1302 847 1389 900 mont
1402 845 1451 913 τῆς
1465 845 1564 914 ἔκκλη-

503 945 562 1003 ot'ar
582 948 730 1018 διαλέξεσιν
753 949 893 1022 ὑπερφυῶς
915 951 1097 1021 ἐξησκημένος.
1130 952 1195 1005 ddi
1217 953 1355 1017 uetiam,
1378 950 1435 1008 &a
1486 948 1564 1007 Post

508 1051 678 1130 Dionysium
701 1052 814 1111 Schola
835 1054 1030 1113 Cateoheticoe
1045 1053 1253 1112 Alexandrina·
1273 1054 1444 1132 praefectum
1464 1054 1564 1113 luisse

502 1156 627 1213 Pieriunr
643 1156 732 1214 tradit
750 1156 905 1236 Philippus
928 1157 1043 1217 Sidetes
1062 1158 1092 1216 in
1108 1158 1273 1235 fragmento
1287 1158 1366 1236 quod
1387 1157 1423 1216 ad
1444 1157 1561 1217 oaleenr

502 1258 571 1316 diss.
592 1260 621 1315 iu
645 1260 788 1318 Irenaeum
809 1262 969 1338 publicavit
992 1263 1032 1320 H.
1050 1261 1228 1321 Dodwellns.
1271 1262 1314 1321 Et
1336 1262 1464 1320 Photius
1480 1262 1560 1320 Cod.

506 1363 570 1421 119.
596 1363 743 1436 Παμφίλου
760 1389 789 1421 τι
807 1371 854 1421 τοῦ
872 1369 1003 1439 μάρτυρος
1019 1367 1155 1441 immin
1169 1370 1253 1439 φασιν
1266 1374 1318 1423 τῶν
1331 1368 1563 1436 inhumanum&

499 1467 620 1542 γενῖσθαι
640 1473 805 1541 μαθημάτων,
828 1474 869 1527 καὶ
890 1472 944 1527 κατ’
965 1474 1162 1545 Ἀλεξάνδρειαν
1187 1473 1336 1546 ἡγήσασθαι
1359 1473 1561 1542 πωδηηρῖου.

502 1574 688 1633 Franrcrus.
733 1577 778 1635 De
799 1578 870 1635 istac
890 1598 959 1635 vero
982 1578 1067 1636 Pierii
1089 1578 1262 1656 prefectum
1280 1576 1414 1635 dubitare
1436 1596 1469 1634 se
1484 1596 1560 1654 pro-

501 1677 601 1735 fitetur
619 1679 655 1738 cl.
672 1680 847 1746 Lardnerus,
865 1683 912 1739 De
926 1681 1000 1739 Fide
1020 1681 1100 1739 Hiat.
1117 1684 1228 1760 Evoug.
1245 1680 1280 1739 P.
1296 1681 1338 1737 H.
1354 1678 1404 1738 lib.
1421 1680 1440 1737 i.
1459 1700 1485 1737 c.
1500 1681 1558 1739 ⁶24.

501 1793 655 1860 propterea
668 1783 746 1861 quod
760 1783 864 1843 sileant
879 1784 916 1843 de
930 1804 964 1842 es
980 1784 1127 1843 Eusebius
1145 1797 1175 1843 et
1192 1784 1401 1863 Hieronymus.
1447 1784 1560 1844 Eidem

500 1887 563 1944 viro
582 1888 619 1947 ol.
635 1891 761 1948 narratio
782 1910 898 1967 quoque
919 1889 1019 1948 Photii
1039 1890 1151 1948 incerta
1172 1889 1299 1955 videtur,
1314 1910 1382 1947 mox
1402 1910 1418 1946 a
1438 1909 1488 1948 me
1507 1892 1560 1948 sf-

500 1992 629 2059 ferenda,
645 2014 702 2071 qun
722 1993 830 2052 dicitur
849 1996 975 2060 Pierius,
991 2015 1077 2073 quem
1097 1995 1214 2072 quidem
1231 1995 1431 2073 Hieronymus
1449 1995 1560 2054 Rornae

500 2100 604 2157 siccam
626 2111 748 2159 nrortern
769 2101 875 2159 obiisse
895 2101 1048 2179 significat,
1072 2101 1242 2179 martyrium
1265 2119 1324 2157 una
1346 2120 1412 2158 curn
1435 2099 1560 2158 Isidoro

500 2204 590 2263 fratre
604 2205 727 2264 subiisse
745 2226 807 2263 suo.
835 2206 905 2264 Vid.
921 2217 951 2265 et
965 2206 1002 2265 de
1017 2207 1070 2264 hac
1085 2226 1115 2264 re
1131 2204 1302 2263 Tillemont.
1318 2205 1349 2262 in
1365 2204 1453 2261 Mem.
1474 2206 1558 2263 Eccl.

500 2310 536 2368 ad
558 2311 653 2389 ipsum
674 2314 760 2370 tinem
784 2312 839 2369 vol.
855 2313 894 2370 iv.
940 2314 974 2370 ln
995 2312 1102 2371 litteris
1123 2311 1241 2389 quidem
1263 2309 1396 2390 Dionysii
1417 2308 1557 2370 Alexan-

500 2415 576 2473 drini
596 2417 631 2474 ad
648 2418 772 2476 Fabium
793 2418 909 2497 scriptis
930 2417 1041 2477 mentio
1063 2417 1095 2474 fit
1117 2416 1223 2475 Isidori
1244 2414 1393 2493 cujusdam
1415 2414 1556 2495 AEgyptii

499 2520 529 2577 in
554 2520 707 2579 vexatione
732 2522 858 2579 Deciana
886 2542 939 2600 pro
968 2521 1086 2579 Christo
1111 2520 1208 2599 passi;
1242 2530 1340 2577 utrum
1367 2538 1435 2576 vero
1460 2518 1556 2595 hujus

500 2624 589 2682 Pierii
611 2626 636 2682 is
657 2626 746 2684 frater
765 2627 864 2695 fuerit,
880 2647 980 2693 necne,
996 2626 1115 2703 ignor03
1139 2634 1227 2691 certe,
1243 2624 1266 2682 si
1286 2644 1332 2682 res
1353 2624 1394 2681 ita
1416 2622 1553 2689 haberet,

498 2728 599 2788 eodem
620 2731 706 2787 simul
721 2744 851 2809 ternpore
865 2731 970 2789 fratres
984 2730 1154 2810 martyrium
1170 2729 1248 2788 haud
1266 2727 1339 2809 passi
1359 2739 1467 2796 esseut,
1482 2750 1552 2787 curn

499 2831 614 2890 Pierius
632 2834 771 2910 Dionysio
789 2844 936 2912 superstes
955 2834 1056 2891 fuerit.
1099 2838 1201 2911 Atque
1220 2832 1281 2890 fieri
1297 2842 1403 2910 potest,
1419 2841 1452 2889 ut
1472 2844 1551 2891 tern-

499 2936 580 3015 plum
603 2937 676 2995 illud
697 2937 867 3014 domusque,
889 2938 948 3011 (hae
970 2950 1048 3005 aunt,
1070 2940 1099 2996 ni
1122 2938 1216 3003 fallor,
1239 2936 1314 2994 rudes
1339 2956 1424 2994 sacrm
1448 2936 1553 2995 minus

499 3039 627 3118 amplis)
643 3061 708 3118 quae
724 3041 822 3099 Pierio
840 3051 928 3117 atque
943 3040 1053 3099 Isidoro
1068 3052 1234 3101 constructa
1248 3040 1338 3099 fuisse
1353 3051 1450 3097 narrat
1467 3040 1550 3099 Pho-

416 3208 419 3215 ,
498 3144 567 3210 tius,
585 3144 655 3203 cod.
676 3144 741 3203 118.
757 3145 786 3201 in
807 3144 886 3204 illius
909 3145 1027 3222 quidem
1050 3146 1153 3204 isidori
1176 3145 1275 3203 sedin
1298 3144 1373 3203 nlius
1394 3145 1549 3222 cujusdam

498 3247 598 3317 Pierii,
614 3249 663 3326 qui
679 3261 789 3329 martyr
802 3262 888 3317 esset,
905 3250 1073 3309 memoriam
1093 3262 1203 3309 sacratu
1221 3250 1340 3308 luerint.
1383 3248 1549 3308 Ecclesiam

498 3354 615 3432 quidem
630 3356 817 3415 Alexandriae
835 3356 977 3423 extitisse,
992 3376 1056 3434 quae
1073 3355 1162 3413 Pierii
1181 3366 1211 3413 et
1232 3354 1399 3433 Serapionis
1417 3353 1548 3412 nomini-

497 3460 552 3519 bus
570 3461 731 3529 dicabatur,
746 3475 886 3522 memorat
905 3462 1091 3540 Epiphanius
1111 3460 1224 3518 Heres.
1239 3460 1307 3518 lxix.
1321 3460 1357 3517 ab
1378 3458 1550 3517 Hoeschelio

497 3565 534 3624 ad
557 3566 656 3626 Photii
679 3566 774 3625 locum
796 3567 950 3625 indicatus.
994 3565 1161 3643 Serapionis
1183 3576 1281 3624 autem
1305 3562 1440 3641 martyris
1462 3583 1547 3621 men-

496 3674 606 3731 tionem
628 3674 698 3732 facit
718 3674 875 3753 Dionysius
898 3675 929 3732 in
950 3674 1073 3753 epistola
1090 3675 1150 3752 jam
1172 3674 1298 3733 laudata.
1332 3673 1546 3731 Verumtamen

496 3797 597 3836 omnes
619 3779 752 3837 ecclesias
772 3778 989 3838 Alexandrinas
1011 3792 1171 3860 martyrum
1197 3780 1363 3839 nominibus
1384 3776 1546 3856 appellatas

494 3880 595 3948 fuisse,
624 3881 759 3959 prohibet
787 3903 840 3941 nos
867 3883 985 3943 credere
1011 3883 1030 3941 1.
1053 3905 1078 3942 c.
1105 3885 1299 3965 Epiphanius,
1329 3884 1379 3961 qui
1408 3882 1545 3941 ecclesias

496 3985 628 4063 Dionysii
643 3996 673 4044 et
686 3985 814 4044 Theonae
833 3986 1046 4065 episcoporum,
1062 4008 1119 4045 non
1132 3999 1303 4067 martyrum,
1319 3988 1395 4046 inter
1409 3983 1480 4043 alias
1499 4006 1546 4044 re.

494 4089 618 4149 censuit.
661 4089 765 4167 Itaque
784 4091 947 4170 nuncupari
963 4089 1052 4152 Pierii
1067 4102 1097 4150 et
1112 4092 1279 4168 Serapionis
1298 4082 1418 4151 ecclesia
1435 4102 1545 4167 posset,

494 4196 549 4255 etsi
565 4195 681 4254 Pierius
693 4205 804 4274 martyr
818 4214 876 4252 non
892 4195 992 4263 fuerit,
1008 4197 1068 4273 qui,
1084 4196 1267 4275 Hieronymo
1282 4205 1427 4258 narrante,
1443 4212 1543 4271 porse·

496 4302 618 4371 cationi,
631 4303 693 4362 haec
707 4313 752 4361 est
767 4301 871 4361 ultima
885 4300 945 4367 ills,
961 4302 1166 4380 supervixerit.

534 4418 548 4451 0
563 4406 612 4463 Ex
625 4407 672 4465 his
690 4407 776 4465 fuere
795 4406 947 4466 duodecim
962 4407 1029 4465 libri
1045 4408 1135 4466 Pierii
1155 4408 1192 4467 de
1208 4408 1315 4486 quibus
1331 4409 1452 4466 Photius
1467 4408 1543 4469 Cod.

496 4511 564 4569 119.
587 4510 734 4570 Palladius
748 4512 777 4569 in
790 4512 933 4571 Lausiaca
947 4532 972 4570 c.
985 4513 1031 4570 12.
1047 4523 1145 4571 narrat
1157 4513 1347 4572 Ammonium
1361 4513 1444 4592 plura
1456 4524 1544 4592 potu-

494 4614 551 4673 isse
569 4614 735 4673 memoriter
753 4615 876 4674 recitare
895 4635 932 4673 ex
954 4616 1070 4695 scriptis
1089 4616 1235 4696 Origenis,
1252 4617 1384 4696 Didymi,
1399 4617 1543 4695 Stephani
