3700 5667
634 662 684 724 IN
709 662 940 726 CONCILIA
963 664 1214 727 CARTHAG.
1383 664 1446 726 183

395 833 597 918 conscriptus
621 838 798 916 appareat:
833 831 945 895 eodem
967 832 1040 915 jure
1065 832 1105 895 de
1133 832 1193 895 hoc
1218 830 1349 895 coneilio
1378 853 1448 895 sen-

394 935 533 1000 tentiam
554 935 711 1006 teramum
736 932 883 997 uimimm
905 934 990 1017 quod
1012 934 1056 998 illi
1076 934 1229 1018 temporis
1251 934 1368 1018 spatio,
1383 933 1447 997 imo

396 1037 515 1102 mensis
538 1034 734 1120 Septembris
753 1035 851 1099 initiis
871 1035 1035 1113 debeatur,
1055 1058 1123 1119 quae
1142 1036 1345 1100 transmissas
1367 1036 1447 1099 istas

396 1139 559 1224 epistolas,
571 1145 605 1202 et
618 1137 775 1201 Valeriani
791 1138 1042 1222 persecutionem
1057 1139 1312 1203 intercesserant.
1343 1139 1447 1202 Porro

397 1264 461 1305 non
475 1250 603 1305 tantum
622 1239 771 1323 epistolas
786 1240 949 1317 Jubaiani,
965 1249 998 1304 ct
1014 1239 1163 1325 Cypriani
1182 1242 1225 1305 ad
1243 1241 1365 1326 ipsum;
1390 1241 1447 1305 sed

397 1342 497 1407 etiam
522 1342 592 1405 illas
621 1343 662 1404 ad
689 1342 886 1426 Stephanum
912 1343 945 1405 in
971 1343 1102 1407 concilio
1128 1344 1228 1408 lectas
1255 1351 1382 1407 constat
1408 1366 1448 1406 ex

398 1444 548 1531 suffragio
573 1444 718 1529 septimo,
742 1445 896 1525 (octava)
919 1446 1005 1530 quod
1028 1446 1180 1510 Crescens
1203 1469 1224 1510 a
1246 1446 1337 1511 Cirta
1360 1445 1446 1511 tulit.

400 1546 513 1611 Obiter
527 1548 712 1619 notandum,
728 1546 804 1609 nihil
819 1547 850 1609 in
870 1547 930 1610 hac
948 1570 1045 1612 causa
1064 1549 1107 1613 ab
1122 1548 1285 1613 Africanis
1303 1547 1449 1633 patribus

399 1647 603 1721 innovatum
628 1648 681 1733 qui
704 1649 839 1715 decretis
861 1649 936 1712 olim
958 1651 1016 1714 sub
1037 1652 1227 1736 Agrippino,
1250 1674 1307 1714 nec
1329 1673 1394 1713 nou
1415 1651 1449 1713 in

401 1750 533 1815 Oriente
558 1773 622 1815 non
649 1773 711 1815 uno
737 1750 807 1814 loco
832 1752 1044 1817 conciliariter
1067 1754 1198 1818 sancitis
1227 1753 1447 1817 adhaerebant.

400 1852 472 1917 Ima
493 1852 623 1918 ecclesia
643 1854 827 1918 universalis
847 1855 879 1918 in
894 1855 1036 1919 Concilio
1057 1856 1187 1919 Nicaeno
1209 1855 1364 1939 Stephani
1382 1854 1448 1938 pla·

401 1955 474 2021 citis
495 1956 548 2041 qui
570 1978 592 2019 a
612 1978 785 2041 quocunque
806 1957 914 2020 haeresi
936 1959 1080 2021 cecinnae
1105 1957 1245 2030 admisit,
1269 1955 1449 2020 nullatenus

402 2057 555 2131 wesin
584 2058 737 2142 siquidem
764 2059 979 2124 Paulianistas
1004 2062 1046 2124 ad
1073 2059 1237 2123 ecclesiam
1263 2058 1450 2122 accedentes

402 2160 611 2246 baptizandos
632 2162 824 2225 decreverat.
866 2162 924 2225 Rei
944 2173 1044 2247 gestae
1063 2162 1230 2226 historiam
1252 2162 1327 2225 alibi
1348 2161 1449 2225 fusius

405 2261 539 2346 (scilicet
563 2264 605 2327 ad
631 2262 724 2327 finem
751 2264 844 2348 hujus
870 2265 1017 2348 Concilii)
1043 2264 1273 2329 enarrabimus.
1312 2263 1448 2326 Fessus.

405 2364 487 2428 Sunt
512 2365 638 2450 quidem
662 2366 760 2450 ipsius
786 2366 939 2451 Stephani
964 2370 1069 2444 verba,
1094 2389 1114 2431 a
1140 2389 1317 2451 quacunque
1341 2366 1449 2430 tanei

403 2469 558 2544 mierum,
584 2489 605 2530 a
633 2467 794 2553 Cypriane
823 2470 855 2532 in
885 2470 1051 2554 epistolam
1081 2492 1172 2532 suam
1201 2469 1245 2532 ad
1269 2469 1451 2553 Pompeiam

403 2571 529 2646 relatu;
560 2594 617 2635 nec
647 2584 753 2635 tamen
784 2573 988 2636 statuendum
1014 2573 1150 2646 videtur,
1180 2572 1361 2656 episcopum
1388 2570 1452 2634 Ro-

404 2694 533 2737 manum
560 2695 669 2737 omnes
698 2675 824 2738 omnino
854 2676 1021 2739 haereticos
1050 2676 1259 2759 qualicunque
1289 2672 1450 2757 baptismo

403 2776 579 2858 gaudentes
603 2777 818 2842 admittendos
845 2801 913 2841 esse
939 2779 971 2841 in
998 2778 1162 2842 ecelesiam
1188 2777 1256 2839 sine
1281 2775 1344 2839 alia
1370 2796 1451 2837 nova

404 2876 557 2942 tinctione
579 2880 743 2945 censuisse.
783 2881 865 2943 Nam
888 2903 928 2944 ex
951 2881 1053 2944 verbis
1077 2881 1174 2944 etiarn
1197 2876 1451 2942 adversariorum

405 2980 559 3065 Stephani
582 2983 661 3046 satis
683 2983 822 3047 ostendit
841 2983 878 3046 cl.
897 2983 1104 3047 Constantius
1126 2982 1158 3045 in
1176 2982 1307 3045 Discere.
1327 2979 1365 3043 de
1387 2981 1451 3042 Ste-

398 3081 499 3166 phani
513 3085 543 3146 I.
560 3085 663 3169 Papa
682 3086 824 3148 marineio
842 3086 925 3149 circa
940 3086 1132 3169 receptionem
1145 3084 1366 3157 hereticorum,
1380 3101 1451 3165 quse

405 3186 551 3270 Epinolis
560 3187 648 3250 Rom.
659 3189 844 3270 Pontificum
859 3189 901 3252 ab
915 3211 954 3252 eo
969 3190 1090 3252 inserta
1104 3195 1165 3258 est,
1177 3187 1263 3249 intra
1278 3204 1373 3267 pagg.
1389 3197 1449 3262 227

406 3307 468 3350 -2
469 3292 523 3373 56,
535 3311 644 3353 eorum
656 3291 826 3364 duntaxat,
841 3291 894 3374 qui
907 3291 940 3354 in
951 3292 1153 3355 seminalem
1166 3291 1194 3351 C
1193 3287 1283 3350 trae
1297 3282 1452 3366 baptizati

406 3398 522 3468 esseut,
537 3392 728 3477 baptismum
749 3416 769 3457 a
785 3393 948 3478 Stephano
963 3394 1058 3457 fuisse
1079 3399 1252 3474 receptum.
1268 3396 1345 3450 sect.
1362 3383 1402 3446 xi.
1418 3406 1452 3468 p.

409 3512 480 3578 230.
517 3495 562 3559 Et
590 3496 739 3581 Opusculi
762 3497 811 3559 De
835 3496 1057 3582 Rcbeptismate
1082 3502 1172 3558 vetus
1197 3498 1319 3564 auctor,
1345 3486 1453 3550 aetatis

407 3595 545 3681 ejusdem
567 3599 702 3662 fortasse
722 3598 869 3682 scriptor,
885 3600 937 3684 qui
956 3598 1106 3683 capriana
1123 3597 1230 3660 datum
1248 3615 1269 3656 a
1284 3610 1454 3677 quocunque

407 3700 440 3762 in
454 3701 572 3764 marine
585 3703 657 3765 Jesu
674 3700 798 3776 Christi,
815 3711 947 3786 propter
962 3701 1096 3765 nominis
1111 3696 1354 3770 invocationem,
1369 3715 1452 3757 oom-

407 3804 557 3887 probasse
578 3826 612 3868 se
631 3804 758 3877 indicat,
779 3804 997 3878 marsanam,
1019 3805 1104 3888 quod
1127 3809 1230 3876 vocat,
1250 3801 1340 3863 imane
1360 3797 1453 3860 iate·

406 3907 545 3969 neciacm
571 3906 719 3992 baptismo
745 3907 966 3971 haereticorum
994 3906 1192 3991 quorundam
1218 3904 1280 3967 line
1305 3900 1376 3964 libri
1405 3898 1453 3962 sui

407 4017 723 4073 commemoratorum
744 4008 871 4072 minime
891 4008 1030 4072 admisit.
1076 4007 1178 4090 Atqui
1194 4002 1361 4067 nonnullos
1376 4008 1454 4064 tunc

406 4107 571 4173 haereticos
591 4109 746 4183 extitisse,
761 4108 814 4193 qui
833 4108 864 4170 in
883 4108 1009 4170 nomine
1025 4106 1156 4170 Domini
1170 4103 1193 4166 J
1196 4126 1250 4167 esu
1271 4122 1333 4163 non
1349 4097 1454 4181 bapti-

407 4220 525 4287 zarent,
541 4213 600 4275 hoc
618 4222 679 4287 est,
694 4220 730 4275 ut
749 4234 787 4273 ex
804 4209 981 4272 Firmiliaui
996 4208 1132 4294 epistola
1153 4211 1177 4285 5.
1194 4204 1244 4267 vii.
1263 4201 1348 4266 istud
1364 4199 1454 4262 iutel-

407 4312 518 4379 laxisse
539 4316 736 4401 Stephanum
755 4314 924 4398 colligitur,
942 4313 995 4396 qui
1016 4313 1048 4374 in
1069 4310 1194 4374 nomine
1217 4313 1337 4370 sauctae
1353 4302 1456 4366 Trini-

408 4417 496 4493 tatis,
511 4418 596 4481 haud
617 4417 787 4501 tingerent,
804 4439 862 4479 nos
882 4416 998 4478 docent
1018 4436 1088 4476 cum
1111 4412 1164 4475 alii
1182 4419 1251 4474 tum
1268 4404 1455 4471 Gennadius

410 4518 631 4594 Massiliensis,
648 4520 697 4582 De
711 4518 856 4582 Ecclesiae
875 4514 1083 4600 Doymatt'bue,
1100 4536 1169 4597 cap.
1183 4511 1227 4575 lii.
1244 4532 1317 4595 pag.
1335 4529 1384 4593 30.
1403 4507 1454 4570 ed.

409 4620 586 4707 Hamburg.
613 4619 777 4685 recensitis
805 4619 984 4681 nominibus
1012 4614 1260 4679 detrectantium
1289 4613 1321 4675 id
1351 4610 1450 4672 haere-
