3700 5667
489 678 553 743 184
823 677 1199 743 ANNOTATIONES

533 850 569 913 Ρ.
583 869 633 934 93.
646 849 666 912 l.
681 868 732 912 20.
755 848 980 914 statueramus
992 849 1119 933 quidem
1132 847 1333 932 jampridem
1347 849 1421 934 tre]
1436 847 1536 910 Primi

488 951 580 1016 istius
598 951 732 1015 Concilii
752 952 811 1015 sub
827 951 998 1036 Cypriane,
1014 952 1198 1036 quod-anno
1213 951 1383 1034 superiore,
1399 951 1459 1014 hoc
1475 959 1534 1027 est,

488 1077 572 1119 anno
589 1074 663 1139 251,
678 1055 830 1119 adversus
844 1055 1074 1119 Felicissimum
1086 1053 1331 1129 schismaticum,
1344 1061 1377 1117 et
1392 1053 1425 1117 in
1440 1076 1536 1117 causa

487 1158 648 1242 lapsorum
663 1157 768 1222 luerat
785 1158 941 1233 habitum,
958 1158 1106 1223 notitiam
1121 1157 1328 1240 colligendam
1343 1157 1389 1220 ait
1405 1158 1535 1222 Hardu·

487 1259 558 1323 inus
572 1259 605 1322 in
621 1258 729 1323 Indice
743 1259 823 1323 tomi
840 1260 868 1322 I.
887 1260 1089 1324 Caecilianam
1106 1282 1145 1323 ex
1159 1259 1302 1344 Epistola
1316 1259 1465 1344 Cypriani
1480 1280 1534 1340 40.

488 1361 529 1426 ad
548 1361 681 1447 plebem,
700 1380 753 1441 42.
775 1362 817 1425 ad
837 1362 1028 1436 Cornelium,
1046 1383 1097 1446 5²·
1113 1363 1154 1426 ad
1176 1362 1407 1437 Antonianum,
1431 1369 1464 1425 et
1481 1383 1533 1446 54

488 1471 522 1529 et
535 1482 588 1550 55.
604 1466 645 1528 ad
661 1464 853 1529 Cornelium.
884 1466 1020 1528 Numeri
1035 1466 1240 1550 epistolarum
1256 1473 1330 1529 sunt
1347 1458 1532 1530 Pameliani.

490 1566 592 1630 Porro
601 1576 757 1631 memorat
763 1568 895 1630 eandem
901 1568 1056 1652 synodum
1068 1568 1117 1631 his
1123 1567 1226 1631 verbis
1236 1570 1362 1632 Auctor
1371 1567 1517 1650 Syacdici
1522 1589 1533 1627 :

489 1667 619 1734 Σύνοδος
642 1670 708 1732 θεία
728 1670 776 1732 καὶ
792 1671 856 1750 ἱερὰ
874 1670 987 1747 τοπικὴ,
1013 1671 1046 1732 ἐν
1064 1673 1238 1751 Καρταγένῃ
1257 1675 1293 1756 τῇ
1316 1671 1471 1733 Νεαπόλει
1485 1673 1535 1746 τῆς

487 1766 632 1851 Ἀφρικῆς
654 1773 831 1850 καλουμένῃ,
853 1775 1106 1851 συναθροισθεῖσα
1125 1771 1251 1834 dadraei
1267 1770 1534 1851 Κυπριάνουγενο·
1625 1791 1627 1793 ’

485 1868 577 1950 με’νου
591 1873 678 1951 αὐτῆς
701 1874 873 1950 ἐπισκόπου,
897 1874 945 1936 καὶ
967 1870 1077 1953 ἑτέρων
1097 1874 1280 1955 ὀγδοήκοντα
1300 1872 1456 1953 τεσσάρων
1472 1875 1533 1936 ἐπι-

488 1975 620 2052 σκόπων,
635 1971 843 2055 ἀποκηρύξασα
858 1973 1011 2050 Ναύαπον,
1026 1976 1064 2041 ὡς
1078 1976 1132 2054 τὴν
1145 1975 1307 2056 μετάνοιαν
1322 1981 1383 2042 τοῖς
1396 1976 1533 2038 πταίουσι

487 2078 635 2141 κλείοντα.
658 2099 689 2161 p.
709 2096 757 2139 10.
774 2076 824 2140 ed.
841 2076 1049 2161 Argentorat.

532 2180 616 2243 lbid.
655 2179 877 2244 Statueramus
910 2181 1050 2264 quidem]
1088 2181 1200 2244 Mense
1228 2181 1331 2257 Maio,
1362 2202 1434 2245 cum
1464 2181 1533 2265 jam

487 2282 625 2366 episcopi
651 2290 724 2366 post
747 2283 873 2367 paschae
897 2283 1050 2352 solennia,
1074 2283 1188 2368 quibus
1211 2284 1296 2368 apud
1318 2305 1352 2347 se
1374 2306 1446 2347 cum
1471 2283 1533 2347 fra-

488 2385 590 2449 tribus
613 2385 768 2449 demorati
791 2394 876 2463 sunt,
898 2385 1127 2471 Carthaginem
1149 2408 1183 2450 se
1207 2386 1425 2461 contulissent,
1445 2384 1532 2449 habi·

488 2495 557 2551 tum
581 2493 630 2551 cst
656 2485 830 2552 Concilium
855 2487 1117 2573 Carthaginiense
1135 2489 1183 2551 11.
1212 2496 1246 2553 et
1271 2489 1398 2572 quidem
1421 2488 1533 2550 Idibus

488 2588 595 2666 Maiis,
622 2596 660 2653 ut
684 2587 767 2652 clare
793 2596 884 2673 patet
909 2612 949 2654 ex
976 2591 1079 2674 Epist.
1104 2590 1251 2675 Cypriani
1274 2589 1533 2674 quinquagesima

487 2714 582 2768 nona,
594 2693 627 2754 in
643 2699 755 2776 quaet
770 2692 862 2776 hujus
877 2693 1031 2769 meminit,
1043 2700 1078 2757 et
1092 2693 1223 2758 alterius
1238 2692 1336 2757 etiam
1349 2692 1433 2776 quod
1448 2712 1532 2754 anno

487 2795 592 2879 priore
620 2795 815 2859 celebratum
843 2803 903 2859 est.
948 2796 986 2858 In
1009 2796 1070 2859 hac
1099 2802 1207 2858 autem
1231 2796 1352 2880 synode
1377 2793 1532 2857 relaxatio

487 2897 632 2981 quaedam
655 2897 742 2960 lacta
765 2905 814 2960 est
839 2897 958 2961 decreti
983 2899 1068 2982 quod
1090 2897 1123 2960 in
1147 2897 1300 2981 superiori
1322 2896 1532 2961 constitutum

486 3005 555 3067 est;
580 2998 664 3082 qued
682 2998 762 3082 lapsi
783 2997 901 3063 scilicet
924 3009 1056 3083 agerent
1079 2999 1134 3063 diu
1153 2998 1375 3084 poenitentiam
1395 2998 1530 3083 plenam,

485 3107 520 3165 et
535 3100 561 3164 si
575 3100 748 3185 periculum
767 3098 962 3165 infirmitatis
982 3109 1121 3187 urgeret,
1136 3123 1246 3188 pacem
1266 3103 1324 3166 sub
1339 3102 1405 3165 ictu
1419 3101 1532 3165 mortis

485 3201 675 3287 acciperent.
711 3201 796 3266 Loco
813 3201 911 3286 igitur
925 3202 1007 3266 illius
1022 3204 1142 3267 decreti
1156 3203 1242 3268 aliud
1257 3204 1289 3267 in
1304 3204 1388 3267 hunc
1403 3204 1531 3268 modum

485 3304 704 3369 condiderunt.
749 3304 807 3368 Eia
828 3304 882 3389 qui
907 3304 944 3367 dc
967 3304 1088 3368 ecclesia
1110 3304 1241 3368 Domini
1261 3325 1321 3367 που
1345 3316 1531 3383 recesserim,

483 3407 537 3470 aed
542 3408 754 3492 penitentiam
768 3429 855 3492 apere
868 3417 896 3471 et
909 3407 1085 3483 lamentari,
1099 3429 1137 3470 ac
1150 3407 1317 3470 Dominum
1336 3407 1496 3492 deprecari
1510 3431 1531 3471 α

478 3511 584 3594 pairac
608 3510 711 3595 lapsas
732 3511 781 3574 aad
805 3511 856 3574 die
879 3531 939 3574 ιιοα
963 3510 1148 3585 deditarum,
1171 3530 1279 3592 ραααα
1304 3509 1441 3573 maduca
1460 3531 1529 3573 ιιια.

485 3610 578 3690 Quod
593 3614 731 3696 synodus
745 3620 822 3676 tunc
833 3612 969 3689 censuit,
982 3634 1045 3675 nen
1055 3619 1182 3676 tantum
1194 3618 1230 3674 ut
1246 3612 1406 3674 ἐπιείκειαν
1417 3610 1531 3695 Lapeis

484 3733 557 3775 vere
582 3713 810 3796 poenitentibus
838 3720 1040 3798 praestarent,
1071 3714 1128 3777 sed
1156 3713 1345 3777 necessitate
1374 3720 1527 3798 cogente;

484 3811 560 3894 quia
584 3812 703 3876 crebris
725 3820 822 3897 atque
847 3813 984 3877 assiduis
1012 3813 1244 3877 ostensionibus
1266 3812 1528 3888 admonebantur,

483 3912 568 3976 diem
592 3912 724 3977 alterius
750 3914 976 3998 persecutionis
1001 3915 1071 3999 jam
1095 3915 1350 4000 appropinquare
1375 3916 1529 4000 coepisse;

484 4014 568 4078 unde
588 4014 693 4100 lapsos
710 4037 783 4079 vere
802 4015 995 4101 poenitentes
1016 4018 1058 4081 ad
1077 4017 1229 4101 praelium,
1246 4018 1330 4101 quod
1346 4025 1414 4081 tum
1429 4016 1530 4080 immi-

483 4116 591 4194 nebat,
616 4117 735 4182 armari
758 4123 792 4181 at
817 4117 932 4182 instrui
957 4125 1105 4201 oportere
1128 4118 1297 4203 putabant.
1342 4119 1446 4181 Facto
1468 4119 1529 4181 hcc

483 4219 623 4295 decreto,
653 4219 811 4306 Synodica
840 4220 987 4305 Epistola
1017 4221 1114 4285 missa
1146 4227 1196 4285 est
1229 4221 1272 4284 ad
1305 4220 1337 4285 S.
1349 4220 1529 4285 Cornelium

483 4316 593 4384 Romae
608 4320 799 4406 episcopum,
816 4343 887 4406 quae
906 4330 956 4384 est
972 4342 1047 4384 nvn.
1065 4321 1098 4384 in
1114 4343 1177 4406 qua
1194 4328 1228 4386 et
1242 4322 1405 4385 decretum
1424 4321 1528 4405 ipsum

481 4421 623 4504 ponitur,
645 4430 678 4487 et
703 4424 881 4489 rationibus
904 4422 1012 4488 multis
1035 4425 1190 4488 asseritur
1214 4431 1313 4508 atque
1337 4423 1526 4486 defenditur.

482 4521 617 4605 Scripsit
638 4525 735 4589 etiam
759 4525 936 4611 Cyprianus
957 4526 998 4589 de
1012 4525 1151 4589 omnium
1173 4525 1363 4610 collegarum
1386 4523 1525 4596 consilio,

482 4622 629 4708 misitque
646 4626 792 4693 Cornelio
809 4628 938 4692 nomina
957 4627 1174 4715 episcopcrum
1197 4627 1251 4710 qui
1271 4626 1387 4711 integri
1402 4633 1437 4690 et
1456 4625 1525 4689 sani
