3700 5667
547 674 614 750 UIN
640 674 873 738 CONCILIA
896 672 1149 740 CARTHAG.
1317 680 1380 742 145

330 842 461 930 optima.
500 844 579 908 Vide
602 836 780 929 Epistolam
803 862 852 926 70.
875 848 917 910 ad
942 843 1096 931 Magnum
1120 870 1192 934 pag.
1216 867 1286 932 159.
1310 870 1317 910 ι
1323 869 1378 934 55.

331 946 497 1010 Bnuuzrus.
545 947 806 1028 &notificandum
831 955 989 1032 praestant
1014 950 1138 1014 codices
1164 951 1278 1034 quibus
1306 959 1379 1014 utor

333 1051 364 1111 in
379 1048 429 1113 his
444 1048 592 1112 Conciliis
608 1049 748 1112 edendis.

374 1151 411 1214 P.
427 1151 478 1234 98.
496 1150 516 1214 1.
536 1169 588 1233 29.
602 1150 635 1214 in
650 1151 781 1215 concilio
800 1160 910 1216 nostro
930 1152 1076 1216 omnibus
1090 1152 1190 1217 visum
1211 1152 1277 1239 est]
1309 1158 1378 1218 Au·

330 1252 476 1338 guntinus
497 1252 551 1316 lib.
571 1246 612 1316 iv.
637 1252 676 1316 de
701 1250 798 1338 Bept.
818 1261 932 1318 contra
957 1254 1145 1319 Donatistas
1170 1278 1239 1340 cap.
1258 1275 1310 1340 23,
1327 1275 1384 1343 24.⁸

332 1352 505 1418 Infantiam
520 1354 713 1438 baptismum
728 1356 894 1420 traditioni
915 1357 1098 1441 apostolicae
1118 1358 1281 1433 adscribit,
1297 1358 1379 1422 hano

330 1455 471 1541 regulam
496 1476 685 1542 proponens,
711 1452 798 1536 Quod
819 1459 962 1522 99199999
985 1465 1060 1522 tonet
1083 1458 1213 1532 99919919,
1236 1478 1289 1522 999
1311 1480 1379 1522 999-

330 1556 412 1620 ciliis
430 1557 613 1633 institutum,
627 1559 681 1621 red
692 1580 804 1643 seraper
818 1568 961 1622 9919991999
980 1568 1031 1635 est,
1045 1581 1104 1622 999
1123 1559 1186 1623 uisi
1203 1561 1381 1623 auctoritate

330 1659 492 1742 apostolico
515 1659 667 1722 traditum
690 1660 849 1724 9991199199
875 1661 1019 1723 creditur.
1067 1661 1157 1724 Licet
1183 1660 1214 1723 in
1239 1661 1380 1725 Concilio

331 1759 390 1822 hoo
415 1758 670 1843 Carthaginiensi
696 1762 748 1823 66.
775 1761 1005 1846 episcoporum,
1030 1761 1164 1825 99991199
1188 1762 1286 1826 omum
1312 1764 1379 1850 ”li

330 1860 409 1923 99111
427 1861 580 1924 lominum
599 1871 671 1924 noto
690 1863 929 1926 miscricordiam
943 1864 1016 1939 Dei,
1033 1874 1061 1927 91
1075 1865 1212 1948 crottam
1231 1865 1379 1949 (1999999-

330 1962 421 2035 dom3
449 1961 517 2026 haec
542 1983 605 2025 non
629 1963 671 2026 ad
696 1962 981 2048 paedobaptismum
1008 1965 1214 2029 statuendum
1237 1966 1378 2029 adducta

330 2064 383 2149 qui
398 2063 473 2127 olim
487 2064 648 2136 obtinuit;
673 2065 729 2128 sed
750 2066 791 2128 ad
810 2066 962 2129 Afrorum
977 2066 1037 2129 hae
1053 2066 1085 2128 in
1100 2088 1135 2129 re
1147 2067 1377 2150 judaizantium

330 2186 469 2229 errorem
495 2165 699 2228 refellendum
724 2167 861 2241 vibrata,
885 2167 939 2251 qui
963 2167 1005 2230 ad
1029 2167 1113 2230 diem
1139 2176 1295 2242 octavum,
1319 2166 1378 2230 oir-

330 2266 510 2332 cumeisioni
530 2267 604 2330 olim
623 2269 848 2352 praestitutum,
865 2270 963 2332 ritum
982 2269 1068 2333 illum
1083 2269 1289 2333 differendum
1305 2291 1376 2334 999-

330 2372 452 2436 cebant.
481 2370 611 2434 Fuscus.
658 2371 760 2437 Notat
785 2373 945 2449 11919999,
967 2396 1075 2437 vocem
1100 2375 1209 2438 deesse
1232 2373 1376 2450 omnibus,

330 2494 423 2558 quam
444 2472 535 2537 valde
557 2473 748 2557 superfluam
770 2474 969 2560 appellatio
991 2484 1111 2560 septem
1135 2477 1296 2541 codicibus
1318 2498 1373 2540 an·

331 2573 435 2658 tiquis,
452 2587 562 2638 extare
581 2583 688 2639 tamen
707 2576 754 2639 ait
775 2577 862 2660 apud
878 2578 1092 2660 ,4999911999
1138 2579 1200 2641 Sed
1222 2579 1261 2640 de
1282 2578 1377 2642 inuti-

331 2674 423 2740 litate
438 2676 507 2759 ejus
521 2677 597 2739 mihi
614 2699 678 2740 non
693 2685 829 2742 constat.

373 2779 411 2841 P.
428 2799 480 2862 99.
496 2780 515 2844 1.
531 2799 560 2859 4
577 2780 663 2844 nulla
684 2776 790 2844 anima
809 2780 971 2864 perdenda
990 2778 1054 2866 991]
1072 2780 1160 2844 citat
1175 2780 1258 2844 huno
1273 2782 1376 2846 locum

329 2886 458 2944 sanctus
481 2880 681 2964 Augustinus
705 2881 736 2943 in
761 2880 896 2965 epistola
921 2881 962 2943 ad
986 2879 1218 2965 Hieronymum
1243 2883 1283 2945 de
1306 2884 1377 2948 Ori·

329 2983 401 3067 gine
416 2982 617 3047 Animarum.
640 2981 807 3044 Bnnuzrus.

374 3085 455 3148 Ibid.
480 3084 499 3147 1.
523 3090 555 3148 6.
580 3084 751 3147 secundum
778 3084 901 3147 dierum
927 3082 1124 3146 saeoularium
1153 3083 1296 3169 cursum]
1325 3086 1377 3149 Sic

329 3184 428 3250 infra:
454 3185 624 3249 8999991999
637 3184 779 3260 seculum,
793 3206 852 3248 999
866 3185 1029 3248 secundum
1044 3186 1153 3248 Duas.
1194 3185 1276 3248 Nam
1292 3187 1376 3271 apud

330 3287 433 3351 Deum
448 3309 512 3351 non
527 3295 577 3351 est
591 3295 726 3372 tempus.
772 3286 851 3350 Dies
873 3287 971 3371 igitur
990 3287 1068 3351 dicit
1091 3286 1247 3350 seculares
1267 3288 1315 3350 uti
1334 3289 1376 3350 ab

329 3389 508 3454 hominibus
522 3389 555 3453 in
570 3390 674 3453 seculo
689 3396 905 3452 numerantur.
934 3391 1115 3452 chnumus.

372 3491 454 3555 Ibid.
470 3491 490 3553 1.
511 3510 559 3555 12.
575 3491 676 3554 viduae
692 3489 806 3576 filium]
830 3490 883 3555 119
897 3499 1021 3555 veteres
1040 3491 1196 3554 editiones
1215 3499 1248 3555 ct
1267 3513 1375 3555 omnes

328 3592 393 3656 lere
407 3592 479 3656 libri
494 3600 627 3657 veteres.
675 3592 836 3655 Pumelius
850 3592 952 3657 edidit
966 3593 1069 3655 vidore
1084 3594 1258 3657 Sunamitis
1268 3594 1374 3675 fili-um

328 3719 368 3762 ex
390 3695 483 3758 unico
505 3694 613 3758 codice
638 3693 829 3778 Anglicano,
851 3695 954 3757 iussus
975 3716 1083 3757 vocem
1106 3696 1378 3759 899999111εάυεί-

329 3797 432 3862 derari
448 3797 481 3858 in
495 3795 620 3859 caeteris
637 3796 777 3879 antiquis
793 3795 963 3859 codicibus.
993 3795 1090 3879 Angli
1106 3797 1300 3881 scripserunt
1316 3801 1376 3862 Su-

328 3897 497 3962 namitidis.
552 3896 622 3981 Ego
652 3896 764 3960 sustuli
795 3896 877 3960 hauc
903 3918 1021 3970 vocem,
1048 3920 1143 3980 quam
1172 3920 1235 3961 non
1265 3901 1378 3964 dubito

328 4022 396 4065 csse
418 4022 458 4064 ex
479 3998 679 4084 glossemate.
725 3999 893 4062 Admoneo
913 4008 1022 4063 tamen
1042 4020 1092 4062 me
1115 4000 1199 4063 illam
1223 4003 1376 4085 reperisse

328 4103 360 4165 in
382 4101 520 4187 quinque
541 4099 630 4163 libris
652 4099 821 4164 veteribus.
850 4100 1016 4163 Butuzrus.
1065 4101 1155 4163 Nunc
1179 4103 1282 4165 lacere
1304 4126 1375 4167 cum

329 4204 457 4267 Baluzio
472 4202 563 4265 video
585 4202 715 4264 codicem
731 4202 816 4264 Novi
832 4201 907 4264 coll.
926 4203 1122 4285 poste-riorun
1141 4203 1269 4285 (1999999
1290 4227 1375 4278 meos,

327 4325 398 4367 cum
421 4301 563 4365 Pamelio
585 4323 659 4363 vero
681 4302 930 4365 vetustissimum
952 4324 1056 4365 nucum
1077 4301 1151 4364 olim
1173 4304 1374 4368 1199999991.

331 4405 440 4468 Η91)91
460 4403 523 4467 cod.
542 4404 634 4487 pm'or
653 4403 739 4467 Noti
762 4401 1031 4466 colluctantis
1043 4403 1160 4484 filium,
1176 4426 1251 4467 voce
1274 4407 1377 4468 cidare

330 4505 453 4569 omissa.

374 4603 453 4667 Ibid.
480 4604 502 4666 l.
532 4606 580 4667 16.
610 4604 875 4687 inaequalitatem]
909 4603 1050 4687 Reliqua
1080 4604 1172 4669 editt.
1203 4626 1282 4688 quas
1312 4605 1375 4669 vidi

414 4728 483 4769 vos.
497 4728 540 4767 ιιι.
845 4727 865 4766 9
922 4748 925 4753 ·
