3700 5667
391 663 456 728 160
741 660 1093 725 ANNOTATIONES

392 833 531 897 Ethnica
545 832 729 916 superstitio
744 853 778 894 se
792 832 954 905 exerebat,
967 851 1061 914 quam
1077 830 1110 892 in
1125 850 1201 892 cura
1212 849 1271 913 pro
1285 827 1437 899 mortuis;

391 935 464 997 hino
487 933 660 1008 sacrificiis,
682 933 783 1017 iisque
807 955 868 995 non
893 954 968 996 raro
990 931 1147 1007 humanis,
1172 929 1225 993 Dii
1250 929 1342 993 inseri
1368 928 1439 992 soli-

392 1035 521 1112 citandi,
548 1042 582 1098 et
607 1034 753 1118 placandi
780 1035 917 1109 Manes;
949 1035 1021 1097 hino
1045 1034 1130 1098 tonsi
1161 1033 1274 1108 crines,
1303 1032 1440 1116 quaesita

392 1137 546 1211 calvities,
570 1142 603 1200 et
625 1136 724 1199 incisa
748 1157 881 1219 corpora
907 1147 1105 1200 mortuorum
1132 1158 1237 1210 causa,
1262 1136 1302 1198 de
1326 1135 1441 1219 quibus

392 1239 500 1322 agitur
521 1237 615 1301 Dent.
639 1238 700 1301 xiv.
729 1258 755 1300 1.
786 1237 918 1300 Fusius.
964 1239 1071 1301 Verba
1096 1237 1150 1300 illa
1174 1246 1346 1300 maronam
1368 1258 1439 1320 pca-

392 1341 469 1403 tr'um
483 1361 573 1415 mora,
589 1346 623 1403 et
637 1339 822 1423 alieuiuauia
839 1339 879 1402 de
895 1340 1068 1424 gentilibus
1087 1339 1131 1402 sic
1146 1339 1239 1424 vulgo
1261 1337 1441 1412 nominatis,

391 1450 486 1506 extra
505 1442 668 1506 ecclesiam
688 1441 812 1525 positis,
828 1440 1001 1525 alienisque
1020 1463 1041 1504 a
1065 1440 1377 1514 consolidationis,
1393 1440 1440 1502 in-

393 1545 602 1629 terpretanda
616 1543 772 1606 videntur.

440 1645 477 1708 Ρ.
506 1647 575 1709 106.
600 1645 621 1708 l.
646 1665 677 1728 3.
704 1645 788 1729 apud
820 1653 1059 1729 procuratorem
1088 1642 1305 1727 ducenarium]
1337 1641 1443 1705 Extra

393 1768 488 1810 curas
505 1745 663 1809 exercitus
678 1752 711 1809 et
725 1745 854 1827 negotia
867 1745 950 1820 belli,
967 1744 1051 1808 circa
1067 1744 1248 1828 Principem
1263 1743 1443 1806 Romanum

393 1847 455 1912 tuit
470 1848 583 1912 militia
598 1846 724 1931 duplex.
763 1847 934 1922 Litterata,
952 1869 1022 1932 quae
1038 1846 1160 1910 scriniis
1175 1867 1305 1931 operam
1321 1845 1440 1909 dabat:

393 1957 535 2025 actuosa,
558 1970 629 2033 quae
650 1948 745 2012 rebus
768 1948 899 2033 agendis
918 1955 989 2011 emt
1009 1947 1263 2033 occupatissima.
1310 1945 1357 2009 Hi
1377 1967 1446 2009 ma-

392 2051 539 2137 gistriani
555 2051 751 2123 dicebantur,
768 2057 802 2114 et
817 2072 855 2113 ex
874 2071 983 2112 eorum
1001 2050 1110 2114 schola
1124 2047 1297 2112 Ducanarii
1313 2058 1347 2112 et
1363 2049 1445 2112 Oen·

394 2154 520 2230 teotarii,
537 2154 601 2216 sive
617 2152 834 2238 Sexagenan'i,
849 2152 902 2237 qui
918 2151 1040 2214 fiscales
1057 2152 1208 2237 pecunias
1226 2151 1408 2236 exigebant,
1425 2172 1447 2214 a

396 2276 527 2318 numero
546 2255 750 2339 pecuniarum
770 2277 850 2338 quas
871 2254 902 2316 in
925 2254 1118 2338 stipendium
1139 2253 1350 2339 accipiebant,
1367 2274 1445 2316 nun·

394 2357 514 2441 cupati,
533 2356 594 2419 Dio
610 2355 663 2417 lib.
679 2355 732 2419 liii.
750 2356 802 2419 ubi
824 2357 864 2419 de
883 2377 1007 2439 procur.
1023 2356 1103 2420 (laes.
1123 2358 1171 2419 καὶ
1192 2362 1254 2423 τοῖς
1272 2380 1309 2437 γε
1329 2358 1446 2436 ἐπιτρο-

396 2484 464 2524 ποις
483 2459 532 2520 καὶ
551 2457 622 2520 αὐτὸ
642 2457 676 2519 τὸ
698 2459 792 2536 ὄνομα
812 2457 870 2520 ἀπὸ
890 2462 942 2520 rori
956 2460 1079 2538 ἀριθμοῦ
1097 2465 1156 2521 τῶν
1170 2457 1332 2538 διδομένων
1347 2458 1448 2522 αὐτοῖς

397 2560 565 2642 χρημάτων.
589 2558 786 2644 Capitolinus
803 2559 835 2622 in
853 2559 1039 2623 Pertinace:
1063 2559 1120 2623 Ad
1137 2559 1286 2622 diacorum
1303 2559 1448 2623 nuutio-

395 2684 467 2725 rum
489 2661 672 2747 aureadium
696 2661 861 2725 translatus
883 2662 918 2724 iu
941 2662 1086 2725 Daciam.
1133 2663 1235 2726 Vetus
1260 2662 1444 2747 inscriptio:

397 2767 582 2828 Procurator
597 2765 732 2848 Aucustc'
743 2765 913 2848 prmiucioe
927 2764 1054 2826 Baeticae
1069 2763 1114 2826 od
1126 2764 1243 2827 durana
1257 2764 1447 2849 accipienda.

399 2866 563 2951 Apuleius,
585 2866 712 2929 Milesia
726 2865 778 2927 vii.
797 2867 988 2929 Procurator
1007 2865 1172 2950 Principis
1189 2865 1359 2930 ducenaria
1371 2888 1447 2951 prr-

392 2971 532 3052 fuuctuc.
564 2969 662 3032 Natio
679 2969 770 3032 valde
793 2968 907 3031 infesta
928 2966 1126 3030 Christianis.
1172 2966 1301 3030 Etenim
1320 2989 1377 3052 per
1397 2988 1449 3030 oo-

402 3070 560 3133 casionem
586 3070 678 3132 officii
705 3070 751 3133 sui
777 3068 883 3133 omnia
906 3068 1036 3131 minima
1059 3070 1198 3132 maxima
1222 3090 1293 3154 quae
1319 3069 1351 3132 in
1376 3091 1450 3154 pro-

399 3170 509 3234 vinciis
524 3178 694 3255 agerentur
709 3171 947 3234 renunciabant.
995 3171 1112 3254 Itaque
1126 3171 1168 3234 ab
1184 3170 1222 3234 iis
1240 3193 1325 3256 saepe
1340 3172 1449 3236 vexati

400 3271 604 3336 Confessores
627 3272 796 3336 Christiani
820 3272 965 3346 nominis,
987 3272 1046 3334 nisi
1070 3276 1218 3355 pactione
1241 3273 1326 3357 turpi
1349 3295 1449 3336 vexa·

399 3374 518 3436 tionem
542 3374 745 3451 redimerent,
769 3375 850 3437 sicut
876 3375 917 3437 ab
943 3374 1006 3437 isto
1032 3375 1177 3459 Martiali
1200 3376 1320 3439 factum
1344 3375 1451 3439 innuit

400 3462 583 3560 Cyprianus.
629 3477 754 3541 Titulus
774 3485 823 3541 est
838 3477 891 3538 lib.
910 3499 940 3539 x.
956 3475 1033 3539 uod.
1050 3477 1090 3539 de
1110 3477 1330 3540 exactionibus
1347 3477 1452 3540 tribu·

399 3584 516 3652 torum,
540 3578 593 3640 ubi
616 3579 846 3643 Constantinus
869 3578 952 3661 Imp.
977 3586 1066 3641 vetat
1090 3579 1287 3643 Ducenarios
1312 3578 1452 3662 aliquem

401 3701 441 3742 ex
465 3680 661 3743 debitoribus
687 3680 851 3743 convenire
875 3680 1057 3764 priusquam
1084 3704 1104 3743 a
1128 3683 1286 3745 tabulario
1311 3682 1453 3746 civitatis

401 3780 588 3842 nominatim
616 3781 725 3845 breves
748 3782 906 3865 accipiant
929 3783 1118 3858 debitorum,
1142 3793 1176 3847 et
1198 3784 1218 3846 l.
1242 3805 1306 3866 seq.
1352 3784 1453 3847 Nemo

399 3902 558 3951 carcaram,
574 3882 688 3965 inquit,
700 3882 988 3967 plumbatarumque
1006 3883 1138 3959 rubero,
1155 3894 1210 3948 aut
1220 3885 1372 3969 paudere,
1387 3885 1451 3948 ali-

401 4005 479 4067 aquc
502 3982 541 4045 ab
564 3983 720 4048 luculentia
737 3986 881 4068 judicum
904 3994 1025 4069 reperto
1048 3986 1202 4069 supplicia
1226 3987 1260 4048 iu
1283 3984 1453 4050 ‹utitor-ua

400 4083 595 4147 colutiuailue
623 4097 804 4169 aapaaucat.
850 4087 895 4150 Et
922 4087 1009 4172 apud
1034 4086 1207 4149 Eusebium
1233 4087 1349 4172 legitur
1374 4088 1454 4173 Epi·

401 4186 486 4249 stola
508 4186 627 4271 Synodi
644 4188 853 4251 Antiochense
873 4190 914 4252 ad
935 4189 1124 4272 Dionysium
1148 4190 1269 4265 Romae,
1290 4197 1323 4253 et
1345 4189 1454 4251 Maxi-

403 4309 489 4349 mum
506 4288 708 4352 Alexandriae
724 4289 895 4373 episcopos,
913 4313 975 4373 qua
991 4298 1098 4373 patres
1116 4290 1308 4355 Antiocheni
1323 4297 1454 4353 tantam

403 4389 437 4449 in
460 4388 561 4451 Paulo
586 4390 794 4453 Samosateno
818 4392 912 4454 luisse
937 4392 1115 4475 superbiam
1140 4400 1264 4469 notant,
1287 4403 1325 4455 ut
1347 4390 1453 4456 Duce-

405 4488 514 4551 nariue
531 4490 644 4574 aliquis
659 4491 770 4553 haberi
785 4493 930 4556 debuerit
944 4494 1045 4577 magis
1065 4516 1160 4577 quam
1177 4494 1355 4578 episcopus,
1369 4496 1454 4558 adeo

404 4610 500 4672 prave
522 4599 556 4653 et
575 4592 747 4656 insolenter
766 4594 850 4657 circa
869 4616 994 4658 omnem
1012 4596 1248 4661 fraternitatem
1270 4598 1453 4682 satagebat.
