3700 5667
477 684 529 748 IN
554 684 788 749 SYNODUM
812 684 1187 748 ANTIOCHENAM.
1291 686 1357 754 82⁹!

312 871 397 914 oens.
413 865 448 915 et
462 852 498 915 S.
508 850 602 914 Jooo.
620 849 703 914 xviii.
723 853 774 935 36.
807 849 944 914 Paulum
963 849 1067 932 λέγειν
1082 850 1205 931 Ἰησοῦν
1224 853 1357 933 Χριστὸν

314 953 454 1022 κάτωθεν,
468 952 601 1015 trudunt
612 951 722 1016 itidem
733 951 926 1016 Antiocheni
941 952 974 1016 in
985 952 1132 1037 Epistolo
1146 959 1250 1038 perte,
1261 974 1357 1037 quam

314 1052 471 1117 Eusebius
492 1054 648 1127 servavit;
673 1054 726 1138 qui
743 1061 851 1119 tamen
870 1054 894 1117 J
896 1077 951 1119 esu
972 1054 1129 1132 Christus,
1145 1064 1182 1121 ut
1201 1055 1306 1119 obiter
1323 1055 1356 1118 id

315 1164 436 1232 notem,
457 1157 542 1240 opud
565 1155 791 1242 evangelistam
813 1163 863 1220 est
885 1159 902 1220 ὁ
928 1161 961 1222 lx
986 1162 1039 1221 τοῦ
1063 1159 1190 1239 οὐρανοῦ
1212 1156 1354 1237 καταβάς.

311 1259 404 1322 Jooo.
419 1258 463 1321 iii.
482 1279 531 1343 13.
569 1258 764 1323 Adverbium
781 1281 905 1343 quoque
920 1265 1007 1341 δεῦρο
1021 1260 1133 1324 eodem
1150 1282 1245 1324 sensu
1259 1268 1357 1344 etque

312 1360 372 1424 hoe
397 1360 466 1424 loeo
493 1362 632 1424 ἐντεῦθεν
658 1363 883 1426 Samosatenus
908 1362 985 1425 olibi
1010 1362 1134 1445 hebet.)
1178 1364 1283 1444 Μαρία
1303 1362 1358 1427 τὸν

313 1466 414 1545 Λόγον
433 1464 485 1526 οὐκ
506 1464 616 1536 ἔτεκεν,
633 1465 701 1527 οὐδὲ
721 1467 779 1545 γὰρ
796 1464 834 1542 ἣν
852 1465 908 1545 πρὸ
925 1468 1041 1529 αἰώνων
1059 1467 1077 1546 ἡ
1097 1467 1208 1547 Μαρία.
1254 1469 1358 1547 Μαρία

313 1566 366 1630 τὸν
380 1568 481 1647 Λόγον
501 1563 673 1643 ὑπεδέξατο·
692 1567 765 1645 (ior.
781 1565 902 1652 legend.
920 1567 976 1650 οὐχ
996 1568 1167 1646 ὑπεδέξατο.
1184 1569 1282 1654 Apud
1299 1568 1357 1632 Le-

313 1668 435 1731 ontium
461 1669 509 1731 his
534 1668 626 1731 Pauli
650 1668 744 1732 diotis
768 1668 972 1753 subjunotum
997 1679 1058 1745 est,
1082 1671 1241 1734 Nestorius
1264 1671 1355 1748 duit,

315 1771 463 1849 Quomodo
482 1771 579 1855 ioitur
593 1770 705 1833 Morio
722 1771 921 1855 antiquiorem
937 1793 967 1835 se
981 1772 1103 1856 peperit
1113 1773 1144 1852 l)
1162 1774 1210 1835 καὶ
1224 1774 1276 1836 οὐκ
1292 1775 1357 1838 tori

311 1873 501 1954 πρεσβυτέρα
530 1877 583 1935 τοῦ
611 1875 721 1953 Λόγου,
753 1875 834 1936 ἄλλα
863 1875 1021 1954 ἄνθρωπον
1049 1875 1119 1953 ἡμῖν
1146 1874 1216 1937 ἴσον
1246 1875 1355 1939 ἔτεκεν

312 1976 464 2056 κρείττονα
487 1977 520 2038 δὲ
544 1978 618 2038 κατὰ
640 1974 747 2049 πάντα,
772 1975 873 2053 ἐπειδὴ
896 1978 930 2039 ἐκ
952 1978 1119 2054 πνεύματος
1142 1978 1230 2056 ἁγίου
1254 1977 1302 2039 καὶ
1325 1979 1356 2056 if

312 2079 501 2158 ἐπαγγελιῶν
516 2078 563 2140 καὶ
584 2079 617 2140 έκ
636 2083 695 2140 τῶν
712 2077 926 2159 γεγραμμένων
944 2079 962 2157 ἡ
980 2077 1025 2141 ἐπ’
1043 2078 1118 2163 αὐτῷ
1138 2078 1232 2161 χάρις.
1278 2079 1357 2161 (His

310 2188 420 2244 autem
440 2176 606 2244 sententiis
626 2180 796 2263 subjuncta
812 2187 861 2244 est
880 2181 898 2259 ἡ
918 2182 1013 2261 ῥῆσις,
1029 2202 1124 2265 quam
1139 2180 1171 2243 in
1186 2188 1279 2244 textu
1292 2189 1356 2247 ter·

312 2282 390 2344 tiam
410 2281 557 2345 collocavi
577 2288 729 2364 tanquam
753 2303 792 2344 ex
813 2281 904 2344 Pauli
925 2281 1153 2366 Disputatioue
1175 2290 1354 2367 sumptum

311 2385 424 2449 deinde
439 2384 577 2468 positum
592 2393 641 2447 'est
656 2383 742 2446 istud
759 2386 843 2468 quod
858 2385 909 2448 hio
925 2385 1093 2469 sequitur.)
1142 2386 1201 2448 Kal
1216 2387 1357 2469 ἀλλαχοῦ

311 2486 396 2567 λέγει
417 2485 562 2566 (Paulus)
584 2486 682 2548 ἄλλον
705 2485 782 2549 εἶναι
803 2486 856 2549 τὸν
877 2484 998 2566 Ἰησοῦν
1019 2488 1160 2566 Χριστόν·
1190 2485 1357 2566 (Leontius

311 2588 406 2652 habet
422 2588 474 2650 τὸν
488 2587 540 2650 τὸν
554 2586 672 2665 Ἰησοῦν
692 2588 834 2666 Χριστὸν,
851 2586 872 2649 f.
888 2587 941 2649 τὸν
957 2588 1067 2667 Κύριον
1083 2594 1106 2649 Ι.
1122 2589 1176 2667 X.)
1193 2589 1241 2650 καὶ
1259 2589 1356 2651 ἄλλον

310 2689 364 2751 τὸν
379 2688 462 2752 Θεὸν
477 2687 576 2768 (Θεὸν
593 2687 685 2750 abest
704 2708 725 2749 a
744 2689 959 2751 Goulostatiouo
976 2687 1069 2769 Oleli)
1086 2691 1197 2770 Λόγον.
1218 2688 1308 2753 (lons.
1323 2711 1355 2773 p.

310 2809 385 2874 325.

355 2892 528 2975 Postquam
552 2913 626 2955 vero
649 2914 689 2954 ex
713 2891 833 2956 Graeois
858 2891 1009 2976 dispersis
1034 2893 1102 2956 haeo
1128 2892 1254 2978 digessi,
1278 2893 1355 2957 mihi

310 2995 464 3070 constitit,
493 2994 584 3057 Pauli
614 2994 720 3071 verbe,
748 3016 818 3078 quae
847 3015 868 3058 α
895 2993 1030 3057 Leontio
1061 2995 1188 3079 quidem
1217 2994 1356 3079 repetite
1452 3060 1459 3072 ,

310 3103 396 3172 sunt,
425 3096 543 3182 purtim
573 3097 640 3179 jam
675 3103 751 3159 unte
784 3095 873 3158 edite
906 3097 1021 3159 Graeoe
1053 3096 1149 3159 fuisse
1181 3119 1203 3159 ο
1230 3097 1356 3161 Jeeobo

310 3199 394 3263 Guil.
427 3198 592 3262 Feverlino
622 3219 662 3260 ex
692 3197 808 3261 (lodice
839 3198 912 3260 MS.
940 3213 1035 3281 2503.
1062 3197 1214 3261 Biblioth.
1249 3199 1355 3283 Regiae

311 3299 412 3363 Paris.
437 3300 469 3361 in
492 3299 621 3362 Dissert.
647 3298 684 3360 do
706 3298 828 3361 Hormi
852 3298 954 3361 Pauli
978 3298 1166 3361 So-mosolooi
1188 3298 1355 3382 Gottingae

314 3420 405 3483 1741.
421 3410 488 3480 4to.
505 3401 537 3464 in
554 3403 583 3483 ξ.
600 3401 643 3464 iii.
658 3422 732 3484 pag.
754 3420 800 3461 ιο.
817 3400 858 3462 de
875 3422 939 3483 que
954 3399 1191 3462 Dissertatione
1211 3400 1355 3464 diooums

309 3525 389 3566 sum.
426 3503 612 3565 Theodorus
626 3508 735 3566 autem
749 3502 789 3564 de
805 3501 937 3576 Raithu,
954 3500 1059 3564 saeouli
1075 3499 1203 3584 septimi
1218 3501 1356 3585 soriptor

311 3605 378 3689 (qui
404 3605 548 3668 similiter
573 3626 611 3668 ae
634 3612 725 3668 vetus
749 3613 862 3668 auotor
887 3604 999 3666 horum
1026 3602 1296 3667 collectaneorum
1323 3602 1355 3666 in

309 3707 446 3771 medium
464 3706 501 3770 iis
518 3706 714 3790 temporibus
734 3706 955 3779 adductorum,
973 3706 1087 3790 quibus
1101 3705 1267 3769 fervebunt
1281 3704 1355 3769 lites

311 3810 519 3886 Nestorienae,
552 3809 690 3894 dumque
723 3807 879 3874 catholici
913 3831 985 3872 oum
1020 3808 1122 3871 Paulo
1156 3807 1354 3884 Nestorium,

309 3913 396 3977 diota
410 3913 478 3996 ejus
492 3934 531 3976 ex
548 3912 682 3976 advorso
693 3911 893 3984 oollooentes,
905 3911 1042 3975 libenter
1056 3911 1272 3986 conferebant,
1283 3932 1355 3995 eog-

307 4022 401 4079 notos
421 4037 489 4079 esse
511 4014 679 4078 haeretioos
702 4014 760 4077 hos
783 4013 934 4096 eredidit)
952 4013 1043 4076 Pauli
1062 4014 1179 4096 dogma
1193 4013 1241 4076 ito
1255 4034 1352 4095 expo-

307 4116 522 4197 suit—utullus>
541 4117 698 4197 ἄνθρωπον
719 4115 796 4179 εἶναι
815 4115 868 4179 τὸν
891 4117 1002 4196 Κύριον
1026 4114 1239 4194 έῦνσφήμησεν
1260 4113 1354 4191 (Pau-

308 4219 381 4293 lusl·
406 4220 507 4297 ὥσπερ
530 4221 562 4281 δὲ
583 4220 624 4283 εἰς
645 4215 774 4280 ἕκαστον
792 4223 850 4280 τῶν
870 4222 1041 4297 προφητῶν,
1058 4217 1132 4278 οὕτω
1154 4216 1201 4277 καὶ
1223 4216 1256 4277 έν
1277 4214 1354 4299 αὐτῷ

307 4320 450 4400 γενέσθαι
471 4325 524 4383 τοῦ
546 4324 628 4382 Θεοῦ
650 4319 744 4397 λόγον
766 4319 820 4396 τὴν
842 4320 979 4393 ἄσκησιν
1004 4316 1091 4378 ἔνθεν
1109 4317 1156 4378 καὶ
1176 4316 1227 4377 δύο
1248 4316 1355 4395 φύσεις

307 4420 485 4507 διῃρημένοις
500 4419 629 4500 ἐχούσας
643 4419 690 4480 καὶ
706 4415 918 4493 ιἰκοινωνήτους
932 4414 1004 4495 πρὸς
1020 4414 1139 4478 ἑαυτοὺς
1154 4412 1229 4475 εἶναι
1244 4412 1354 4474 πανοῦ.

307 4548 400 4586 πασιν
423 4526 456 4586 έν
478 4526 519 4605 τῷ
542 4523 671 4603 Χριστῷ,
688 4520 726 4585 ὡς
749 4520 845 4581 ἄλλον
867 4519 954 4582 ὄντος
977 4518 1065 4580 αὐτοῦ
1084 4521 1136 4578 τοῦ
1155 4518 1286 4595 Χριστοῦ
1306 4515 1354 4578 καὶ
