3700 5667
478 654 543 718 316
773 652 1022 731 RELIQUIAE
1048 653 1226 717 SACRAE.

478 823 546 902 περὶ
565 822 620 901 την
640 827 692 885 τοῦ
706 820 966 886 ὈΜΟΟΥΣΙΟΎ
986 822 1152 903 ακρίβειαν,
1169 819 1238 885 ἀλλ’
1254 823 1345 889 olm
1359 823 1398 889 ὥς
1415 823 1539 903 ἒξειλή-
1602 834 1606 842 ’

479 941 556 1012 φασι
578 933 645 1012 περὶ
666 935 750 994 ΤΟΥ
770 928 1030 995 ὈΜΟΟΎΣΙΟΎ
1052 929 1195 1012 εἰρήκασι.
1224 929 1279 1009 τὴν
1300 933 1448 1013 φροντίδα
1468 936 1536 1015 γᾶρ

478 1039 562 1122 εἶχον
579 1044 692 1116 πᾶσαν,
706 1039 779 1118 ὅπερ
796 1041 963 1118 ἐπενόησεν
980 1041 996 1102 ὁ
1015 1040 1200 1118 Σαμοσατεὶς
1217 1040 1348 1113 ἀνελεῖν,
1364 1041 1414 1104 καὶ
1431 1045 1536 1121 δεῖξαι

477 1149 535 1231 πρὸ
556 1148 676 1213 πάντων
699 1148 775 1212 εἶναι
796 1148 851 1212 τὸν
871 1148 949 1225 olba,
965 1150 1013 1213 καὶ
1034 1150 1081 1212 ὅτι
1101 1148 1154 1212 ούκ
1176 1147 1213 1227 ἐξ
1231 1150 1393 1230 ἀνθρύπαν
1414 1149 1534 1232 γέγονε

478 1258 569 1334 Θεδς,
585 1261 668 1322 ἀλλὰ
689 1259 768 1326 Θεὸς
788 1257 830 1322 δν
847 1260 1033 1323 ’ἐνεδύσατο
1053 1259 1162 1322 δούλου
1180 1257 1311 1339 μορφὴν,
1332 1260 1404 1322 ’καὶ
1424 1262 1561 1341 Myous

477 1369 519 1434 δν
539 1369 648 1452 γέγονε
668 1373 753 1449 σδρξ,
775 1371 813 1436 ὥς
833 1370 917 1433 εἶπεν
936 1372 952 1432 ὁ
969 1367 1119 1447 Ἰωάννης·
1143 1372 1192 1432 καὶ
1211 1371 1286 1432 σύτο
1306 1371 1363 1449 μὲν
1383 1373 1458 1433 κατὰ
1474 1374 1532 1450 τῆς

476 1480 676 1561 βλασφημίας
699 1480 823 1542 Παύλου
845 1477 1018 1559 πέπρακται.
1041 1488 1081 1556 tt.
1096 1482 1145 1542 43.
1160 1494 1191 1542 et
1208 1481 1258 1541 44.
1281 1504 1309 1563 p.
1325 1484 1393 1552 757.
1408 1486 1463 1543 &e
1478 1486 1530 1544 ed.

477 1592 682 1652 Montfaucon.

477 1783 704 1838 consubstantiali
712 1785 816 1855 loquuti
826 1791 898 1838 eunt.
919 1784 973 1837 To·
1024 1784 1114 1838 Deum
1123 1783 1224 1836 sactiun
1235 1799 1302 1847 esse,
1312 1781 1359 1836 sed
1372 1782 1448 1835 Deus
1460 1799 1526 1837 cum

474 1863 502 1908 ta
519 1855 591 1908 enim
608 1872 701 1908 eorum
717 1872 781 1908 cura
796 1854 824 1907 in
840 1871 872 1907 eo
887 1854 974 1924 posits
1023 1863 1102 1918 esset5
1123 1853 1237 1907 formam
1258 1852 1327 1906 servi
1346 1850 1475 1915 induisse,
1498 1864 1527 1908 et
1539 1858 1577 1898 ¹0

475 1933 539 1987 erat,
554 1932 580 1978 et
615 1923 670 1978 uod
689 1924 882 1977 Samosatensis
900 1941 973 1977 corn-
1023 1941 1086 1977 cum
1105 1922 1226 1978 Verbum
1246 1930 1324 1985 esset,
1343 1921 1444 1975 factum
1464 1940 1526 1977 esse

474 2003 581 2048 mentua
626 2003 690 2057 erat,
702 2002 857 2057 everterent,
870 2005 896 2046 et
912 2003 973 2046 ante
1023 2011 1138 2056 carnem,
1148 2000 1179 2046 ut
1191 1993 1227 2045 ait
1237 1991 1374 2045 loannes:
1393 2000 1474 2063 atque
1485 1993 1526 2047 ita

475 2064 564 2118 omnis
590 2065 685 2118 Filium
715 2081 772 2117 esse
802 2063 973 2127 declararent,
1023 2063 1150 2117 adversus
1169 2062 1246 2116 Pauli
1265 2061 1457 2132 blasphemiam
1477 2080 1525 2117 sc·

474 2151 588 2206 eumque
614 2151 780 2206 unusquam
807 2150 839 2187 ex
865 2133 974 2187 bomine
1022 2142 1142 2187 tumeat.

889 2337 1105 2384 -ψ-

731 2521 780 2584 De
795 2517 911 2582 Eodem
926 2515 1109 2580 Antiocheno
1125 2517 1261 2581 Concilio
1536 2543 1569 2600 15

553 2658 633 2722 Ηαο
647 2658 737 2740 affert
751 2657 784 2720 S.
798 2653 940 2719 Basilius
955 2653 1004 2716 M.
1020 2652 1055 2715 ιἰι
1071 2651 1217 2736 Epistola
1230 2652 1274 2715 lii.
1288 2651 1361 2716 olim
1374 2672 1439 2714 eoo.

517 2844 575 2905 Kal
594 2845 651 2923 γὰρ
673 2845 713 2927 τῷ
734 2843 797 2903 ὄντι
817 2843 846 2902 ol
867 2839 915 2902 ἐπὶ
937 2840 1050 2922 Παύλῳ
1070 2838 1110 2923 τῷ
1133 2840 1306 2917 Σαμοσατεῖ
1322 2835 1523 2901 συνελθόντες

472 2951 620 3028 διέβαλον
645 2951 699 3027 τὴν
724 2947 810 3026 λέξιν
834 2948 903 3033 (TO
929 2945 1207 3030 ‘0M00r210NJ
1234 2947 1272 3012 ὡς
1297 2946 1349 3008 ούκ
1376 2946 1519 3022 εὔσημον.

473 3060 594 3142 ἔφασαν
604 3062 661 3140 γὰρ
678 3061 788 3121 ἐκεῖνοι
805 3059 859 3136 τὴν
873 3063 924 3121 τοῦ
940 3058 1099 3136 ὁμοουσίου
1114 3057 1218 3138 φωνην
1233 3056 1383 3138 παριστᾷν
1398 3054 1522 3118 ἔννοιαν

471 3171 575 3237 οὐσίας
592 3197 624 3234 τε
644 3172 690 3234 καὶ
706 3177 764 3234 τῶν
780 3169 828 3234 ἀπ’
845 3170 943 3248 αὐτῆς,
961 3171 1039 3231 ὥστε
1058 3173 1328 3249 καταμερισθεῖσον
1343 3167 1396 3245 τὴν
1411 3165 1520 3228 οὐσίαν
1531 3174 1570 3212 ²0

470 3280 614 3363 παρέχειν
637 3284 689 3343 τοῦ
712 3281 871 3360 ὁμοουσίον
894 3280 948 3357 τὴν
971 3281 1174 3361 προσηγορίαν
1197 3285 1259 3345 τοῖς
1281 3281 1322 3345 εἰς
1344 3277 1365 3340 δ
1386 3274 1518 3356 διῃρέθη.

471 3403 543 3452 torn.
559 3393 600 3450 iii.
616 3413 644 3472 p.
665 3390 732 3451 145.
748 3390 793 3450 ed.
809 3389 994 3449 Benedictin.

785 3572 947 3649 Interprete
961 3571 1001 3627 lt.
1018 3569 1205 3628 Montncutio.

505 3696 577 3750 Nam
585 3715 676 3752 revera
687 3698 733 3769 qui
745 3698 773 3751 in
785 3698 861 3752 Pauli
873 3696 967 3751 Samo·
1018 3696 1175 3751 substantiae
1187 3707 1213 3751 et
1224 3713 1394 3767 eorumquae
1406 3713 1438 3749 ex
1451 3694 1518 3750 sub-

467 3767 580 3819 sateneis
592 3784 672 3820 causa
681 3777 865 3830 convenerant,
874 3784 967 3820 vocem
1018 3768 1123 3831 stantia,
1145 3766 1212 3821 adeo
1234 3775 1264 3821 ut
1285 3767 1370 3820 divisa
1390 3765 1518 3819 substan-
1530 3779 1546 3818 2
1549 3777 1569 3839 5

468 3833 538 3887 hauc
560 3837 635 3904 quasi
656 3837 724 3889 male
748 3845 888 3889 sonantem
909 3837 966 3889 cul-
1017 3838 1053 3889 tia
1068 3838 1268 3917 appellationem
1283 3836 1518 3891 consubstantialis

467 3912 575 3973 parunt.
610 3904 743 3959 Dixeruut
761 3905 832 3958 enim
849 3905 966 3958 consub·
1016 3907 1138 3960 conciliet
1149 3908 1190 3971 iis,
1203 3908 1232 3961 in
1244 3925 1304 3977 quae
1316 3906 1402 3961 divisa
1412 3915 1463 3960 est.

468 3973 596 4028 staubalis
612 3992 677 4029 voce
694 3974 812 4028 exhiberi
830 3975 966 4029 notionem

663 4145 789 4194 retritis
807 4157 827 4206 η.
1139 4145 1236 4192 ¹Josn.
1250 4147 1266 4193 i.
1282 4161 1319 4205 ¹4-
