3700 5667
579 608 765 672 CONClL.
790 610 1039 674 CARTHAG.
1058 610 1114 673 lV.
1311 613 1373 675 105

324 773 503 837 versatione
524 774 693 858 perspexit.
739 775 831 856 Quod
854 782 887 839 et
908 777 994 861 apud
1013 798 1067 839 vos
1089 775 1209 840 factum
1231 775 1373 838 videmus

326 885 358 948 in
378 884 488 948 Sabini
507 885 635 970 collegae
656 888 755 951 nostri
776 888 985 960 ordinatione,
1012 895 1049 951 ut
1068 888 1108 951 de
1132 887 1285 950 universae
1309 887 1373 950 fra-

326 993 488 1057 ternitatis
517 994 666 1079 suffragio
692 1002 725 1059 et
752 997 791 1058 de
814 996 1034 1081 episcoporum
1061 997 1114 1081 qui
1141 997 1173 1060 in
1203 997 1374 1081 praesentia

325 1112 549 1178 convenerant,
567 1105 683 1188 quique
699 1105 738 1168 de
753 1128 791 1168 eo
805 1106 847 1168 ad
862 1128 917 1169 vos
938 1107 1063 1170 litteras
1082 1107 1238 1183 fecerant,
1253 1107 1374 1191 judicio

298 1213 526 1298 sepiscopatus
549 1213 578 1275 ei
604 1213 782 1277 deferretur
807 1223 839 1277 et
862 1236 975 1277 manus
996 1215 1024 1277 ei
1045 1215 1077 1277 in
1097 1216 1201 1279 locum
1226 1215 1374 1279 Basilidis

326 1325 549 1409 imponeretur.
604 1324 670 1387 Nec
696 1325 873 1389 rescindere
897 1326 1130 1390 ordinationem
1156 1328 1229 1411 jure
1256 1327 1374 1412 perfec

327 1449 394 1499 tam
422 1442 530 1518 potest
556 1436 638 1519 quod
663 1435 818 1500 Basilides
848 1446 920 1521 post
950 1438 1083 1502 crimina
1108 1461 1166 1502 sua
1189 1440 1318 1502 detecta
1340 1445 1375 1502 et

327 1545 551 1608 conscientiam
573 1545 670 1609 etiam
692 1547 820 1630 propria
842 1547 1037 1612 confessione
1061 1549 1216 1612 nudatam
1238 1549 1374 1611 Romam

327 1677 460 1740 pergens
484 1655 682 1739 Stephanum
708 1656 860 1741 collegam
890 1665 1034 1720 nostrum
1060 1658 1153 1742 louge
1177 1659 1315 1743 positum
1341 1666 1375 1721 et

281 1790 317 1829 ιο
325 1772 425 1850 gestae
441 1765 486 1827 rei
501 1786 539 1828 ac
554 1764 698 1829 veritatis
716 1765 861 1849 ignarum
876 1766 997 1843 fefellit,
1014 1775 1051 1831 ut
1066 1768 1244 1831 exambiret
1265 1767 1375 1852 reponi

326 1897 360 1940 se
386 1875 504 1960 injuste
530 1876 563 1939 in
588 1875 806 1959 episcopatum
830 1877 870 1939 de
896 1899 959 1959 quo
981 1877 1086 1940 fuerat
1104 1877 1177 1960 jure
1201 1878 1374 1961 depositus.

327 1986 400 2050 Hoc
422 2008 460 2049 eo
482 1987 622 2070 pertinet
643 1994 680 2050 ut
696 1986 844 2050 Basilidis
865 2010 929 2051 non
954 1997 1021 2051 tam
1045 1987 1167 2051 abolita
1190 1987 1255 2051 siut
1279 2009 1375 2070 quam

326 2096 487 2160 cumulata
507 2095 633 2172 delicta,
648 2104 684 2161 ut
700 2098 741 2159 ad
756 2098 921 2181 superiora
942 2105 1075 2181 peccata
1090 2097 1158 2182 ejus
1173 2097 1271 2161 etiam
1286 2098 1375 2161 salla·

325 2208 383 2271 ciae
412 2215 446 2270 et
471 2206 744 2270 circumventionis
774 2206 892 2269 crimen
918 2208 1099 2272 accesserit.
1155 2206 1267 2291 Neque
1292 2206 1377 2269 enim

280 2341 314 2397 ¹⁵
326 2323 394 2379 tam
410 2315 584 2399 culpandus
602 2331 651 2380 est
669 2317 720 2380 ille
740 2317 789 2380 cui
813 2317 1010 2402 negligenter
1024 2319 1193 2401 obreptum
1215 2325 1265 2380 est
1280 2339 1375 2402 quam

326 2425 377 2488 hic
414 2427 610 2489 execrandus
656 2427 708 2510 qui
746 2427 965 2491 fraudulenter
1000 2427 1152 2511 obrepsit.
1214 2427 1376 2512 Obreperc

326 2547 432 2600 autem
448 2537 474 2600 si
489 2537 668 2600 hominibus
685 2537 841 2601 Basilides
859 2538 974 2622 potuit,
992 2538 1062 2601 Deo
1085 2559 1148 2600 non
1168 2545 1288 2621 potest,
1303 2559 1375 2601 cum

326 2647 480 2731 scriptum
506 2647 566 2711 sit:
601 2649 706 2710 2Decs
731 2669 790 2711 aon
825 2648 990 2710 deridetur·
1050 2647 1113 2710 Sed
1141 2669 1198 2711 nec
1228 2647 1377 2711 Martiali

326 2765 433 2842 potest
461 2758 614 2841 profuisse
636 2758 762 2822 fallacia
788 2780 851 2842 quo
879 2758 983 2821 minus
1009 2757 1076 2842 ipse
1102 2779 1227 2842 quoque
1251 2757 1375 2821 delictis

279 2898 317 2935 20
325 2867 475 2951 gravibus
495 2868 654 2932 involutus
669 2869 886 2952 episcopatum
902 2875 1011 2930 tenere
1025 2888 1089 2930 uon
1104 2868 1231 2941 debeat,
1247 2867 1375 2950 quando

326 2984 360 3041 et
374 2978 537 3061 apostolus
551 2987 680 3041 moneat
695 2986 728 3043 et
743 2979 850 3042 dicat:
878 2978 1079 3063 ²Episcopum
1099 2986 1212 3062 oportet
1233 2999 1291 3040 esse
1312 2978 1378 3040 ane

326 3088 463 3166 crimine,
483 3089 572 3173 qusai
590 3090 653 3152 Dei
673 3090 916 3174 dispensatorem.
964 3090 1166 3174 Quapropter
1189 3111 1272 3162 cum,
1295 3088 1378 3152 sicut

326 3197 508 3283 scripsistis,
523 3201 640 3262 fratres
664 3199 868 3275 dilectissimi,
885 3205 918 3262 et
941 3205 978 3260 ut
995 3198 1085 3261 Felix
1109 3206 1143 3261 et
1160 3197 1295 3260 Sabinus
1313 3196 1376 3260 col-

326 3307 404 3391 legae
419 3307 520 3372 nostri
541 3317 736 3386 asseverant,
751 3318 850 3392 utque
865 3309 945 3372 alius
963 3308 1054 3370 Felix
1075 3307 1115 3370 de
1131 3307 1378 3390 Caesaraugusta

280 3445 316 3503 25
326 3418 399 3482 fidei
414 3419 518 3482 cultor
532 3440 570 3481 ac
585 3418 731 3481 defensor
745 3419 889 3482 veritatis
912 3418 1028 3482 litteris
1044 3417 1108 3480 suis
1127 3414 1296 3500 significat,
1313 3414 1377 3478 Ba·

327 3528 432 3590 silides
446 3536 479 3591 et
497 3527 657 3592 Martialis
679 3528 816 3591 nefando
831 3528 1019 3592 idololatriae
1037 3527 1142 3590 libello
1163 3525 1373 3589 contaminati

326 3637 399 3710 sint,
416 3636 571 3700 Basilides
590 3636 694 3700 adhuc
714 3636 852 3720 insuper,
869 3644 987 3720 praeter
1002 3636 1096 3699 libelli
1118 3635 1286 3710 maculam,
1303 3655 1374 3698 oum

326 3747 358 3810 in
380 3746 565 3811 infirmitate
588 3746 799 3822 decumberet,
820 3746 852 3808 in
870 3746 975 3809 Deum
997 3745 1265 3830 blasphemaverit
1286 3751 1320 3809 et
1342 3766 1377 3808 se

325 3857 562 3941 blasphemasse
584 3857 744 3920 confessus
766 3857 819 3932 sit,
840 3866 874 3920 et
896 3856 1113 3940 episcopatum
1137 3878 1195 3941 pro
1218 3856 1377 3919 eonscien-

280 3997 318 4052 30
326 3967 380 4029 tiae
395 3988 461 4030 suae
476 3967 602 4030 vulnere
618 3974 731 4051 sponte
747 3967 908 4052 deponens
923 3967 965 4029 ad
980 3967 1135 4051 agendam
1155 3965 1377 4051 poenitentiam

326 4099 494 4141 conversus
516 4077 570 4152 sit,
586 4075 691 4140 Deum
713 4077 898 4161 deprecans,
923 4084 957 4139 st
980 4077 1059 4140 satis
1080 4075 1246 4160 gratulans
1269 4075 1294 4136 si
1318 4074 1377 4137 sibi

327 4186 474 4251 vallaico
489 4186 720 4250 communicare
741 4186 951 4270 contingeret,
971 4186 1131 4250 Martialis
1152 4205 1277 4268 quoque
1298 4204 1377 4266 prae·

327 4308 376 4360 ter
395 4296 561 4382 gentilium
584 4296 692 4378 turpia
710 4305 743 4360 et
765 4296 923 4361 lutulenta
947 4295 1089 4360 convivia
1113 4294 1147 4358 in
1168 4292 1298 4378 collegio
1322 4291 1377 4355 diu

555 4552 568 4579 ²
580 4542 634 4589 Gal.
647 4543 679 4588 vi.
694 4556 715 4603 7.
1002 4551 1014 4578 fl
1028 4540 1079 4589 Tit.
1094 4541 1110 4587 i.
1126 4555 1148 4600 p.

371 4676 440 4718 VOL.
453 4677 499 4716 111.
