3700 5667
566 674 617 736 IN
644 670 877 736 SYNODUM
902 670 1277 735 ANTIOCHENAM.
1379 666 1444 734 365

395 850 617 930 argumentum
638 864 677 905 er
693 841 887 904 Arianorum
903 839 943 902 de
958 838 1018 902 hac
1033 860 1068 901 re
1088 838 1214 902 silentio
1232 838 1372 914 ductum,
1388 837 1444 901 sed

397 945 552 1012 memoria
573 943 742 1008 tenendem
764 948 825 1016 est,
841 940 918 1003 nihil
942 939 1002 1003 sihi
1020 939 1129 1004 favens
1148 945 1330 1023 reperturos
1349 938 1445 1002 fuisso

397 1047 526 1112 eosdem
542 1044 712 1108 haereticos
731 1041 876 1126 exposita
890 1062 988 1105 causa
1001 1048 1100 1125 atque
1115 1039 1235 1126 origine
1249 1038 1445 1125 reprobatio

399 1147 449 1211 nis
462 1143 615 1210 vocabuli.

811 1319 1038 1357 ...Q-.-

443 1489 566 1563 Emi,
582 1485 615 1548 in
640 1483 770 1548 Caecilii
791 1482 939 1568 Ephesus?
961 1484 1047 1548 Actis
1067 1491 1152 1569 part.
1167 1485 1211 1548 iii.
1226 1507 1253 1550 c.
1270 1488 1300 1550 6.
1322 1509 1353 1571 p.
1369 1504 1444 1572 979.

401 1595 478 1652 tom.
500 1588 542 1651 iii.
569 1586 680 1650 Ocacil.
704 1585 808 1648 Labb.
836 1585 987 1669 Confessio
1009 1586 1114 1663 iudei,
1139 1588 1234 1650 modo
1259 1596 1447 1667 memorata,

400 1690 490 1775 cujus
509 1689 623 1753 titulus
643 1695 702 1759 est,
723 1686 799 1765 Περὶ
818 1691 869 1764 τῆς
889 1687 1140 1767 ἔνονθροπήσεως
1159 1694 1210 1751 τοῦ
1232 1695 1315 1753 Θεοῦ
1333 1694 1446 1773 Λόγον,

392 1797 453 1857 τοῦ
466 1795 531 1857 υἱοῦ
551 1797 603 1855 τοῦ
623 1791 742 1871 πατρὸς,
762 1791 831 1870 ὅρος
849 1791 1019 1853 ἐπισκόπων
1036 1795 1094 1853 τῶν
1109 1791 1143 1853 ἐν
1158 1793 1267 1874 Nisaia
1281 1792 1447 1875 συναχθέν-

401 1919 461 1957 των
476 1894 510 1957 ἐν
524 1897 559 1980 τῇ
574 1894 700 1976 συνόδῳ·
729 1892 777 1953 καὶ
792 1891 909 1957 dedecus
922 1894 974 1969 τῆς
988 1891 1076 1968 αὐτῆς
1091 1894 1217 1954 συνόδου
1231 1891 1304 1972 πρὸς
1318 1897 1447 1957 Παῦλον

402 1993 592 2074 Σομοσοτέο.
616 1992 702 2056 Vide
714 1998 870 2077 praeterea
884 1991 1093 2076 Euthymium
1104 1993 1302 2077 Zigebenum
1314 1994 1447 2079 Poaopl.

401 2097 541 2180 Depraot.
556 2117 588 2180 p.
604 2115 675 2175 141.
693 2093 742 2157 ed.
761 2093 863 2157 unicae
883 2093 1061 2178 Tergovist.
1083 2095 1204 2178 synodo
1227 2093 1366 2159 Nicaenae
1387 2094 1449 2160 hoo

401 2197 578 2282 symbolum
600 2195 839 2261 attribuentem.
886 2195 926 2258 Id
949 2195 1052 2280 ipsum
1066 2217 1142 2261 vero
1161 2196 1307 2280 patribus
1326 2198 1448 2262 concilii

402 2299 596 2364 Antiochcni
618 2299 770 2362 adversus
790 2297 937 2374 Paulum,
952 2318 1016 2361 non
1034 2299 1155 2382 synodo
1170 2298 1323 2372 Nicaenae,
1347 2299 1449 2363 Vmio

401 2401 491 2466 dedit
505 2400 625 2464 Latina
646 2399 805 2464 Theodori
823 2399 951 2463 Peltani
965 2403 1112 2464 Actonau
1131 2400 1362 2485 Ephesinomm,
1378 2421 1449 2486 quse

402 2501 591 2588 ingolstadii
613 2523 698 2566 auno
716 2503 809 2585 1576.
832 2501 920 2565 edita
942 2508 1001 2566 cst.
1046 2501 1150 2565 Index
1171 2503 1256 2568 enim
1278 2510 1338 2575 est,
1361 2504 1449 2585 Syra

401 2603 498 2669 bolma
511 2626 532 2667 a
540 2601 684 2688 patribus
700 2602 890 2666 Anconae
904 2602 1018 2666 editam
1032 2603 1178 2667 αώοονουο
1191 2604 1330 2668 Paulson
1344 2605 1449 2668 Samo

400 2715 536 2770 menam
546 2705 582 2767 de
599 2702 689 2766 Verbi
700 2704 928 2768 Iaccraaticoe.
962 2706 1178 2791 interpretem
1193 2707 1276 2771 huno
1290 2705 1447 2771 Batonius

401 2815 538 2880 secutus,
561 2814 714 2888 tunquam
739 2805 765 2867 si
788 2804 884 2869 inerit
905 2828 1014 2870 verum
1037 2807 1301 2873 Antiochensium
1324 2807 1449 2893 symbo-

401 2908 476 2986 lum,
492 2907 659 2970 formulam
673 2905 847 2972 Atinatibus
869 2907 935 2971 suis
956 2908 1089 2973 inseruit
1111 2909 1153 2973 ad
1172 2930 1247 2974 anu.
1267 2927 1339 2990 272.
1384 2910 1448 2972 Ne-

401 3031 463 3094 que
477 3009 563 3073 aliud
579 3008 654 3072 fecit
668 3009 692 3070 J
694 3031 765 3072 oan.
778 3009 950 3073 Forbesius
961 3012 1106 3075 Instruot.
1122 3011 1206 3075 Hie.
1227 3010 1330 3077 Theoi.
1342 3010 1363 3074 i.
1374 3030 1407 3090 4.
1421 3030 1447 3073 1.

401 3110 597 3193 eandemque
616 3130 713 3194 porro
733 3110 851 3174 eisdem
866 3111 1012 3194 patribus
1031 3112 1191 3177 vindicare
1210 3134 1379 3198 aggressus
1398 3119 1449 3176 est

403 3211 513 3296 Steph.
539 3211 746 3296 Lemoyuaeus
777 3212 849 3275 Ver.
874 3214 963 3276 Sacr-
987 3221 1063 3278 tom.
1080 3213 1111 3277 ii.
1134 3236 1207 3299 pag.
1225 3230 1296 3298 255.
1319 3219 1449 3297 etpost

402 3334 474 3377 eum
498 3312 697 3377 Christianus
720 3312 886 3376 Wormius
907 3314 989 3378 Hist.
1013 3313 1194 3379 Sodomam
1215 3336 1286 3400 cap.
1306 3313 1351 3377 iii.
1373 3335 1447 3398 pag.

409 3415 585 3496 116-119.
631 3415 749 3477 Verum
763 3413 817 3477 alii
832 3414 974 3499 plerique
994 3414 1089 3478 aliter
1108 3422 1303 3491 statuerunt,
1320 3436 1361 3478 ex
1380 3414 1449 3498 ipso

403 3537 529 3600 quoque
552 3513 688 3598 Symbola
710 3516 862 3599 persuasi,
885 3516 918 3579 in
941 3537 1004 3606 quo
1027 3515 1129 3579 Fihus
1150 3515 1267 3580 dicitur
1288 3537 1357 3579 esse
1379 3514 1450 3578 Deo
1542 3583 1548 3597 ¹

403 3619 568 3697 ὁμοούσιος,
585 3618 670 3701 quod
693 3617 820 3701 quidem
840 3616 1027 3681 vocabulum
1048 3617 1091 3682 ab
1110 3617 1170 3681 hac
1192 3617 1312 3702 synodo
1332 3639 1450 3700 nequa·

403 3740 499 3803 quum
521 3726 709 3803 usurpatum
730 3719 826 3782 fuisse
846 3719 942 3783 iidem
960 3718 1206 3795 existimabaut3
1234 3718 1388 3804 quidquid
1409 3719 1450 3782 de

402 3821 582 3904 receptione
605 3821 673 3904 ejus
695 3821 855 3885 docuisset
878 3821 1098 3906 Lemoynaem,
1121 3819 1181 3885 hoc
1206 3821 1383 3906 symbolum
1406 3821 1449 3885 ed

403 3933 478 3984 suas
491 3922 653 4006 opiniones
667 3922 707 3985 de
725 3923 816 3986 Pauli
831 3923 991 4008 dogmatis
1005 3923 1142 3987 tuendas
1156 3923 1358 4007 detorquens.
1404 3921 1449 3986 Et

402 4030 489 4087 recte
504 4023 632 4085 omnino
648 4023 806 4113 Dupinius
820 4025 852 4086 in
867 4023 1011 4091 Biblon
1028 4047 1086 4089 sua
1100 4028 1268 4089 Auctorem
1281 4024 1398 4088 Euclea
1417 4045 1448 4107 p.

402 4144 477 4210 333.
493 4125 543 4187 ed.
561 4124 635 4188 Lat.
655 4132 753 4209 atque
773 4124 994 4197 Tillemontius
1013 4127 1047 4189 in
1066 4127 1148 4191 Hist.
1173 4127 1304 4189 Ooaeihi
1323 4126 1450 4189 Niccene'

402 4231 469 4287 not.
492 4224 533 4287 xi.
557 4225 590 4286 in
614 4227 644 4306 d.
668 4242 716 4288 12.
741 4246 842 4309 noque
864 4226 937 4290 huic
959 4227 1091 4290 concilio
1113 4226 1326 4302 Antiocheno,
1349 4246 1451 4309 neque

402 4325 448 4388 illi
470 4327 555 4411 apud
580 4325 722 4390 Nicaeam
745 4328 866 4402 habito,
890 4329 1096 4393 tribuendum
1120 4327 1273 4391 essehoc
1297 4327 1451 4411 seriptum

403 4425 614 4491 arbitrantur.
645 4428 738 4509 Quod
753 4435 862 4492 tamen
877 4429 1063 4513 symbolum,
1076 4436 1113 4493 ut
1126 4427 1331 4492 eruditissimi
1350 4427 1453 4512 Lang-

402 4527 497 4591 baenii
521 4528 625 4591 verbis
648 4543 723 4592 utar
745 4529 778 4591 in
801 4531 981 4593 Remasc'm
1002 4552 1061 4594 sua
1080 4529 1221 4593 nondum
1244 4528 1332 4593 edita
1347 4530 1454 4614 partis

404 4627 536 4710 alicujus
554 4629 648 4693 Oodd.
664 4631 794 4693 Barocc.
815 4640 842 4692 et
862 4632 1030 4694 Boeaorwm
1047 4632 1081 4694 ia
1095 4629 1269 4695 bibliotheca
1282 4629 1454 4694 Bodleiano
