3700 5667
511 669 577 737 392
648 663 1008 731 FRAGM.EPIS'1'.
1034 663 1252 729 DIONYSII
1278 666 1424 731 ALEX.

1009 947 1058 1010 II.

836 1134 889 1197 Ευ
903 1132 1219 1218 admittentem.

554 1303 643 1381 Πλῆν
663 1304 722 1382 ἐγὼ
741 1302 852 1384 γενητδ
870 1327 937 1365 τινα
952 1303 1001 1365 καὶ
1018 1304 1125 1382 ποιητά
1139 1329 1206 1367 τινα
1221 1303 1321 1384 φήσας
1336 1309 1483 1380 νοεῖσθαι,
1498 1311 1559 1368 τῶν

508 1414 564 1491 μέν
578 1410 718 1475 τοιούτων
732 1412 770 1477 ὡς
790 1410 988 1492 ἆχρειοτέρων
1003 1413 1035 1490 ἐξ
1051 1414 1207 1493 ἐπιδρομῆς
1222 1413 1306 1475 εἶπον
1320 1415 1557 1493 παραδείγματα·

509 1521 573 1584 ἐπεὶ
592 1519 665 1599 μήτε
686 1519 719 1581 τδ
740 1518 835 1599 φυτδν
854 1518 932 1597 ἔφην
947 1517 1097 1601 (adderem
1118 1519 1151 1582 τδ
1173 1520 1244 1583 αὐτὸ
1261 1520 1352 1604 εῖναι)
1367 1525 1408 1605 τηῖ
1423 1525 1557 1606 γεωργῷ,

507 1629 580 1710 μήτε
602 1630 640 1713 τῷ
662 1631 801 1712 ναυπηγῷ
821 1626 855 1689 τδ
874 1626 999 1707 σκάφος.
1039 1628 1114 1691 Εἶτα
1128 1635 1191 1694 τοῖς
1207 1628 1388 1706 ἱκνουμένοις
1402 1630 1449 1692 καὶ
1462 1655 1558 1710 προσ-

508 1738 685 1821 φυεστέροις
710 1737 892 1819 ἐνδιέτριψα·
928 1739 976 1801 καὶ
1002 1737 1099 1802 πλέον
1123 1742 1279 1816 διεξῆλθον
1304 1740 1371 1819 περὶ
1397 1746 1456 1802 τῶν
1483 1741 1557 1818 ἅλη-

510 1847 669 1928 θεστέρυν,
692 1847 812 1910 ποικίλα
833 1848 1079 1928 προσεπεξευρδν
1100 1847 1251 1929 τεκμήρια,
1275 1847 1352 1929 δπερ
1375 1850 1423 1911 καὶ
1445 1851 1495 1911 σοὶ
1518 1846 1556 1911 δι’

509 1958 605 2034 δλλης
627 1957 786 2032 ἐπιπολῆς
809 1954 942 2036 ἔγραψα·
972 1957 1006 2018 ἐν
1028 1956 1073 2020 οῖς
1094 1955 1219 2035 ῆλεγξα,
1241 1956 1290 2018 καὶ
1311 1955 1328 2018 δ
1351 1955 1557 2036 προφέρουσιν

510 2066 644 2147 ἔγκλημα
669 2061 730 2125 κατ’
753 2064 824 2141 ἐμοῦ
849 2067 961 2144 ψεῦδος
986 2061 1033 2140 δν,
1055 2065 1094 2131 ὣς
1116 2065 1152 2127 οὐ
1177 2064 1322 2145 λέγοντος
1347 2064 1399 2127 τὸν
1423 2064 1557 2145 Χριστὸν

508 2172 769 2237 ὉΜΟΟΎΣΙΟΝ
785 2171 861 2235 εἶναι
878 2175 918 2257 τῷ
939 2176 1019 2258 Θεηῖ.
1043 2176 1141 2254 εῖγδρ
1155 2173 1250 2237 καὶτὸ
1266 2176 1361 2253 ὄνομα
1376 2175 1464 2236 τοθτό
1478 2181 1557 2254 φημι

508 2281 548 2361 μῆ
569 2279 732 2361 εὑρηκέναι,
751 2277 816 2365 μηδ’
832 2279 1034 2362 ἀνεγνωκέναι
1053 2307 1110 2345 που
1130 2288 1189 2345 τῶν
1208 2285 1302 2362 δγίυν
1321 2289 1456 2363 γραφῶν,
1471 2283 1556 2345 ἄλλα

509 2417 545 2473 γε
566 2393 602 2454 τὸ
622 2388 835 2470 ἐπιχειρήματθ
853 2416 910 2468 μου
930 2393 967 2454 τὸ
988 2393 1062 2469 ἑξῆς,
1083 2392 1103 2454 δ
1124 2391 1336 2470 σεσιωπῆκασι,
1352 2395 1404 2470 τῆς
1423 2390 1556 2458 διανοίας

509 2503 614 2577 ταύτης
633 2498 685 2561 οὐκ
705 2498 821 2581 ἁπφδει,
845 2502 892 2561 καὶ
911 2502 970 2580 γαρ
991 2500 1177 2579 ἀνθρωπείαν
1197 2499 1291 2581 γονῆν
1309 2500 1490 2582 παρεθέμην,
1506 2505 1555 2578 δῆ-

508 2618 566 2672 λον
583 2609 623 2675 ὥς
640 2608 736 2671 οὖσαν
756 2609 894 2689 ὁμογενῆ·
919 2607 1021 2689 φήσας
1040 2608 1157 2673 πάντας
1176 2608 1244 2674 τοὺς
1262 2614 1363 2690 γονεῖς
1381 2610 1475 2687 μόνον
1493 2609 1556 2671 ἐτέ-

508 2745 577 2800 ρους
603 2718 679 2782 εῖναι
704 2723 762 2780 τῶν
787 2716 907 2789 τέκνων,
931 2719 977 2780 ὅτι
1001 2718 1041 2796 μῆ
1067 2718 1149 2780 αὐτοὶ
1173 2717 1234 2781 εἶεν
1257 2721 1295 2781 rb
1319 2718 1417 2793 τέκνα,
1440 2714 1458 2796 ἢ
1480 2717 1554 2796 μήτε

508 2834 609 2909 γονεῖς
628 2828 792 2906 ἀναγκαῖον
810 2823 957 2906 ὑπάρχειν
977 2826 1053 2890 εἶναι
1071 2827 1145 2907 μήτε
1165 2826 1263 2890 τέκνα.
1287 2828 1336 2890 καῖ
1349 2827 1403 2905 τῆν
1417 2829 1473 2906 μέν
1489 2830 1552 2890 ἐπι-

508 2934 631 3011 στολῆν,
648 2934 686 2998 ὡς
705 2938 858 3012 προεῖπον,
875 2935 923 2995 διὰ
942 2936 995 3000 τὰς
1014 2933 1206 3015 περιστάσεις
1223 2936 1275 2998 οὐκ
1290 2936 1350 3018 ἔχω
1366 2939 1553 3016 προκομίσαι·

549 3160 687 3216 Ceterum
713 3158 763 3215 ubi
788 3177 834 3215 res
860 3158 952 3215 factus
975 3170 1005 3216 et
1056 3179 1102 3217 me
1117 3180 1257 3236 nusquam
1278 3161 1308 3217 iu
1330 3160 1490 3239 Scripturis
1508 3182 1552 3218 sa-

507 3239 623 3318 opificia
643 3239 773 3315 quaedam
797 3237 1006 3296 consideranda
1056 3239 1112 3296 cris
1133 3240 1187 3296 hoc
1209 3240 1381 3298 vocabulum
1405 3240 1450 3297 vel
1472 3241 1553 3298 inve.

507 3320 580 3386 dixi,
605 3318 771 3397 hujusmodi
801 3338 897 3376 rerum
923 3318 1005 3376 velut
1056 3319 1133 3377 nisse
1153 3318 1198 3376 vel
1218 3319 1323 3397 legisse
1344 3320 1418 3384 dieo,
1434 3319 1490 3377 alia
1509 3331 1552 3377 ta-

508 3403 605 3457 minus
624 3400 792 3456 idonearum
813 3398 916 3455 cursim
940 3418 1005 3476 pro·
1056 3419 1122 3455 men
1147 3410 1319 3474 argumenta
1341 3419 1405 3475 quae
1429 3399 1553 3457 subinde

508 3481 564 3539 tuli
600 3479 742 3557 exempla,
771 3478 887 3553 quando
921 3477 1002 3536 dixi:
1055 3477 1319 3556 adjunxiqua‘que
1333 3479 1375 3535 illi
1388 3489 1552 3545 tacuerunt,

508 3580 603 3637 noque
618 3558 717 3636 planta
729 3559 758 3615 id
773 3570 818 3616 est
832 3559 909 3634 qnod
929 3559 1005 3636 agri·
1055 3559 1091 3615 ab
1111 3558 1164 3616 hac
1183 3557 1381 3633 intelligentia
1402 3558 1474 3615 nihil
1493 3558 1552 3614 dia-

508 3639 580 3704 cola,
609 3658 704 3714 neque
735 3638 840 3714 scapha
868 3637 898 3694 id
926 3638 1004 3713 quod
1055 3648 1183 3715 crepant.
1227 3637 1345 3695 Etenim
1367 3637 1476 3716 prolem
1497 3637 1552 3694 bu.

508 3719 625 3776 navium
653 3717 745 3774 faber.
796 3716 910 3773 Deinde
938 3736 1005 3774 con-
1055 3736 1179 3781 manem,
1210 3736 1275 3794 quae
1308 3729 1387 3776 certe
1421 3715 1551 3793 ejusdem

507 3797 587 3872 gruis
608 3806 638 3852 et
657 3807 767 3852 ηαῑντιο
782 3795 822 3852 rei
843 3814 1004 3852 accommo-
1054 3797 1169 3872 generis
1193 3807 1237 3854 est
1261 3808 1349 3872 atque
1372 3798 1496 3873 genitor,
1522 3797 1552 3854 in

507 3875 668 3932 dationibus
684 3875 774 3950 magis
791 3892 853 3930 sum
870 3874 1004 3931 immora.
1054 3875 1217 3954 exemplum
1241 3876 1348 3933 attuli:
1377 3875 1497 3952 dixique
1520 3896 1553 3934 re

508 3967 565 4021 tus,
587 3975 619 4012 ac
640 3953 773 4031 pluribus
793 3953 917 4030 explicui
940 3972 1004 4028 quae
1055 3974 1123 4012 vers
1148 3966 1282 4033 parentes
1306 3956 1360 4013 hoc
1387 3955 1481 4012 solum
1507 3955 1552 4011 di.

508 4035 619 4093 veriora
632 4043 724 4101 erant,
738 4033 823 4090 variis
835 4033 1004 4109 excogitatis
1054 4036 1164 4111 stingui
1185 4055 1201 4092 a
1223 4035 1298 4101 filiis,
1315 4035 1395 4112 quod
1415 4035 1471 4112 ipsi
1493 4054 1551 4091 non

506 4113 695 4193 argumentis,
711 4134 775 4189 quae
789 4124 820 4171 et
834 4113 887 4169 tibi
903 4114 933 4169 in
948 4112 1004 4170 alia
1054 4115 1113 4171 sint
1128 4114 1179 4171 filii
1193 4137 1201 4183 ;
1223 4126 1274 4172 aut
1293 4126 1372 4173 certe
1391 4115 1552 4171 necessario

506 4195 629 4273 epistola
656 4195 802 4271 exposui;
838 4194 868 4250 in
897 4193 1004 4268 quibus
1054 4193 1188 4251 futurum
1217 4214 1290 4262 esse,
1317 4207 1350 4253 ut
1378 4213 1471 4269 neque
1500 4213 1551 4270 pn-

507 4275 647 4332 mendacii
673 4273 784 4331 convici
813 4273 899 4331 etiam
930 4272 1003 4330 illud
1054 4284 1150 4331 rentes
1165 4285 1271 4338 essent,
1283 4294 1378 4350 neque
1388 4273 1450 4330 filii.
1476 4272 1550 4349 Epi-

505 4353 584 4430 quod
607 4354 758 4410 adversum
782 4372 828 4409 mc
849 4352 1003 4429 proferunt
1054 4352 1156 4409 stolam
1198 4366 1307 4419 autem,
1343 4365 1376 4410 ut
1418 4352 1550 4430 predixi,

504 4433 624 4497 crimen,
645 4452 691 4488 me
714 4431 824 4489 scilieet
845 4451 903 4487 non
925 4450 1001 4489 asse·
1055 4443 1173 4509 propter
1184 4443 1354 4511 presentem
1371 4452 1467 4490 rerum
1482 4452 1551 4489 con-

505 4530 568 4568 rere
589 4510 738 4568 Christum
760 4530 823 4569 esse
845 4509 910 4567 Deo
933 4529 1000 4566 con·
1053 4510 1206 4578 ditionem,
1229 4532 1319 4590 penes
1344 4531 1391 4570 me
1416 4532 1474 4569 non
1500 4513 1551 4568 ha·

501 4589 734 4647 substantialem.
777 4589 907 4646 'Pametsi
923 4589 1001 4646 enim
1053 4591 1125 4647 beo:
1159 4589 1287 4667 alioquin
1317 4592 1379 4669 ipsa
1404 4592 1458 4649 tibi
1486 4610 1550 4666 quae
