3700 5667
687 679 872 743 CONCIL.
897 679 1145 743 CARTHAG.
1164 681 1242 743 VII.
1426 681 1491 750 119

439 846 594 932 baptizati
624 845 781 931 inquinati
809 854 892 923 sunt,
922 847 1025 931 primo
1050 848 1179 933 purgari
1205 856 1239 912 et
1262 857 1338 912 tunc
1364 849 1490 913 demum

440 956 607 1043 baptizari.

485 1069 587 1131 VIII.
610 1066 760 1131 Crescens
775 1089 796 1129 a
811 1066 903 1130 Cirta
918 1067 1008 1131 dixit.
1056 1067 1094 1130 In
1115 1076 1209 1133 tanto
1229 1078 1314 1134 coetu
1330 1070 1492 1133 sanctissi-

441 1199 565 1240 momm
585 1177 846 1240 consacerdotum
871 1176 961 1239 lectis
982 1176 1099 1240 litteris
1120 1178 1270 1263 Cypriani
1294 1178 1490 1243 dilectissimi

414 1288 542 1358 snostri
557 1287 600 1350 ad
614 1288 637 1349 J
640 1287 821 1363 ubaiannm‚
837 1285 976 1371 itemque
990 1287 1033 1350 ad
1049 1287 1260 1372 Stephanum,
1276 1311 1347 1373 qnae
1364 1296 1491 1353 tantum

442 1399 474 1462 in
489 1421 523 1462 se
538 1404 720 1462 sanctorum
735 1397 990 1461 testimoniorum
1002 1398 1260 1462 descendentium
1274 1421 1313 1462 ex
1326 1400 1492 1485 scripturis

441 1509 561 1572 deificis
582 1507 745 1571 continent
771 1514 808 1571 ut
833 1508 949 1571 merito
969 1529 1078 1571 omnes
1099 1530 1157 1592 per
1176 1508 1236 1572 Dei
1256 1510 1395 1594 gratiam
1414 1512 1492 1573 adu-

441 1622 509 1684 nati
532 1620 709 1684 consentire
732 1620 913 1691 debeamus,
930 1642 1043 1683 censeo
1061 1642 1119 1704 ego
1143 1642 1252 1685 omnes
1272 1621 1439 1686 haereticos
1458 1628 1491 1686 et

441 1732 669 1807 schismaticos,
687 1732 740 1816 qui
755 1731 797 1795 ad
813 1731 1003 1795 catholicam
1023 1732 1187 1796 ecclesiam
1203 1733 1360 1796 voluerint
1375 1733 1490 1809 venire,

396 1866 505 1906 ronon
520 1853 597 1908 ante
615 1844 735 1929 ingredi
752 1844 811 1907 nisi
827 1843 998 1907 exorcizati
1021 1850 1054 1907 et
1076 1843 1229 1928 baptizati
1253 1843 1340 1927 prius
1362 1843 1490 1917 luerint,

442 1953 583 2039 exceptis
609 1954 658 2017 his
688 1976 764 2018 sane
789 1955 842 2039 qui
868 1954 901 2018 in
926 1953 1058 2017 ecclesia
1084 1953 1241 2018 catholica
1270 1953 1389 2018 luerint
1416 1962 1492 2018 ante

441 2064 606 2147 baptizati,
622 2064 670 2128 ita
688 2073 796 2128 tamen
811 2072 849 2129 ut
870 2086 1055 2149 permeans
1075 2063 1309 2148 impositionem
1332 2064 1365 2127 in
1388 2064 1490 2151 poeni·

442 2173 577 2238 tentiam
593 2174 730 2238 ecclesiae
745 2175 997 2239 reconcilientur.

487 2282 550 2345 IX.
575 2282 765 2347 Nicomedes
782 2305 802 2347 a
822 2283 982 2369 Segermis
1004 2283 1095 2348 dixit.
1143 2284 1219 2347 Mea
1241 2282 1402 2347 sententia
1423 2283 1491 2346 haec

398 2398 501 2477 r5est‚
528 2403 566 2455 ut
590 2391 732 2455 haeretici
761 2393 803 2456 ad
830 2392 993 2456 ecclesiam
1020 2393 1181 2456 venientes
1211 2392 1422 2477 baptizentur,
1454 2414 1493 2456 eo

442 2502 527 2585 quod
541 2501 660 2564 nullam
674 2500 751 2565 loris
761 2501 847 2586 apud
862 2508 1045 2586 peccatores
1059 2501 1274 2566 remissionem
1289 2510 1492 2586 peccatorum

442 2620 688 2697 consequantur.

485 2723 531 2788 X.
555 2723 730 2787 Munnulus
744 2745 763 2785 a
779 2722 883 2786 Girba
897 2722 988 2787 dixit.
1035 2721 1187 2786 Ecolesiae
1201 2722 1365 2786 catholicae
1380 2723 1493 2788 matris

442 2841 561 2897 nostrae
586 2833 704 2897 veritas
733 2855 857 2918 semper
887 2832 973 2916 apud
1003 2833 1221 2908 uos,frat1·es,
1252 2839 1286 2896 et
1316 2832 1432 2897 mansit
1459 2840 1493 2897 et

394 2951 561 3016 aomanet,
585 2950 620 3007 et
643 2943 691 3006 vel
719 2941 856 3005 maxime
882 2941 915 3005 in
939 2941 1142 3025 baptismatis
1169 2941 1325 3015 trinitate,
1353 2942 1493 3006 Domino

442 3061 553 3117 nostro
576 3053 719 3117 dicente:
754 3051 816 3115 fla
839 3061 866 3115 ct
891 3050 1041 3136 baptizate
1066 3060 1165 3137 petates
1190 3052 1224 3114 in
1248 3052 1366 3114 nosaico
1382 3053 1493 3116 Patris

441 3174 470 3228 ct
484 3164 568 3228 Filii
587 3173 616 3228 et
630 3163 767 3248 walae
787 3163 894 3226 sandi.
942 3161 1024 3226 Cum
1055 3185 1131 3248 ergo
1159 3163 1326 3227 manifeste
1356 3163 1493 3226 sciamus

441 3274 609 3338 haereticos
623 3295 686 3336 non
701 3274 820 3336 habere
834 3294 892 3336 neo
909 3273 1040 3336 Patrem
1056 3295 1113 3337 noc
1130 3273 1247 3336 Filium
1263 3295 1320 3337 nec
1336 3272 1491 3357 Spiritum

441 3390 597 3456 mactum,
614 3383 731 3447 debent
753 3382 914 3446 venientes
936 3383 978 3445 ad
998 3383 1162 3447 ecclesiam
1186 3389 1321 3447 matrem
1349 3390 1493 3448 nostram

396 3516 515 3578 assere
540 3493 662 3558 renasci
692 3501 726 3558 et
755 3493 921 3578 baptizari,
947 3501 984 3557 nt
1010 3517 1124 3558 cancer
1154 3496 1239 3581 qnod
1267 3495 1430 3559 habebant
1460 3502 1493 3559 et

442 3604 656 3669 damnationis
673 3604 722 3668 ira
736 3612 770 3668 et
785 3605 901 3669 erroris
919 3606 1073 3669 offectura
1087 3628 1144 3690 per
1158 3612 1304 3670 sanctum
1320 3613 1354 3669 et
1367 3605 1493 3670 caeleste

441 3716 601 3781 lavacrum
616 3716 840 3781 sanctificetur.

486 3827 552 3891 XI.
576 3827 772 3892 Secundiuus
791 3850 812 3892 a
829 3826 947 3892 Cedias
970 3829 1061 3892 dixit.
1108 3829 1187 3893 Onm
1206 3829 1362 3894 Dominus
1384 3837 1495 3894 noster

442 3938 588 4004 Christus
615 3938 713 4013 dicat,
740 3937 826 4016 ⁸Qai
852 3958 911 4000 noa
939 3948 981 4001 est
1007 3959 1121 4000 uwcam
1146 3938 1289 4003 aduersas
1314 3963 1360 4003 nae
1383 3951 1432 4017 est,
1460 3950 1494 4005 et

394 4048 608 4128 gohJoannes
621 4048 785 4133 apostolus
800 4070 854 4111 eos
870 4048 923 4131 qui
939 4048 981 4111 ab
996 4048 1128 4111 eeclesia
1148 4058 1267 4112 exeunt
1287 4049 1494 4113 antichristos

441 4159 538 4232 dicat,
554 4158 773 4223 indubitanter
787 4158 896 4222 hostes
911 4158 1041 4232 Christi,
1057 4159 1173 4244 quique
1191 4157 1371 4222 antichristi
1393 4158 1493 4221 nomi·

443 4271 510 4334 nati
525 4279 610 4347 sunt,
625 4269 765 4356 gratiam
787 4270 938 4354 baptismi
961 4271 1110 4335 salutaris
1132 4269 1313 4333 ministrare
1336 4290 1400 4331 non
1423 4290 1494 4352 pos·

443 4390 525 4446 sunt.
582 4381 627 4445 Et
653 4380 725 4444 ideo
752 4401 864 4444 censeo
890 4403 945 4444 eos
975 4381 1028 4465 qui
1059 4381 1098 4443 de
1124 4378 1245 4443 insidiis
1270 4377 1493 4443 haereticorum

510 4619 621 4669 filardi.
634 4619 703 4668 xviii·
719 4636 754 4683 ¹9·
849 4619 968 4668 ablattli.
980 4621 1021 4666 xii.
1035 4634 1074 4679 30.
1165 4620 1179 4657 ¹¹
1196 4633 1204 4664 ι
1217 4618 1289 4664 donn.
1304 4617 1327 4664 li.
1343 4617 1427 4676 18,19.
