3700 5667
496 680 561 741 208
845 673 1198 741 ANNOTATIONES

540 844 578 907 P.
597 861 668 927 130.
683 843 704 906 l.
723 863 750 906 1.
771 841 894 928 Clarus]
913 841 1068 926 Confesser
1082 841 1206 917 Clarus,
1220 846 1254 904 et
1273 841 1403 924 Mamur
1424 841 1542 905 Sooun·

495 946 609 1011 dianus
623 945 715 1010 audit
729 945 762 1009 in
777 944 888 1010 iisdem
903 946 972 1010 edd.

539 1048 621 1112 Ibid.
635 1048 655 1111 1.
670 1063 704 1133 5.
720 1054 755 1112 et
769 1048 965 1113 credentium
979 1046 1074 1111 fidem
1091 1044 1303 1131 baptizantes]
1317 1045 1411 1110 Nove
1422 1045 1543 1109 dietum

494 1151 537 1215 ab
547 1151 607 1215 hoo
617 1150 765 1237 episeopo
776 1173 835 1236 pro
841 1151 921 1233 fidei
932 1147 1128 1214 orsdsssibes.
1150 1148 1260 1213 Solum
1271 1149 1337 1215 τοὺς
1347 1149 1543 1215 πιστεύονται

494 1253 593 1318 habet
618 1255 730 1317 Groera
751 1252 970 1338 interpretatio.
1015 1251 1055 1314 In
1077 1252 1172 1315 Mate
1192 1251 1355 1315 Druriuso
1377 1272 1470 1314 voees
1490 1271 1543 1314 use

486 1357 584 1440 fidem
608 1363 685 1420 ante
708 1376 762 1419 use
779 1365 957 1441 potestatem
976 1354 1062 1437 soris
1090 1354 1359 1439 superadduntur.
1409 1352 1542 1416 Interea

494 1458 580 1524 istud
587 1458 674 1541 foris
687 1457 845 1543 signifieat
860 1470 954 1520 extro
969 1455 1143 1520 eoelesiam.

538 1560 623 1625 Ibid.
646 1559 666 1624 1.
693 1579 743 1626 12.
769 1566 803 1624 et
828 1558 1058 1644 indulgentiam
1085 1558 1198 1623 divinoe
1223 1556 1337 1642 gratiae
1363 1554 1538 1642 oonseouti]

495 1662 609 1727 Edidit
622 1661 771 1726 Baluzius
785 1683 845 1725 uos
858 1662 919 1725 siut
934 1661 1088 1736 morai,
1104 1666 1138 1724 et
1153 1682 1217 1723 una
1234 1668 1338 1724 estex
1353 1658 1540 1723 lectionibus

495 1787 575 1852 quas
596 1764 714 1830 teritus
733 1764 868 1828 induxit.
915 1764 957 1826 In
976 1764 1079 1829 altero
1102 1763 1229 1848 quidem
1250 1762 1422 1848 Augustini
1443 1784 1540 1847 penes

493 1889 545 1932 me
569 1868 669 1932 MSto
692 1888 752 1931 uon
777 1865 920 1930 museuti
945 1872 1131 1952 oomparet;
1163 1866 1220 1930 sed
1245 1864 1344 1930 aeteri
1369 1864 1442 1929 libri
1468 1886 1541 1929 oum

494 1969 573 2035 editi
587 1978 657 2034 tum
672 1969 782 2053 scripti
797 1968 885 2033 istud
898 1989 960 2032 eoa
972 1970 1034 2033 siat
1048 1969 1207 2054 ignorant.

538 2071 622 2136 Ibid.
637 2072 657 2136 l.
672 2087 721 2154 17.
734 2071 756 2135 J
757 2093 875 2136 oannes
890 2071 1054 2156 apostolus
1068 2070 1101 2134 in
1115 2070 1251 2156 epistola
1265 2067 1338 2150 sua]
1350 2068 1439 2133 Ante'
1454 2068 1541 2133 Afri-

494 2196 608 2240 eanum
632 2175 715 2239 huno
739 2173 923 2259 episeopum
944 2172 1111 2237 Aurelium
1134 2195 1155 2237 a
1178 2171 1323 2239 Chullabi
1346 2193 1402 2236 sen
1425 2171 1539 2249 Ohulli,

494 2278 682 2353 extiterunt,
699 2275 753 2360 qui
773 2277 945 2339 seeundum
963 2276 1047 2339 hano
1061 2275 1083 2339 J
1085 2274 1196 2339 oannis
1216 2274 1383 2359 epistolam
1401 2274 1541 2339 adduxe·

493 2380 569 2458 rint,
586 2380 727 2444 Irenaeus
746 2378 800 2442 lib.
815 2378 836 2442 i.
856 2400 925 2463 oap.
945 2380 993 2442 16.
1013 2377 1055 2442 nl.
1074 2396 1124 2462 13.
1148 2376 1364 2461 Origenesque
1383 2375 1470 2455 item,
1489 2378 1541 2442 hie

494 2490 604 2549 autem
626 2480 836 2558 dubitantius,
851 2481 884 2544 in
904 2482 1063 2546 Coremeul.
1084 2501 1142 2544 suo
1161 2480 1196 2542 irs
1211 2481 1247 2544 S.
1262 2479 1355 2542 Joeu.
1370 2481 1494 2567 Evoey.
1509 2503 1541 2565 p.

495 2586 546 2670 83.
569 2585 619 2649 ed.
645 2582 780 2655 Huetii;
812 2589 883 2647 tum
904 2604 981 2647 vero
1003 2583 1138 2647 eandem
1162 2587 1351 2666 reoeperunt
1375 2582 1541 2666 epistolam

495 2687 621 2751 Auctor
648 2685 829 2769 Fraomoate'
858 2685 896 2749 de
926 2686 1046 2749 Oenone
1079 2687 1112 2750 S.
1138 2685 1319 2769 Scriptum,
1350 2683 1541 2768 Olemensque

493 2789 583 2853 Alsa.
599 2794 637 2852 ut
650 2789 693 2852 ad
706 2787 792 2850 idem
812 2786 1039 2850 Fasouaurnu
1056 2784 1193 2862 ostendi,
1206 2785 1268 2849 vol.
1283 2784 1304 2849 i.
1317 2807 1349 2870 p.
1364 2802 1439 2870 423.
1477 2786 1541 2850 Sed

494 2890 691 2955 eontrarium
717 2888 828 2953 lenisse
853 2887 1058 2973 Cyprianum,
1083 2887 1143 2952 etsi
1169 2886 1297 2972 eollogae
1322 2886 1392 2972 ejus
1417 2886 1541 2951 Aurelii

492 2992 677 3057 testimonio
697 2991 834 3055 multum
853 2991 887 3054 in
906 2991 967 3055 hae
986 3013 1022 3055 re
1040 2990 1156 3056 tribuit
1172 2989 1210 3053 ol.
1227 2990 1425 3067 Lardnerus,
1438 3011 1541 3075 neque

493 3094 665 3172 immerito,
688 3095 722 3157 in
746 3093 850 3178 Opere
869 3095 919 3158 De
937 3093 1020 3158 Fide
1040 3095 1124 3158 Hist.
1144 3094 1264 3178 Eueno.
1288 3094 1326 3156 P.
1347 3112 1396 3156 11.
1419 3093 1479 3157 vol.
1496 3092 1539 3155 iv.

490 3196 544 3262 lib.
559 3197 580 3262 i.
603 3219 629 3262 o.
648 3215 703 3279 44.
728 3197 758 3279 ξ.
775 3213 803 3280 7.
819 3211 852 3280 5.
874 3196 1010 3261 fortasse
1029 3195 1209 3281 suspioeris,
1225 3217 1265 3260 ex
1289 3217 1328 3259 eo
1349 3196 1435 3279 quod
1455 3195 1540 3259 huno

492 3299 597 3385 ipsum
622 3298 810 3364 versiculum
835 3320 900 3363 non
926 3299 1041 3364 afferat
1063 3299 1112 3362 vir
1135 3305 1267 3363 sanetus
1290 3298 1339 3362 vel
1363 3296 1396 3360 in
1418 3297 1472 3362 lib.
1495 3297 1539 3362 iii.

497 3403 748 3466 Testimoniorum
768 3402 814 3466 od
835 3401 1013 3480 Quiritem,
1027 3423 1056 3464 o.
1073 3401 1125 3482 78.
1145 3401 1200 3465 ubi
1221 3401 1389 3466 ostendere
1409 3401 1478 3464 vult
1500 3422 1541 3464 ox

493 3505 528 3570 S.
546 3505 722 3591 Scriptura,
739 3526 807 3569 oum
825 3504 979 3569 taerstiou
996 3525 1056 3568 sou
1077 3525 1135 3569 esse
1154 3504 1339 3589 loquendum
1355 3504 1404 3567 vel
1419 3504 1452 3568 in
1469 3504 1540 3568 aliis

491 3606 569 3672 loeis
594 3607 843 3693 quamplurimis,
867 3608 922 3671 nbi
947 3607 980 3671 id
1002 3607 1162 3672 fauturum
1183 3607 1273 3670 illum
1294 3608 1367 3690 juro
1390 3617 1539 3692 expecta·

490 3711 585 3787 veris,
605 3712 632 3774 si
652 3711 779 3794 quidem
797 3709 965 3795 epistolam
985 3711 1165 3795 recepisset.
1210 3710 1267 3786 Et,
1282 3716 1451 3794 postquam
1470 3711 1539 3774 hoeo

490 3812 730 3890 adnotaveram,
754 3811 819 3876 vidi
844 3812 904 3876 hoo
928 3819 1112 3877 monentem
1135 3811 1305 3897 Anglionm
1330 3810 1538 3896 interpretem

490 3913 531 3977 ol.
544 3913 763 3991 Marshallum‚
776 3917 799 3978 J
802 3916 912 3980 oannis
927 3915 1063 3999 primam
1077 3914 1245 3999 epistolam
1259 3915 1327 3979 sine
1337 3914 1402 3979 ulla
1417 3914 1538 3978 numeri

490 4017 695 4082 distinetione
715 4017 832 4103 ubique
851 4018 975 4083 laudari
992 4040 1013 4083 a
1027 4017 1198 4103 Cypriane,
1212 4024 1367 4101 tanquam
1385 4016 1412 4080 si
1429 4039 1538 4081 seeun-

491 4121 566 4185 dam
580 4120 676 4185 istam
690 4118 909 4205 ignoravisset.
940 4122 990 4185 At
1004 4142 1079 4185 voro
1094 4118 1239 4184 similiter
1252 4118 1374 4203 profert
1387 4117 1472 4182 idom
1486 4118 1538 4183 ille

490 4219 669 4307 Cyprianus
685 4221 717 4286 S.
734 4221 826 4286 Pauli
840 4221 996 4306 epistolum
1009 4223 1055 4287 od
1070 4220 1338 4287 Thessalonicenses
1344 4221 1539 4306 pecuniam

489 4323 523 4388 in
537 4325 640 4409 spui.
654 4345 714 4388 sua
727 4342 780 4407 55.
796 4322 836 4387 al.
852 4339 908 4408 59.
930 4324 1026 4388 immo
1046 4324 1090 4388 sio
1105 4345 1231 4408 quoque
1250 4324 1284 4387 in
1304 4323 1364 4386 hoo
1379 4323 1537 4408 Suffraps'o

488 4425 559 4509 ipss
573 4424 710 4489 Joannis
729 4424 868 4489 secunda
885 4424 1021 4510 epistola
1040 4426 1082 4490 ab
1097 4425 1231 4489 Aurelio
1245 4424 1399 4489 adfertur.
1436 4423 1537 4488 Errat

489 4547 615 4611 quoquo
637 4526 796 4612 interpres
821 4526 915 4605 idem,
942 4527 1019 4590 dum
1043 4526 1102 4603 ait,
1128 4526 1359 4591 Tertullianum
1383 4524 1418 4588 in
1443 4526 1537 4588 Proe·

487 4627 591 4714 seips.
612 4629 732 4694 Horat.
753 4628 803 4693 bis
824 4628 1042 4695 testimoninm
1062 4628 1189 4695 dedisse
1210 4628 1357 4694 seoundae
1378 4626 1535 4702 Josnnis;
