3700 5667
479 641 545 709 264
754 643 1004 722 RELIQUIAE
1031 643 1208 706 SACRAE.

879 903 1062 978 ΚΑΝΩΝ
1092 904 1139 979 Θ.

535 1082 631 1167 Τοῦς
653 1081 691 1163 δὲ
712 1085 749 1162 ε’ν
773 1090 824 1190 τῷ
844 1083 954 1190 πεδίιρ
977 1084 1143 1187 εὑρόντας
1167 1119 1205 1163 τι
1227 1086 1300 1192 (for.
1320 1097 1426 1184 τινα),
1444 1081 1467 1182 ἢ
1492 1085 1531 1160 ἐν

479 1226 555 1303 ταῖς
579 1221 714 1299 ἑαυτῶν
738 1221 871 1309 οἰκίαις,
892 1222 1177 1325 καταλειφθέντα
1202 1218 1270 1299 ῦπῦ
1292 1227 1365 1299 τῶν
1382 1221 1524 1324 βαρβά-

479 1389 563 1457 ρων,
581 1353 642 1433 ἐὰν
667 1353 732 1452 μὲν
756 1355 1056 1456 κατηγορηθέντες
1083 1358 1318 1459 ἐλεγχθῶσιν,
1336 1359 1465 1454 ὁμοίως
1491 1360 1529 1435 ἐν

480 1496 555 1573 τοῖς
574 1489 850 1569 ὑποπίπτουσιν·
877 1488 939 1568 ἐὰν
958 1488 995 1569 δὲ
1013 1488 1157 1573 ἑαυτοῦς
1176 1490 1344 1596 ἐξείπωσι
1362 1495 1420 1571 καὶ
1439 1494 1556 1579 ἀπο-5

482 1627 585 1722 δῶσι,
604 1627 663 1704 καὶ
680 1629 743 1723 τῆς
762 1625 867 1728 εῦχῆς
884 1624 1050 1730 ἀξιῶσαι.

876 1871 1060 1946 ΚΑΝΩΝ
1091 1873 1120 1945 l.

535 2026 630 2112 Τοῦς
658 2027 696 2107 δὲ
723 2026 790 2126 τὴν
813 2027 963 2125 ἐντολὴν
985 2035 1227 2130 πληροῦντας,
1248 2027 1347 2112 ε’κτῦς
1371 2033 1521 2131 αἱσχρο·
1549 2138 1553 2146 ἡ

478 2164 633 2266 κερδείας
659 2159 783 2260 πάσης
811 2167 979 2265 πληροῦν
1006 2167 1067 2241 δεῖ·
1095 2161 1185 2262 μήτε
1208 2160 1369 2265 μήνυτρα
1396 2162 1418 2263 ἢ
1447 2170 1523 2241 σῶ·

477 2331 575 2400 στρα
592 2295 615 2396 ἢ
635 2299 796 2400 εὖρητρα,
815 2293 837 2395 ἢ
857 2294 887 2403 ᾧ
905 2298 1052 2395 ὀνόματι
1071 2303 1258 2395 καλοῦσιν,
1276 2301 1522 2381 ἀπαιτοῦντας.
1536 2344 1573 2382 10

479 2433 568 2491 Extat
588 2434 645 2491 λαο
660 2433 792 2512 Epistola
813 2455 875 2492 cum
895 2433 976 2503 alibi,
992 2443 1050 2491 lum
1072 2434 1101 2492 in
1124 2433 1155 2491 S.
1172 2434 1307 2513 Gregorii
1327 2433 1523 2517 Neocaejsareoe

479 2538 610 2616 Operum
625 2536 691 2595 edit.
708 2535 805 2595 Paris.
820 2558 849 2616 p.
863 2537 913 2604 37.

1026 2735 1131 2803 derint,
1160 2737 1246 2795 etiam
1277 2737 1411 2815 precibus
1441 2737 1521 2815 digni

610 2848 763 2907 ΟΑΝΟΝ
785 2848 841 2906 [Χ.
1024 2817 1194 2876 habeantur.

519 2979 581 3037 Εοο
594 2988 691 3037 autem
707 2979 799 3055 quiin
810 2978 974 3056 campoali.
1165 2945 1317 3003 CANON
1339 2946 1379 3003 X,
1536 2965 1568 3023 ¹5

478 3058 549 3138 quid
559 3058 744 3126 invenerunt,
756 3058 802 3116 vel
816 3058 846 3114 in
861 3059 922 3116 suis
936 3080 973 3116 ae·
1066 3058 1128 3116 Εοα
1141 3068 1238 3115 autem
1250 3058 1299 3134 qui
1314 3070 1430 3117 servant
1441 3080 1520 3117 man-

477 3139 564 3199 dibus
587 3159 604 3196 a
628 3138 756 3196 barbaris
783 3137 925 3206 relictum,
949 3138 974 3197 si
1025 3138 1102 3204 data,
1117 3139 1225 3214 absque
1243 3139 1321 3195 omni
1342 3140 1421 3218 turpi
1441 3138 1522 3197 lucro

477 3219 602 3278 accusati
625 3218 742 3294 quidem
763 3218 886 3277 eonvicti
908 3219 973 3277 fue·
1025 3238 1138 3277 servare
1152 3229 1268 3296 oportet
1275 3241 1283 3287 ;
1301 3239 1354 3277 nec
1369 3219 1521 3277 indicatio.

477 3311 556 3367 runt‚
575 3299 633 3357 sint
655 3297 788 3357 similiter
807 3299 836 3356 in
858 3297 903 3366 iis,
921 3299 973 3376 qui
1024 3300 1079 3364 nis,
1094 3297 1141 3356 vel
1155 3297 1303 3365 custodiae,
1316 3298 1363 3356 vel
1377 3299 1519 3356 inventio-

477 3380 722 3438 substernuntur:
748 3379 792 3437 sin
809 3390 907 3438 autem
928 3401 973 3439 se·
1023 3380 1070 3436 nis
1080 3378 1219 3457 precium,
1229 3377 1457 3456 velquocunque
1467 3399 1519 3436 no-
1531 3389 1569 3426 20

477 3459 556 3539 ipsos
576 3459 804 3526 enunciaverint,
825 3470 856 3519 et
876 3460 973 3519 reddi.
1024 3459 1103 3517 mine
1117 3459 1274 3538 appellant,
1288 3459 1446 3536 exigentes.
