3700 5667
393 648 437 717 26
693 651 944 728 RELIQUIAE
971 652 1149 716 SACRAE.

436 803 588 926 ὲΤπεργθιὶς
599 843 623 908 δ’
640 845 740 926 ὀλίγα,
756 845 870 912 τούτοις
884 843 979 908 πάλιν
993 843 1129 926 ἐπιφέρει
1142 845 1254 926 λέγων.
1473 916 1475 920 ,

450 952 495 1040 ς’.
517 954 740 1034 Καταλιπὼν
765 952 836 1057 γὰρ
859 957 880 1034 ὁ
910 953 1078 1057 λαμπρὸς
1100 953 1201 1037 οὗτος
1224 952 1291 1053 τὴν
1315 957 1441 1055 ἐκκλη-

393 1089 480 1167 σίαν
497 1095 561 1167 τοῦ
579 1094 685 1185 Θεοῦ,
703 1090 741 1166 ἐν
759 1086 783 1193 ᾗ
801 1087 1002 1171 πιστεύσας
1021 1087 1224 1194 κατηξιώθη
1243 1098 1308 1168 τοῦ
1326 1122 1443 1191 πρεσ-

392 1223 557 1325 βυτερίου
584 1221 676 1302 κατὰ
708 1220 813 1325 χάριν
843 1231 907 1302 τοῦ
940 1220 1138 1302 ἐπισκόπου
1170 1231 1234 1303 τοῦ
1266 1224 1446 1308 ε’πιθέισος

394 1358 491 1463 αὐτῷ
515 1364 634 1460 χεῖρας
659 1361 707 1439 εὶς
734 1357 995 1458 πρεσβυτερίου
1023 1362 1171 1460 κλῆρον·
1203 1355 1242 1443 ὃς
1271 1361 1470 1447 διακωλυε

396 1490 521 1590 ὀμενος
554 1488 622 1568 ὑπὸ
654 1488 789 1572 παντὸς
820 1498 884 1568 τοῦ
916 1489 1061 1594 κλήρου,
1079 1491 1180 1570 ἀλλὰ
1217 1494 1275 1570 καὶ
1312 1499 1448 1572 λαὶκῶν

396 1630 561 1703 πολλῶν·
591 1625 665 1703 ἐπεὶ
690 1623 739 1721 μὴ
763 1621 846 1729 ἐξὸν
867 1622 912 1723 ἦν
935 1623 998 1704 τὸν
1019 1627 1076 1704 ἐπὶ
1101 1626 1223 1724 κλίνης
1251 1625 1310 1704 διὰ
1338 1625 1449 1705 νόσον

396 1758 639 1862 περιχυθενπα,
664 1755 788 1860 ὥσπερ
816 1763 873 1837 καὶ
902 1760 1014 1856 οὗτος,
1038 1766 1085 1842 εἷς
1113 1764 1248 1861 κλῆρον
1275 1758 1356 1839 τινὰ
1383 1794 1445 1861 γε·

398 1891 535 1991 νέσθαι,
572 1894 706 1999 ἠξίωσε
743 1899 1021 1998 συγχωρηθῆναι
1054 1896 1150 2001 αὐτῷ
1181 1903 1308 1975 τοῦτον
1338 1895 1450 1995 μόνον

400 2033 660 2133 χειροτονῆσαι.
1462 2064 1493 2104 ιο

442 2162 504 2225 Εἶτ’
519 2163 599 2226 ἄλλό
621 2186 650 2223 τι
672 2161 824 2243 χείριστον
848 2162 959 2227 τούτοις
983 2163 1162 2242 προστίθησι
1187 2169 1246 2226 τῶν
1268 2167 1321 2226 foti
1344 2163 1451 2244 ὀνόρότ

399 2270 603 2350 ὀτοπημότων,
620 2269 720 2350 λέγων
735 2272 835 2336 ούτως.

455 2380 495 2482 ζ’.
516 2378 681 2478 Ποιήσας
718 2378 789 2483 γόιρ
825 2379 890 2463 τὰς
927 2382 1155 2486 προσφορὰς,
1187 2388 1246 2462 καὶ
1278 2385 1453 2482 διανέμων

400 2513 542 2623 ἑκάστω
575 2512 617 2593 τὸ
644 2515 762 2616 μέρος,
781 2519 840 2593 καὶ
868 2515 1042 2601 ἐπιδιδούς
1069 2528 1185 2615 τοῦτο,
1204 2518 1345 2615 ὀμνύειν
1373 2522 1453 2600 ἀντὶ

400 2660 464 2730 τοῦ
483 2652 643 2749 εὐλογεῖν
662 2649 744 2731 τοὺς
759 2651 1009 2751 ταλαιπώρους
1027 2652 1234 2753 ἀνθρώπους
1254 2653 1451 2756 ἀναγκάζει,
1465 2691 1477 2731 1
1481 2691 1497 2752 ⁵

401 2786 560 2888 κατέχων
578 2783 796 2888 ἀμφοτέρως
811 2791 888 2865 ταῖς
906 2788 1011 2886 χερσὶ
1029 2783 1094 2867 τὰς
1111 2794 1175 2865 τοῦ
1193 2787 1384 2885 λαβόντος,
1395 2791 1454 2869 καὶ

400 2919 451 3019 μὴ
470 2922 572 3022 ἀφεὶς
600 2919 673 2995 ἔστ’
696 2917 739 2995 ἂν
764 2916 953 3016 ὀμνύοντες
978 2919 1107 2999 εἴπωσι
1134 2930 1256 3000 ταῦτα·
1286 2930 1358 3004 τοῖς
1382 2921 1454 3025 γὰρ

402 3054 533 3133 ἐκείνου
564 3050 748 3156 χρήσομαι
781 3052 916 3154 λόγοις.
972 3051 1144 3154 Ὀμοσόν
1175 3091 1237 3155 μοι
1267 3055 1359 3135 κατὰ
1390 3063 1455 3137 τοῦ

441 3413 536 3467 Paucis
555 3411 649 3494 deindo
667 3412 827 3466 transcursis
846 3410 903 3466 haec
955 3435 1068 3494 scopus,
1079 3428 1112 3475 ut
1126 3417 1204 3475 hune
1219 3419 1312 3476 solum
1327 3418 1455 3476 ordinari

404 3485 501 3538 iterum
515 3484 662 3554 ⁸Ubiun81t·
955 3516 971 3552 a
985 3517 1016 3554 se
1030 3508 1208 3574 paterentur.
1467 3520 1504 3560 ιο

427 3557 476 3650 ‚⁶·
492 3555 570 3646 Nan}
598 3574 676 3646 ⁰⁰⁰¹·
694 3554 827 3646 egfegiffl
854 3552 903 3646 5¹3⁰
991 3581 1113 3637 Posthaec
1126 3583 1229 3638 facinus
1242 3583 1379 3655 quoddam
1390 3582 1456 3638 sub·

405 3656 451 3692 vir
461 3634 608 3693 ecclesiam
621 3633 903 3724 Deireliquiqset,1n
950 3651 1042 3721 jungit
1058 3654 1178 3707 omnium
1195 3672 1254 3725 φη
1270 3655 1304 3708 ab
1320 3655 1367 3707 1110
1383 3671 1457 3707 com.

405 3734 463 3791 qua
474 3723 540 3790 post
551 3722 715 3788 susceptum
728 3712 902 3788 baptismum
956 3722 1038 3775 missa
1051 3732 1114 3776 sunt
1125 3725 1205 3793 longe
1214 3725 1412 3793 gravissimum,
1420 3723 1458 3778 ita

405 3792 567 3872 presbyteri
586 3790 705 3867 gradum
726 3791 822 3847 fuerat
836 3811 902 3847 con·
957 3791 1085 3846 scribens.

406 3883 533 3938 secutus,
544 3870 630 3946 idque
645 3889 696 3946 per
710 3871 830 3947 gratiam
843 3872 903 3948 epi·
1001 3885 1028 3941 7.
1043 3869 1162 3927 Etenim
1195 3871 1340 3930 oblatione
1368 3871 1503 3948 iactans

406 3951 496 4030 scopi,
511 3952 559 4025 qui
575 3950 734 4007 monusilli
754 3951 906 4028 imponens
957 3949 1119 4025 portionem
1152 3951 1274 4027 singulis
1306 3951 1456 4009 dividens:

407 4053 474 4092 eum
485 4031 521 4089 nd
531 4031 763 4109 presbyterorum
776 4030 905 4088 ordinem
958 4028 1026 4084 dum
1043 4049 1104 4086 ατη
1118 4031 1217 4097 tradit,
1230 4032 1349 4089 miseros
1363 4031 1458 4089 homi·

406 4113 512 4174 evexit.
534 4111 591 4168 Cui
603 4130 667 4168 cum
681 4111 833 4168 universus
847 4111 905 4168 cle·
959 4127 1009 4165 nes
1034 4109 1243 4169 benedictionis
1271 4111 1336 4168 loco
1359 4112 1459 4187 jurare

408 4214 458 4251 run
471 4192 614 4269 multique
633 4212 668 4249 ex
688 4190 796 4269 populo
817 4191 907 4248 τείνα-
958 4188 1046 4263 cogit,
1068 4209 1171 4247 manus
1192 4191 1325 4267 ejusqui
1347 4191 1459 4269 portio·

408 4283 555 4350 gerentur,
572 4293 606 4330 eo
629 4272 707 4348 quod
730 4291 787 4328 non
807 4270 906 4327 liceret
958 4286 1024 4324 nem
1039 4272 1159 4347 accepit,
1172 4272 1310 4329 ambabus
1325 4273 1384 4329 suis
1398 4290 1458 4327 mo·
1468 4293 1507 4349 30

406 4371 582 4429 quemquam
600 4372 633 4409 ex
654 4352 689 4407 iis
711 4352 761 4427 qui
784 4359 906 4424 urgente
958 4347 1043 4403 nibus
1071 4351 1290 4427 comprehensas
1318 4352 1457 4415 retinens,

408 4432 438 4488 vi
452 4431 544 4489 morbi
562 4432 592 4488 in
611 4430 718 4489 lectulo
736 4428 906 4506 perinde'ac
958 4445 1010 4483 uec
1033 4428 1113 4505 prius
1134 4430 1285 4488 dimittens
1305 4451 1390 4508 quam
1409 4430 1458 4505 ju·

407 4511 468 4580 ille,
484 4510 593 4589 perfusi
608 4510 740 4576 fuissent,
755 4510 785 4567 in
799 4509 906 4568 olerum
959 4508 1014 4564 rati
1040 4509 1094 4565 ista
1117 4510 1262 4568 dixerint:
1288 4511 1358 4586 ipsis
1382 4512 1457 4568 enim

408 4591 515 4652 assumi
525 4613 535 4661 ;
557 4588 716 4668 postulavit
734 4590 770 4646 ab
790 4589 825 4646 iis
844 4588 906 4666 epi·
960 4600 1025 4646 utar
1046 4588 1125 4647 illius
1145 4591 1247 4648 verbis.
1290 4591 1365 4648 Jura
1387 4590 1459 4647 mihi
