3700 5667
508 685 572 746 4⁴18
697 679 985 744 ANNOTATIO
1011 682 1076 743 AD
1100 681 1356 747 THEONAM.

507 858 526 880 ‘¹
541 847 643 931 possit
665 848 892 910 lucrandorum
909 845 1118 928 (Diocletiani
1137 855 1171 911 et
1192 847 1335 912 Herculii
1355 849 1421 930 M.)
1438 850 1564 915 Basie-

508 958 526 979 “
543 970 633 1010 mma
658 970 736 1009 anan
762 968 905 1010 nosrnos:
935 947 1049 1030 quibus
1073 950 1227 1033 regendas
1253 950 1352 1014 etiam
1373 953 1563 1035 provincias

507 1060 526 1080 ‘⁸
543 1048 796 1120 committebant,
813 1048 898 1111 omni
918 1048 1116 1112 sacrificandi
1135 1058 1224 1114 metu
1243 1072 1298 1115 eos
1318 1051 1497 1118 liberantes
1516 1055 1562 1119 ob

506 1156 528 1186 “
544 1148 744 1232 singularem,
776 1170 840 1232 qua
867 1149 899 1211 in
929 1149 1112 1234 religionem
1141 1158 1284 1214 nestram
1312 1151 1418 1216 affecti
1447 1163 1559 1228 erant,

506 1257 526 1289 “
543 1248 801 1313 benevolentiam.
848 1249 931 1330 Quid
955 1272 1035 1335 opus
1056 1260 1105 1314 est
1127 1250 1232 1314 dicere
1254 1252 1294 1315 de
1312 1251 1351 1315 iis
1372 1253 1479 1337 quiin
1498 1256 1561 1318 Irr-

506 1364 525 1385 ·‘
545 1373 729 1413 resarcitum
744 1373 882 1413 esnsrns
897 1355 1137 1415 vansnnnurunl
1159 1352 1243 1433 Quid
1254 1354 1294 1417 de
1304 1353 1561 1438 imperatoribus

505 1463 525 1489 “
541 1453 637 1538 ipsis?
666 1453 727 1533 Qui
743 1452 924 1516 domesticis
940 1453 1005 1517 suis
1026 1474 1199 1535 eorumque
1213 1452 1373 1524 uxoribus,
1390 1452 1502 1518 liberis
1515 1478 1559 1520 ac

505 1567 524 1588 ‘⁸
541 1554 647 1627 servis,
671 1577 710 1617 ea
733 1575 804 1637 quae
827 1553 988 1637 religionis
1011 1575 1076 1617 suae
1099 1562 1201 1631 erant,
1226 1562 1294 1617 tam
1318 1554 1421 1618 verbis
1448 1578 1553 1639 quam

506 1655 636 1719 “factis
657 1655 756 1718 bbere
778 1654 970 1737 exsequendi
991 1676 1099 1718 eoram
1121 1663 1221 1718 semet
1242 1655 1330 1739 ipsis,
1353 1665 1558 1739 potestatem

505 1765 526 1794 “
541 1757 709 1832 dedemnt,
728 1755 804 1839 ipsis
824 1755 865 1818 ob
885 1755 967 1818 hanc
986 1754 1059 1818 fidei
1080 1778 1145 1819 suae
1165 1756 1345 1820 libertatem
1363 1757 1497 1841 gloriari
1515 1781 1559 1824 ac

509 1867 529 1895 “
547 1880 581 1920 se
608 1863 770 1921 ostentare
801 1856 1034 1939 quedammodo
1059 1856 1301 1940 permittentes:
1337 1880 1455 1941 eosque
1486 1882 1559 1943 prae

507 1959 656 2023 “ceteris
678 1957 824 2021 omnibus
846 1957 999 2021 ministris
1022 1958 1160 2041 quodam
1183 1980 1291 2021 amore
1314 1961 1557 2043 prosequeban-

506 2074 526 2094 “
542 2061 626 2125 tur.’'
671 2060 752 2122 Haec
775 2059 940 2143 episcopus
963 2059 1183 2134 Gaesamensis3
1212 2060 1265 2143 qui
1289 2060 1395 2143 paullo
1420 2070 1496 2146 post
1520 2063 1558 2126 in

507 2173 526 2194 “
542 2162 685 2225 eamdem
706 2160 898 2224 sententiam
919 2161 1029 2224 scribit
1045 2160 1178 2241 (Euseb.
1199 2159 1284 2224 Hist.
1305 2160 1390 2224 Eccl.
1408 2183 1480 2246 cap.
1496 2164 1555 2245 vi.)

506 2262 741 2326 “Dorotheum
763 2269 796 2325 et
818 2261 956 2345 reliquos
978 2260 1202 2324 Cumcumruos
1225 2285 1336 2325 rennos
1358 2263 1473 2326 summi
1496 2263 1557 2327 ho-

506 2371 524 2398 “
541 2361 626 2425 noris
649 2361 861 2445 praerogativa
882 2362 923 2425 ab
947 2361 1191 2445 imperatoribus
1213 2371 1343 2426 ornatos
1364 2362 1472 2437 luisse,
1496 2366 1557 2448 qui

505 2486 568 2527 nen
588 2464 691 2526 minus
711 2464 752 2526 ab
775 2463 887 2526 iisdem
907 2462 1122 2547 diligebantur
1142 2485 1237 2547 quam
1258 2463 1345 2526 filii.”
1389 2463 1453 2526 His
1476 2486 1556 2528 eon·

504 2587 583 2628 sona
607 2565 705 2629 refert
732 2566 934 2642 Lactantius,
960 2566 1013 2649 qui
1043 2588 1081 2629 ea
1110 2573 1301 2650 tempestate
1331 2565 1422 2629 testis
1450 2566 1556 2631 lerme

505 2666 648 2729 oculatus
663 2666 807 2730 florebat.
846 2666 898 2729 Sic
913 2666 997 2730 enim
1012 2666 1063 2729 ille
1076 2667 1131 2745 (de
1147 2666 1282 2730 lllortib.
1302 2668 1463 2730 Persecut.
1480 2689 1554 2752 cap.

505 2774 592 2847 xv.):
625 2766 761 2831 Farebat
786 2788 853 2852 erpo
877 2769 1045 2853 trementer
1069 2767 1315 2849 (Diocletianus)
1335 2768 1406 2850 jem
1430 2790 1491 2832 arca
1515 2771 1555 2833 ia

504 2868 671 2930 dorrzmtices
699 2877 827 2942 teritum,
852 2869 906 2931 sed
933 2869 967 2930 ia
995 2870 1367 2932 errantes-Porssrrssnn
1396 2892 1553 2937 euonnsu

505 2991 639 3031 unuucnr
654 2991 773 3045 arciri,
787 2990 843 3053 per
857 2990 936 3051 quos
951 2992 1109 3031 ranarius
1125 2992 1162 3030 rr
1176 2992 1240 3031 ress
1254 2991 1435 3033 cossrnmr.
1466 2968 1553 3038 Qnae

504 3070 631 3153 quidem
656 3070 762 3133 emnia
788 3070 814 3133 si
839 3092 911 3133 cum
937 3070 975 3134 iis
1001 3072 1205 3135 conferantur
1228 3094 1299 3155 quae
1322 3074 1364 3136 ab
1387 3072 1479 3136 initio
1504 3074 1552 3137 ad

502 3171 598 3235 finem
613 3193 713 3255 usque
731 3171 763 3235 in
783 3193 841 3236 sue
858 3172 993 3256 epistola
1008 3173 1109 3237 tradit
1124 3181 1257 3249 auct0r3
1280 3196 1373 3237 nemo
1388 3174 1553 3239 enimvero

503 3274 609 3350 fuerit,
631 3275 684 3360 qui
706 3275 807 3338 libens
828 3274 998 3357 volensque
1020 3274 1212 3338 sententiam
1233 3274 1328 3337 modo
1350 3273 1553 3358 propositam

503 3396 567 3436 non
595 3374 816 3458 amplectatur,
843 3374 959 3458 quique
988 3374 1147 3438 detrectet
1174 3374 1336 3436 Theonam
1365 3372 1553 3456 episcopum

503 3475 759 3538 Alexandrinum
778 3476 847 3559 ejus
865 3482 1028 3538 auctorem
1043 3496 1230 3559 agnoscere:
1254 3484 1290 3538 ut
1310 3475 1440 3558 proinde
1461 3474 1552 3539 haud

504 3596 629 3639 neccsse
649 3576 691 3639 sit
711 3576 808 3638 alium
827 3597 847 3637 a
866 3574 1067 3638 Diocletiano
1081 3574 1305 3658 imperatorem
1319 3596 1460 3658 quaerere
1475 3595 1553 3639 cum

503 3676 607 3740 Cavco
624 3676 727 3756 (Hist.
751 3674 868 3739 litter.
890 3682 967 3738 tom.
983 3675 1002 3739 i.
1019 3697 1048 3759 p.
1068 3678 1166 3756 172.).
1209 3675 1432 3739 Constantium
1453 3675 1552 3740 Chlo-

502 3798 585 3851 rum,
602 3791 660 3839 aut
678 3775 775 3838 alium
795 3796 866 3837 cum
888 3775 1048 3839 Dacherie
1064 3776 1186 3859 (Spicil.
1202 3777 1221 3839 l.
1238 3781 1281 3857 e.)
1299 3777 1461 3839 Theonam
1482 3779 1552 3860 epi-

501 3897 630 3958 scopum
652 3875 856 3958 Cyzicenum:
880 3898 943 3958 qno
964 3900 1056 3940 verus
1078 3878 1218 3962 epistolae
1237 3886 1350 3942 auctor
1372 3885 1549 3956 statuatur,

501 3976 655 4059 simulque
671 3975 769 4059 ipsius
784 3976 927 4058 epistelae
943 3978 1111 4062 integritas
1125 3978 1337 4042 confirmetur.
1369 3980 1450 4040 Haec
1465 3980 1552 4062 epti·

501 4102 552 4143 me
567 4077 874 4142 GALLANDIUS.
916 4081 956 4141 ln
968 4080 1161 4144 Praelatione
1176 4081 1216 4142 ad
1230 4088 1307 4143 tem.
1319 4081 1371 4143 xii.
1388 4080 1552 4163 Spicibepii

502 4183 651 4246 lectorem
681 4180 846 4244 admonuit
877 4180 1064 4255 Dachem'us,
1096 4180 1213 4243 codicis
1247 4182 1475 4264 exscriptorem
1505 4184 1550 4244 ad

501 4283 668 4346 Aureliani
688 4290 834 4365 tempora
854 4282 1029 4363 respexisse
1045 4281 1153 4357 videri,
1170 4282 1253 4344 illius
1272 4281 1473 4366 imperatoris
1491 4304 1549 4345 no-

500 4384 583 4446 mine
598 4383 731 4467 margini
747 4382 872 4453 adfixo;
896 4404 998 4465 neque
1009 4404 1083 4445 voro
1099 4391 1349 4467 repugnaturum
1364 4405 1432 4445 esse
1447 4382 1550 4446 Euse-

499 4484 597 4557 bium,
621 4484 674 4566 qui
699 4483 907 4547 Aurelianum
935 4483 1025 4546 initio
1050 4485 1246 4567 principatus
1272 4484 1463 4547 Christianis
1490 4484 1549 4546 im-

500 4584 626 4667 pensius
654 4582 768 4645 lavisse
797 4584 923 4659 asserit,
954 4585 1082 4648 tametsi
1113 4595 1224 4667 postea
1257 4588 1287 4648 in
1324 4608 1378 4647 eos
1409 4585 1549 4649 immane
