3700 5667
328 644 571 761 mei?
590 659 615 736 ’ἑ
770 674 1058 763 annuamus

392 866 535 943 Magister
549 875 583 922 ut
598 863 752 923 Gennadio
766 886 789 923 c.
800 867 854 946 ¹25.
871 868 907 925 de
922 867 954 925 S.
970 867 1009 925 Ε.
1024 866 1140 927 dicitur.
1169 868 1356 948 Epiphanius
1367 870 1440 929 lxiv.

359 1031 363 1037 ,
390 972 419 1028 3.
441 971 478 1028 de
500 971 645 1048 Origene:
668 973 820 1047 Ἀμβροσίιρ
840 975 889 1028 τινὶ
912 976 1050 1044 συντυχὼν
1071 979 1123 1028 τῶν
1144 976 1277 1047 διαφονῶν
1301 977 1329 1031 ἐν
1349 978 1442 1035 abiate

388 1081 547 1143 βασιλικαῖς.
589 1077 661 1132 Τινὲς
675 1077 703 1131 δὲ
717 1080 810 1131 τοῦτον
824 1078 869 1131 τὸν
882 1077 1043 1148 Ἀμβρόσιον
1056 1081 1161 1145 ἔφασαν
1174 1082 1199 1133 ol
1211 1080 1260 1149 μὲν
1274 1089 1441 1153 Μαρκιωνισ.

389 1185 445 1252 τὴν,
470 1184 495 1235 οἱ
522 1182 550 1236 δὲ
575 1184 758 1246 Σαβελλιονόν.
789 1179 973 1238 Fannrorus.
1028 1180 1229 1260 Epiphaniam
1257 1184 1287 1240 in
1319 1184 1441 1242 Sabellii

389 1283 490 1343 haereai
517 1284 767 1342 commemoranda
791 1296 890 1362 aperte
915 1305 1034 1350 errasse,
1057 1284 1103 1343 vel
1127 1285 1277 1344 librarium
1301 1288 1366 1364 ejus
1387 1308 1440 1366 per

390 1389 493 1447 calami
518 1408 643 1446 errorem
673 1409 726 1463 pro
751 1389 952 1447 Valentiniano
975 1391 1122 1468 scripsisse
1149 1390 1354 1460 Sabelliaaam,
1380 1412 1438 1450 non

388 1494 570 1553 incommode
580 1493 694 1551 monuit
706 1494 889 1552 Wetstenius
899 1494 988 1552 Notis
999 1494 1036 1551 ad
1047 1494 1169 1572 Origen.
1179 1494 1215 1552 de
1226 1496 1316 1553 Mart.
1327 1516 1355 1574 p.
1371 1495 1437 1554 102.

390 1601 490 1658 Kmr..
506 1601 536 1658 in
551 1612 621 1658 nota
635 1600 671 1658 ad
686 1600 730 1658 ed.
747 1620 814 1657 nov.
832 1599 1009 1658 Fabricium
1024 1600 1099 1659 Bibl.
1118 1601 1171 1658 Gr.
1186 1600 1243 1658 vol.
1258 1601 1308 1658 vii.
1324 1621 1353 1679 p.
1368 1601 1437 1660 289.

429 1703 505 1762 bDe
530 1705 694 1762 Diaconatu
720 1703 867 1762 Ambrosii
893 1705 960 1764 silet
985 1706 1140 1772 Eusebius,
1156 1706 1206 1764 sed
1232 1706 1263 1762 in
1288 1706 1439 1784 Martyro-

388 1810 473 1888 logiis
487 1809 613 1868 traditur
627 1809 717 1866 faisse
735 1809 881 1867 Diaconus
895 1809 1125 1868 Alexandrinus.
1162 1810 1240 1868 Vide
1254 1813 1332 1868 Acta
1347 1812 1436 1869 Sanc·

389 1928 443 1975 tor.
468 1915 504 1983 17
531 1915 644 1972 Martii.
686 1914 908 1974 Tillemoutium
933 1928 1004 1974 tom.
1028 1917 1069 1973 iii.
1095 1918 1219 1974 Memor.
1249 1917 1436 1976 Flaminius.

352 2002 354 2006 .
389 2022 480 2080 Hunc
495 2041 585 2079 uxore
600 2021 687 2080 ducta
701 2020 807 2079 liberos
822 2022 966 2086 habuisse,
981 2032 1113 2079 extrema
1131 2041 1197 2099 pars
1217 2021 1347 2100 epistolar
1369 2022 1437 2081 Ori.

388 2128 470 2206 genia
490 2128 527 2186 ad
548 2126 721 2184 Africanum
744 2125 874 2184 ostendit
885 2149 894 2195 ,·
923 2127 953 2182 in
975 2146 1032 2202 qua
1053 2124 1090 2183 de
1111 2126 1296 2184 meritissimo
1320 2126 1437 2185 homine

387 2232 449 2290 haec
467 2232 562 2309 posita
576 2241 661 2295 sunt;
692 2229 886 2302 Προσαγορεύει
900 2233 961 2285 σεὸ
979 2234 1222 2303 συναγωνισάμενος
1240 2238 1272 2300 τῇ
1291 2231 1435 2306 ὑπαγορεύ-

388 2360 431 2392 σει
449 2341 495 2406 τῆς
514 2339 665 2404 ἐπιστολῆς,
681 2338 721 2389 καὶ
739 2338 895 2406 παρατυχὼν
911 2339 984 2404 πάσῃ
999 2338 1072 2404 αὐτῇ,
1088 2339 1116 2392 ἐν
1130 2335 1168 2394 οἶς
1181 2337 1350 2406 βεβούληται,
1366 2340 1435 2410 διορ-

388 2444 537 2512 θωσάμενος
548 2441 641 2513 Κύριός
659 2462 709 2510 μου
728 2442 769 2494 καὶ
781 2440 897 2512 ἀδελφὸς
911 2443 979 2514 ἱερὸς
991 2441 1159 2515 Ἀρβρόσιος.
1179 2445 1335 2510 Ἀσπάζεται
1356 2445 1387 2499 δέ
1405 2467 1437 2499 σε

387 2550 428 2602 καὶ
449 2548 463 2615 ἡ
485 2547 630 2614 πιστοτάτη
651 2543 764 2614 σύμβιος
783 2545 863 2599 αὑτοῦ
877 2547 1029 2617 Μάρκελλα,
1043 2544 1095 2615 ἅμα
1114 2549 1169 2602 τοῖς
1189 2547 1297 2609 τέκνοις,
1312 2549 1353 2602 καὶ
1366 2546 1435 2603 Ἀνί-

388 2673 470 2719 κητος.
486 2652 521 2704 Σύ
534 2651 581 2705 τὸν
594 2651 673 2704 καλὸν
684 2650 755 2719 ἡμῶν
764 2652 852 2704 πάπαν
861 2648 1045 2722 Ἀπολινάριον
1056 2650 1176 2703 ἅσποσαι
1190 2651 1230 2703 rol
1243 2651 1304 2706 τούς
1318 2651 1436 2723 ἀγαπῶν-

385 2779 432 2813 τος
446 2757 519 2826 ἡμᾶς.
1106 2831 1111 2842 .

429 2860 493 2916 cIn
522 2858 725 2936 persecutione
749 2859 803 2915 sub
827 2856 911 2915 Julio
937 2857 1102 2915 Maximino
1128 2855 1180 2929 (Α,
1198 2857 1233 2915 C.
1249 2858 1336 2934 2³6.)
1362 2858 1436 2915 Am·

387 2963 515 3021 brasium
531 2973 561 3019 et
576 2962 780 3020 Protoctetum
797 2961 1005 3039 Presbyterum
1020 2962 1227 3019 Caesariensem
1246 2964 1391 3035 διαπρέψαι
1410 2965 1437 3017 ἐν

385 3068 513 3142 ὁμολογίᾳ
533 3067 623 3125 refert
645 3065 792 3123 Eusebius
806 3065 844 3123 vi.
860 3066 908 3122 28.
925 3067 976 3123 ubi
997 3068 1130 3125 observat
1153 3067 1310 3144 Origenem
1333 3066 1436 3126 iisdem

385 3193 467 3230 suam
494 3170 530 3228 ad
552 3169 731 3248 Martyrium
754 3169 985 3227 exhortationem
1012 3168 1168 3236 dedicasse,
1185 3190 1249 3246 quae
1274 3171 1436 3227 etiamnum

384 3286 475 3345 extat,
498 3276 575 3332 notis
596 3273 643 3331 Jo.
667 3271 812 3349 Rodolph.
833 3272 992 3330 Wetstenii
1013 3272 1168 3331 illustrata.
1195 3273 1284 3332 Basil.
1305 3274 1392 3340 1674.
1407 3278 1435 3331 4.

386 3378 507 3438 Eusebii
520 3379 607 3436 verba
621 3389 709 3435 sunt:
732 3383 791 3433 τότε
805 3382 847 3434 καὶ
855 3377 988 3451 Ὠριγένης
1000 3381 1047 3434 τὸν
1061 3382 1119 3452 περὶ
1132 3381 1273 3453 μαρτυρίου
1288 3384 1435 3445 συντύττει,

383 3485 534 3560 Ἀμβροσίῳ
558 3486 599 3539 καὶ
624 3483 802 3558 Πρωτοκτὴτῳ
829 3485 1000 3558 πρεσβυτέρῳ
1023 3487 1069 3552 τῆς
1093 3486 1120 3538 ε’ν
1142 3487 1282 3558 Καισαρείᾳ
1303 3489 1437 3559 παροικίας

382 3591 483 3648 ἀναθεὶς
497 3594 528 3645 τὸ
542 3590 709 3666 σύγγραμμα.
744 3590 780 3646 ln
795 3589 869 3646 libro
884 3589 947 3667 ipso
962 3589 1134 3647 nominatim
1148 3588 1265 3647 eosdem
1276 3589 1437 3667 alloquitur

383 3695 539 3770 Origenes:
570 3695 713 3767 Ἀμβρόσιε
736 3693 953 3768 θεοπρεπέστατε,
974 3699 1144 3766 Πρωτόκτητε
1166 3698 1351 3762 εὐσεβέστατα.
1375 3696 1435 3753 FA-

383 3815 520 3853 anicius.

425 3898 503 3956 dax
527 3898 584 3957 illis
605 3900 691 3957 etiam
714 3920 778 3976 quac
800 3911 911 3968 extant,
930 3921 988 3959 aon
1010 3922 1101 3980 pauca
1123 3904 1261 3980 Origenis
1278 3903 1436 3961 Ambrosio

383 4006 565 4071 dedicantur,
582 4016 615 4062 nt
630 4016 735 4080 praeter
750 4005 982 4064 exhortationem
999 4007 1035 4064 ad
1050 4007 1231 4086 martyrium,
1247 4007 1313 4066 libri
1336 4019 1437 4066 contra

384 4109 512 4175 Celsum,
528 4121 558 4167 et
580 4111 609 4167 in
627 4110 647 4167 J
650 4110 791 4168 ohannem
808 4109 1026 4177 commentarii,
1047 4113 1095 4170 ubi
1118 4133 1183 4190 pag.
1196 4113 1224 4169 3.
1240 4113 1282 4170 ita
1302 4132 1370 4170 eum
1392 4113 1434 4170 al·

382 4215 514 4291 loquitur
533 4215 692 4292 Origenes:
715 4214 859 4288 Ἀρβρόσιε
877 4217 980 4284 ἀληθῶς
995 4222 1062 4271 θεοῦ
1081 4219 1209 4289 ἄνθρωπε,
1225 4220 1266 4272 καὶ
1284 4219 1311 4272 ἒν
1330 4223 1437 4292 Χριστῷ

383 4321 511 4391 ἄνθρωπε,
524 4323 564 4374 καὶ
578 4319 700 4373 σπεύδων
713 4316 775 4373 εἶναι
791 4322 967 4389 πνευματικὸς,
981 4323 1027 4374 οὐκ
1040 4324 1078 4375 ἔτι
1089 4323 1230 4394 ἅνθρωπος.
1248 4319 1435 4378 FABRICIUS.

383 4424 503 4501 adjutus
513 4449 523 4481 .·
547 4424 593 4481 lta
607 4443 643 4481 ex
663 4423 782 4480 laudato
796 4423 864 4481 MS.
880 4423 1026 4482 Vaticano
1040 4424 1267 4489 emendavimus,
1283 4444 1348 4481 cum
1369 4424 1436 4483 hac·

382 4540 469 4587 tenus
488 4538 539 4586 aut
559 4529 642 4587 nullo
664 4539 715 4586 aut
736 4530 881 4587 contrario
903 4549 989 4588 sensu
1011 4530 1051 4587 ad
1072 4529 1147 4586 Ιιναο
1168 4527 1313 4606 legeretur
1323 4551 1333 4597 ,·
1356 4526 1435 4586 unde
1473 4587 1477 4595 ,

382 4636 537 4708 ι’ργοδιὼκτῃ
554 4632 710 4692 Ambrosio
725 4633 835 4709 infinita
850 4633 999 4692 volumina
1013 4635 1049 4692 ab
1064 4633 1193 4707 Origene
1211 4632 1353 4701 dedicata,
1369 4650 1433 4709 quoe
