3700 5667
394 617 438 678 28
698 614 944 691 RELIQUIAE
970 615 1148 678 SACRAE.

439 787 498 849 Καὶ
520 786 569 848 ἐπὶ
587 784 669 848 τέλει
691 786 723 848 δὲ
743 788 795 864 τῆς
816 787 986 864 ἐπιστολῆς,
1000 790 1060 849 τών
1082 785 1131 849 ἐπὶ
1143 784 1257 865 Ῥώμης
1278 809 1447 867 παραγενο-

393 887 492 968 μένων
515 889 695 962 ἐπισκόπων,
715 890 766 965 τῆς
791 912 824 950 τε
846 892 898 950 τοῦ
920 891 1077 953 Νοουάτου
1102 890 1330 970 κατεγνωκότών
1352 889 1448 967 ἀβελ-

395 990 505 1070 τηρίας,
529 987 697 1069 κατάλογον
717 990 883 1068 πεποίηται·
914 991 989 1068 ὁμοῦ
1010 990 1047 1053 τά
1069 1016 1101 1053 τε
1127 992 1272 1071 ὀνόματα,
1293 990 1342 1054 καὶ
1366 991 1402 1069 ἧς
1428 993 1446 1052 ὁ

395 1096 495 1157 καθεῖς
508 1091 603 1153 αὐτῶν
623 1095 782 1170 προηγεῖτο
802 1092 966 1170 παροικίας,
988 1091 1252 1170 ἐπισημηνάμενος·
1275 1098 1335 1155 τῶν
1355 1117 1389 1155 τε
1405 1091 1447 1170 μὴ

396 1191 647 1275 παραγενομένων
670 1193 727 1270 μὲν
753 1192 802 1254 ἐπὶ
825 1195 875 1270 τῆς
893 1190 1015 1271 Ῥώμης,
1037 1194 1318 1273 σννευδοκησάντον
1341 1196 1374 1257 δὲ
1397 1196 1471 1272 ostis

395 1295 575 1378 γραμμάτων
593 1295 628 1381 τῇ
644 1299 703 1356 τών
722 1293 942 1374 προειρημένων
961 1293 1066 1380 ψήφῳ,
1083 1297 1136 1360 τὰς
1153 1297 1355 1376 προσηγορίας
1370 1298 1446 1375 ὀμοῦ

396 1398 444 1460 καὶ
459 1400 511 1463 τὰς
525 1396 630 1463 πόλεις
649 1396 719 1458 ὅθεν
736 1395 860 1460 ἕκαστος
879 1396 1049 1475 ὁρμώμενος
1070 1395 1237 1459 ἐπίστελλε
1256 1397 1444 1476 μνημονεύει.

394 1505 488 1562 ταῦτα
511 1500 568 1577 μὲν
591 1500 608 1559 ὁ
636 1495 800 1577 Κορνήλιος
828 1498 936 1579 Φαβίῳ
957 1495 1145 1579 Ἀντιοχείας
1169 1498 1319 1582 ἐπισκόπιρ
1346 1501 1447 1575 δηλῶν

395 1599 519 1680 ἔγραφε.
564 1609 692 1667 Cornelii
716 1609 776 1666 haec
798 1607 900 1666 attulit
922 1608 1071 1667 Eusebius
1092 1608 1122 1664 in
1144 1607 1194 1665 lib.
1213 1607 1252 1664 vi.
1269 1607 1350 1664 Hire.
1364 1605 1444 1666 Εοοί.

395 1722 521 1781 car-4³·
1459 1729 1493 1769 ¹0

430 1955 488 2010 Sub
500 1956 582 2010 tinem
593 1967 683 2011 autem
699 1959 826 2027 epistolar,
839 1976 889 2011 nu·
942 1958 1076 2026 periurum
1083 1964 1173 2008 tamen
1182 1956 1369 2024 episcoporum
1382 1973 1444 2009 sen·

393 2042 497 2078 merum
510 2036 628 2080 recenset
647 2027 833 2097 episcoporum
845 2027 891 2098 qui
941 2026 1052 2079 tentiam
1063 2025 1145 2078 literis
1157 2025 1212 2078 suis
1223 2024 1443 2093 approbaverant,

394 2094 423 2146 in
444 2095 539 2149 urbem
561 2096 673 2149 Romam
694 2099 890 2160 convenientes,
941 2095 1071 2149 vocabula
1089 2095 1170 2147 simul
1188 2103 1214 2147 et
1234 2095 1352 2147 civitates
1370 2093 1444 2148 unde

394 2165 536 2217 amentiam
569 2165 668 2219 Novati
697 2165 890 2219 condemnave-
942 2165 1042 2235 singuli
1062 2164 1150 2217 literas
1170 2163 1305 2226 dederant,
1322 2173 1444 2217 accurate

394 2242 462 2295 rant,
484 2234 592 2288 nomina
612 2252 718 2306 quoque
737 2236 852 2297 illorum,
865 2243 891 2288 et
943 2242 1142 2287 commemorat.
1192 2234 1227 2286 Et
1251 2234 1309 2287 haec
1334 2232 1490 2314 quidem15

395 2319 478 2383 quam
496 2303 609 2374 quisque
630 2304 737 2384 reponat
756 2304 893 2385 ecclesiam
945 2303 1086 2357 Cornelius
1100 2303 1181 2383 Fabio
1194 2303 1444 2383 Antiocirensrtepi·

394 2369 564 2510 &witzin
572 2372 893 2505 miilpirgreirargplrlrprpgrtffi:
944 2390 1026 2442 scopo
1038 2389 1085 2442 per
1097 2373 1236 2442 epistolam
1249 2381 1402 2426 insinuavit.

770 2701 1044 2749 ...φ-.-

899 2953 938 2991 un

567 3082 742 3141 DUABUS
764 3084 1024 3154 QUIBUSDAM
1049 3083 1270 3142 EPISTOLIS
1456 3093 1493 3131 20

685 3252 704 3290 Λ
720 3253 743 3291 8.
758 3250 904 3292 CORNELIO
919 3253 961 3291 ΑΙ)
975 3251 1010 3293 ΒΕ
1024 3249 1152 3292 scutrum

465 3386 512 3442 Ita
527 3385 558 3443 S.
574 3387 725 3463 Cyprianus
738 3389 795 3464 Ep.
813 3389 863 3457 55,
878 3409 925 3446 sea
939 3391 989 3454 59,
1004 3408 1069 3463 pag,
1086 3388 1133 3454 79.
1149 3389 1189 3443 ed.
1205 3387 1372 3442 Benedictis.

429 3536 579 3608 Cyprianus
604 3537 728 3593 Cornelio
749 3540 823 3592 fratri
842 3541 963 3593 salutem.
1011 3539 1076 3609 Legi
1093 3540 1193 3592 litteras
1211 3546 1281 3599 tuas,
1300 3536 1381 3589 irater
1399 3552 1443 3588 oa-

393 3632 506 3693 rissime,
519 3648 585 3701 quas
604 3649 651 3701 per
664 3631 792 3685 Saturum
808 3632 915 3687 fratrem
932 3642 1054 3686 nostrum
1072 3633 1226 3703 acolythum
1243 3630 1340 3684 misisti
1358 3638 1383 3683 et
1402 3628 1442 3682 di·

392 3722 513 3776 lectionis
530 3722 653 3776 fraternos
671 3732 697 3776 et
716 3723 900 3777 ecclesiastiae
920 3722 1067 3793 disciplina
1087 3734 1113 3777 et
1133 3723 1301 3777 sacerdotalis
1323 3739 1442 3775 censurae
1453 3739 1468 3775 2
1472 3732 1489 3796 5

393 3816 457 3868 satis
481 3816 587 3884 plenas3
615 3815 714 3886 quibus
738 3815 893 3886 significasti
916 3816 1109 3870 Felicissimum
1133 3818 1238 3871 hostem
1263 3817 1364 3870 Christi
1387 3833 1443 3870 non

393 3926 502 3972 novum,
516 3908 562 3962 sed
571 3910 629 3979 jam
641 3908 745 3979 pridem
756 3910 792 3964 ob
804 3910 915 3964 crimina
927 3929 977 3965 sua
991 3911 1107 3980 plurima
1122 3920 1148 3965 et
1164 3912 1321 3981 gravissima
1335 3911 1442 3964 absten-

393 4010 461 4066 tum,
473 4011 500 4056 et
511 4020 567 4056 non
582 4011 687 4056 tantum
704 4021 763 4057 men
779 4003 826 4057 sed
842 4012 868 4057 et
883 4006 1062 4073 plurimorum
1078 4005 1295 4074 coepiscoporum
1313 4004 1444 4058 sententia

391 4095 608 4161 condemnatum,
620 4096 747 4168 rejectum
760 4115 775 4150 a
792 4104 819 4151 te
830 4097 883 4151 iilic
896 4115 963 4161 esse,
972 4108 999 4152 et
1011 4116 1072 4152 eum
1085 4098 1201 4151 venisset
1214 4099 1326 4167 stipatus
1339 4107 1444 4151 caterva

305 4250 308 4255 ,
392 4198 418 4242 et
431 4189 544 4244 factione
561 4190 769 4261 desperatorum,
783 4191 875 4262 vigore
891 4192 980 4261 pleno,
992 4209 1046 4263 quo
1063 4192 1218 4262 episcopum
1234 4209 1311 4261 agere
1328 4199 1442 4260 oportet,
1452 4198 1492 4256 30

393 4284 501 4352 pulsum
520 4284 553 4338 da
570 4286 679 4339 ecclesia
696 4303 762 4348 esse,
776 4285 809 4339 de
827 4303 880 4356 qua
894 4286 952 4356 jam
970 4286 1073 4356 pridem
1091 4304 1154 4341 cum
1174 4287 1215 4339 sui
1237 4285 1369 4339 similibus
1391 4286 1442 4339 Dei

394 4377 528 4446 majestate
540 4387 567 4432 et
580 4377 679 4432 Christi
693 4379 804 4432 Domini
816 4387 842 4432 et
850 4377 949 4449 judicis
962 4381 1046 4434 nostri
1059 4380 1195 4434 severitate
1208 4377 1336 4446 depulsus
1349 4385 1398 4439 est,
1408 4393 1443 4428 ne

393 4471 493 4524 schism
500 4472 544 4525 itis
557 4481 583 4525 et
596 4472 700 4526 discidii
716 4481 816 4536 auctor,
830 4491 863 4527 ne
879 4476 998 4543 pecunia
1016 4475 1165 4529 commissae
1183 4471 1233 4525 sibi
1250 4467 1394 4530 fraudator,
1407 4485 1442 4520 ne

392 4572 527 4633 stuprator
544 4565 688 4635 virginum,
704 4583 738 4619 ne
755 4567 987 4622 matrimoniorum
1004 4570 1150 4621 multorum
1170 4562 1343 4631 depopulator
1361 4568 1441 4630 atque
