3700 5667
483 653 547 713 242
817 653 1195 718 ANNOTATIONES

483 841 608 904 quoque
624 822 697 906 625.
709 822 810 886 Rawl.
827 823 987 907 scriptura
1001 831 1128 888 mutata
1142 832 1202 888 est.
1248 825 1311 887 Sed
1325 829 1410 888 τοῦτο
1425 846 1484 909 pro
1500 824 1535 886 τὸ

483 922 531 985 vel
547 928 598 985 τοῦ
614 946 653 987 ex
667 935 797 1008 quotuor
811 926 930 1010 sumpsi
949 924 1098 988 codicibus
1113 925 1295 989 Bodloionis
1309 932 1406 1008 atque
1420 924 1537 988 declae

482 1023 542 1087 illis
559 1026 682 1090 Ooiclin.
698 1028 753 1113 qui
768 1029 894 1114 quidem
909 1029 1033 1093 codices
1048 1028 1175 1101 Gallici,
1186 1029 1269 1092 sicut
1285 1030 1361 1092 Me.
1375 1049 1385 1091 ι
1392 1031 1445 1112 58.
1462 1032 1536 1093 ὅθεν

483 1149 542 1212 pro
557 1129 607 1191 ὅτε
621 1137 697 1193 ante
713 1134 806 1208 δῆλον
821 1130 942 1195 habeut
957 1131 990 1193 in
1008 1131 1222 1215 sequentibus.
1263 1131 1431 1214 Vertitque
1448 1130 1534 1194 Her-

482 1239 582 1309 vetus,
606 1234 650 1296 Et
669 1234 742 1298 idco.
788 1234 880 1299 Nunc
902 1234 1027 1298 invenio
1048 1233 1080 1296 iu
1103 1234 1236 1297 Pedalie
1258 1234 1442 1297 Graecorum
1464 1233 1534 1296 haee

483 1335 600 1418 posita,
617 1338 665 1399 διὰ
685 1336 719 1398 τὸ
736 1337 947 1421 παρῳχηκέναι
965 1338 1020 1416 ἤδη
1035 1339 1157 1402 τελείως
1172 1338 1228 1400 σὺν
1244 1339 1279 1423 τῇ
1298 1335 1361 1416 μετ’
1378 1336 1449 1399 αὐτὸ
1466 1362 1532 1399 νυκ-

482 1437 511 1499 τὶ
532 1441 592 1499 τᾶν
614 1438 648 1499 τὸ
671 1435 841 1515 σάββατον,
855 1438 903 1500 καὶ
924 1434 1033 1516 ἕτερον
1052 1438 1199 1518 ἄρχεσθαι
1221 1438 1344 1518 ἡμέραν,
1364 1439 1414 1501 ὅτε
1436 1438 1534 1515 ἡλθον

483 1542 522 1602 τὰ
537 1540 687 1619 ἀρώματα,
705 1540 753 1602 καὶ
768 1542 804 1603 τὸ
817 1545 896 1619 μῢρο
911 1539 1068 1620 φέρουσαι.
1084 1541 1156 1601 ὅθεν
1171 1543 1265 1617 δῆλον
1282 1542 1337 1602 διο.

526 1642 565 1704 Ρ.
584 1642 655 1705 228.
671 1640 690 1702 Ι.
712 1661 737 1703 1.
752 1642 770 1720 ἡ
784 1642 840 1719 μὲν
855 1644 913 1723 γὰρ
929 1641 1015 1726 ὁρμὴ]
1035 1640 1231 1705 Particulam
1247 1644 1305 1722 γὰρ
1324 1663 1364 1705 ex
1387 1641 1534 1704 omnibus

483 1743 609 1828 seriptis
623 1744 743 1807 addidi.
791 1744 872 1807 Mox
890 1744 1040 1826 κατήρχθη
1055 1749 1129 1827 post
1145 1742 1353 1827 Beveregium
1368 1743 1459 1826 posui
1473 1766 1534 1828 pro

481 1846 644 1930 προήρχθη,
672 1847 756 1930 quod
785 1854 876 1910 extat
906 1846 939 1909 in
969 1846 1113 1908 Ooociliic
1141 1845 1287 1929 alibique.
1333 1845 1445 1908 Inveni
1473 1868 1533 1930 ego

483 1946 609 2027 κατήρθη
625 1947 697 2027 (sic)
713 1946 746 2008 in
764 1945 834 2010 eod.
856 1947 925 2027 158.
947 1946 1003 2008 sed
1016 1945 1129 2030 reliqu—i
1143 1946 1252 2029 serapti
1266 1946 1467 2030 praestabant
1483 1947 1533 2010 vel

481 2049 642 2130 κατήρξατο
665 2049 713 2112 vel
735 2047 925 2129 κατήρξαντο.
963 2048 1085 2132 [acepit
1105 2048 1202 2112 vertit
1220 2047 1394 2113 Hervetus.
1440 2048 1533 2111 Nunc

481 2151 604 2236 reperio
620 2158 652 2214 et
667 2154 725 2232 γὰρ
739 2159 773 2214 et
788 2149 940 2232 κατήρχθη
955 2149 987 2212 in
1003 2149 1136 2213 Pedalie
1150 2149 1306 2213 extantia.

527 2252 609 2317 Ibid.
624 2254 644 2317 l.
661 2257 692 2316 6.
714 2252 818 2336 μέχρις
840 2254 988 2331 ἀνατολῆς
1007 2252 1107 2335 ἡλίου]
1125 2256 1178 2314 τοῦ
1199 2259 1276 2315 ante
1296 2252 1383 2330 ἡλίου
1403 2252 1533 2317 exhibet

485 2355 557 2418 eod.
581 2377 588 2415 ι
595 2357 650 2438 58.

528 2456 611 2520 Ibid.
628 2458 676 2520 καὶ
693 2457 778 2539 λέγει
793 2457 840 2520 καὶ
860 2458 928 2519 τότε
949 2453 1085 2539 τούτοις]
1103 2455 1270 2540 Duplicem
1291 2455 1420 2541 quidem
1435 2456 1532 2520 fuisse

482 2558 709 2643 profectionem
724 2557 889 2621 mulierum
904 2557 947 2620 ad
961 2558 1162 2641 sepulchrum
1178 2558 1308 2635 christi,
1324 2558 1462 2643 priorem
1477 2580 1532 2621 an·

484 2669 528 2734 te,
545 2667 577 2724 et
593 2660 728 2724 alteram
742 2668 816 2745 post
830 2658 1094 2723 resurrectionem
1109 2657 1187 2742 ejus,
1203 2679 1244 2721 ex
1258 2657 1291 2720 S.
1307 2659 1406 2722 Lucae
1422 2681 1534 2723 narra·

483 2763 571 2828 tione
581 2773 718 2842 constat,
728 2764 814 2827 xxiii.
829 2781 878 2846 25,
892 2766 942 2825 26.
956 2762 1040 2825 xxiv.
1055 2782 1080 2824 1.
1106 2761 1151 2825 Et
1162 2761 1297 2824 alteram
1307 2761 1366 2823 hoc
1376 2761 1440 2825 iter
1448 2785 1532 2847 coep

483 2872 553 2929 tum
573 2865 699 2929 videtur
719 2865 815 2929 fuisse
836 2887 857 2928 a
878 2864 1149 2950 proficiscentibus
1171 2863 1231 2925 illis
1253 2885 1293 2925 ex
1315 2865 1393 2928 urbe
1414 2869 1534 2932 σκοτίας

485 2967 529 3030 ἔτι
543 2969 643 3046 οὔσης,
660 2990 717 3031 nec
732 2967 857 3031 finitum
870 2975 947 3031 ante
962 2966 1037 3030 solis
1051 2971 1198 3029 exortum
1212 2965 1301 3026 Joao.
1316 2987 1368 3028 xx.
1385 2986 1410 3028 1.
1428 2968 1530 3029 Marc.

484 3067 546 3135 xvi.
561 3088 588 3132 2.
607 3070 744 3133 Mariam
758 3070 884 3153 quidem
897 3069 1122 3153 Magdalenum
1137 3065 1186 3128 bis
1200 3065 1316 3129 adiisse
1330 3067 1531 3150 sepulchrum

479 3173 550 3258 jam
565 3179 711 3257 apertum
726 3172 824 3236 refert
840 3171 872 3235 S.
886 3171 907 3234 J
909 3192 1037 3235 oannes.
1071 3167 1303 3252 Dionysiusque
1317 3190 1388 3231 cum
1400 3169 1531 3233 hictum

485 3295 582 3359 supra
596 3273 747 3338 statuisse
761 3273 887 3337 videtur
901 3272 1018 3356 duplex
1033 3269 1130 3334 fuisse
1148 3269 1200 3334 die
1215 3269 1455 3334 resurrectionis
1469 3271 1532 3334 iter

483 3377 649 3440 mulierum
664 3377 705 3440 ab
720 3375 798 3439 urbe
813 3377 855 3439 ad
870 3374 1079 3459 sepulchrum,
1096 3371 1151 3436 sed
1166 3370 1218 3435 vix
1234 3378 1267 3436 et
1282 3394 1322 3435 ne
1338 3372 1389 3436 vix
1405 3372 1532 3457 quidem

482 3480 664 3542 earundem.
711 3479 822 3563 Neque
847 3477 931 3542 enim
958 3476 1075 3540 diserte
1098 3474 1236 3539 affirmat
1263 3473 1294 3538 S.
1320 3475 1423 3539 Lucas
1448 3477 1532 3541 xxiv.

487 3602 535 3645 ιο.
553 3581 693 3646 Mariam
709 3580 937 3666 Magdalenam
957 3577 1048 3642 simul
1067 3599 1140 3642 cum
1160 3577 1344 3641 mulieribus
1362 3600 1383 3641 a
1402 3601 1436 3642 se
1456 3587 1532 3644 ante

484 3684 740 3749 commemoratis
759 3683 906 3746 adfuisse.
953 3681 1125 3763 Utcunque
1146 3700 1197 3743 res
1217 3678 1288 3750 fuit,
1305 3701 1360 3742 seu
1378 3680 1532 3764 profectio

485 3786 603 3870 duplex
624 3786 729 3861 fuerit,
745 3794 782 3849 ut
802 3785 860 3848 vin‘
880 3782 1044 3849 clarissimi
1067 3781 1251 3866 opinantur,
1266 3780 1331 3844 sive
1351 3802 1436 3853 non;
1461 3803 1533 3846 mea

485 3887 609 3950 interea
631 3887 790 3949 sententia
811 3894 869 3962 est,
885 3887 963 3950 nihil
979 3884 1107 3949 omnino
1122 3904 1269 3947 narrasse
1286 3882 1423 3947 alterum
1439 3906 1533 3948 evan-

484 3989 641 4074 gelistam,
669 3988 719 4051 cui
747 3988 829 4052 elter
858 3987 1110 4060 contradixerit;
1146 3986 1202 4049 sed
1233 3985 1435 4050 incertiorem
1464 3986 1532 4050 fieri

484 4088 626 4152 ordinem
642 4109 745 4151 rerum
765 4095 928 4171 gestarum
947 4096 1021 4173 post
1036 4087 1297 4152 resurrectionem
1314 4087 1442 4152 Domini
1465 4091 1533 4152 bre-

485 4193 585 4257 vitate
605 4192 745 4276 ipsarum
769 4190 1009 4269 narrationum
1037 4212 1107 4275 quae
1131 4197 1239 4254 tamen
1262 4190 1332 4254 aliae
1355 4191 1435 4254 alias
1460 4212 1533 4254 con-

485 4296 625 4358 firmant.

530 4396 615 4460 Ibid.
639 4395 658 4458 i.
674 4415 705 4478 9.
727 4394 967 4478 ἀποφαινόμεθα]
990 4395 1177 4458 Harduiuus
1199 4403 1273 4479 post
1297 4394 1406 4459 Labbe
1428 4401 1531 4469 notet,

486 4505 505 4534 “
518 4497 556 4561 al.
571 4493 829 4576 ὰπολογούμεθα.”
861 4495 915 4559 Ita
928 4495 999 4558 Cod.
1013 4504 1122 4560 noster
1134 4499 1205 4581 158.
1218 4505 1251 4561 et
1264 4496 1393 4560 Pedalie?
1404 4494 1531 4579 Margo.

486 4598 645 4676 Ceterum,
658 4599 819 4683 quiaillud
835 4599 1137 4680 ἆκριβολογουμένοις
1152 4622 1223 4664 cum
1239 4598 1443 4683 sequentibus
1458 4599 1532 4660 κατὰ
