3700 5667
487 669 550 733 120
792 667 1042 744 RELIQUIAE
1069 665 1245 729 SACRAE.

485 834 671 918 confugiunt
696 833 738 896 ud
768 831 932 896 ecclesiam
958 832 1167 917 baptizandos
1195 853 1264 895 esse
1289 853 1311 895 a
1335 831 1437 909 nobis,
1466 831 1535 916 iqui

484 945 578 1010 amici
592 945 743 1030 appellati
759 966 867 1007 sumus
886 944 944 1006 Dei
961 944 1001 1006 de
1016 944 1084 1027 ejus
1100 942 1294 1028 dignatione.

528 1056 613 1120 Xll.
637 1056 728 1120 Felix
743 1078 763 1119 c
778 1055 880 1138 Bagai
904 1054 995 1118 dixit.
1039 1053 1148 1127 jSiout
1163 1075 1267 1118 coecus
1281 1074 1403 1117 coecum
1418 1053 1536 1116 ducens

484 1165 576 1230 simul
591 1165 625 1228 in
639 1166 762 1228 foveam
778 1165 906 1231 cadunt.
922 1164 970 1228 ita
984 1163 1152 1227 haereticus
1171 1161 1355 1226 haereticum
1370 1163 1536 1247 baptizans

484 1275 575 1340 simul
598 1274 631 1337 in
646 1281 782 1338 mortem
797 1273 926 1337 cadunt.
973 1273 1020 1335 Et
1041 1271 1113 1335 ideo
1135 1271 1304 1336 haereticus
1326 1272 1561 1357 baptizanduss

484 1393 535 1450 ost
549 1393 583 1449 et
597 1384 812 1459 vivificandus,
828 1405 868 1447 ne
883 1405 942 1447 nos
957 1383 1019 1446 vivi
1034 1383 1169 1446 mortuis
1183 1383 1459 1447 communicemus.

528 1495 639 1559 XIII.
663 1494 815 1558 Polienus
834 1516 854 1558 a
871 1492 970 1557 Mileo
985 1493 1077 1558 dixit.
1121 1493 1256 1557 Justnrn
1279 1503 1329 1559 est
1350 1494 1534 1559 haereticum

485 1605 641 1690 baptizari
656 1605 688 1668 in
703 1605 834 1670 ecclesia
849 1614 971 1669 sanctu.

529 1716 628 1780 XIV.
661 1717 851 1802 Theogenes
873 1719 914 1781 ab
938 1717 1089 1802 Hippone
1111 1717 1198 1802 regio
1220 1716 1311 1781 dixit.
1357 1717 1535 1780 Secundum

485 1836 719 1893 sacramentum
734 1829 795 1893 Dei
817 1829 932 1915 gratiae
956 1828 1100 1907 caelestis,
1122 1830 1206 1914 quod
1228 1828 1418 1913 accepimus,
1439 1849 1535 1891 unum
1548 1839 1582 1879 ¹0

484 1939 644 2025 baptisma
659 1940 743 2023 quod
760 1947 808 2003 est
823 1938 856 2001 in
871 1938 1003 2002 ecclesie
1018 1946 1131 2002 sancto
1146 1938 1312 2002 credimus.

528 2047 609 2113 XV.
633 2048 770 2113 Detivus
785 2070 805 2112 e
820 2048 918 2112 Badis
934 2048 1025 2112 dixit.
1071 2047 1139 2111 Nos
1154 2054 1310 2132 quantum
1330 2046 1362 2110 in
1380 2047 1472 2111 nobis
1485 2054 1535 2111 est

484 2154 643 2219 haereticis
669 2178 732 2219 non
761 2157 1039 2234 communicamus,
1063 2157 1124 2220 nisi
1153 2156 1309 2242 baptizoti
1341 2157 1374 2221 in
1403 2156 1535 2221 ecclesie

484 2264 611 2342 fuerint,
628 2273 661 2328 et
675 2266 891 2330 remissionem
907 2281 1111 2351 pennatorum
1125 2267 1316 2352 acceperint.

528 2375 629 2438 XVI.
654 2375 824 2440 Successus
843 2378 884 2441 ab
901 2378 1007 2441 Abbir
1022 2378 1266 2442 Germaniciana
1287 2377 1378 2441 dixit.
1423 2376 1580 2447 licere-15

484 2485 557 2550 tiois
571 2493 628 2550 out
643 2487 719 2550 nihil
736 2487 810 2551 licet
824 2495 882 2552 aut
897 2496 1004 2552 totum
1023 2489 1106 2552 licet.
1152 2487 1186 2551 Si
1209 2496 1342 2572 possunt
1360 2486 1535 2572 baptizare,

483 2604 618 2682 possunt
641 2597 718 2662 dare
748 2609 781 2663 et
808 2598 957 2683 spiritum
986 2606 1142 2662 sanctum.
1188 2597 1222 2661 Si
1251 2606 1360 2662 cutem
1389 2597 1535 2683 spiritum

484 2716 630 2772 sanctum
646 2708 722 2773 dere
743 2730 806 2771 non
821 2716 966 2793 possunt,
981 2709 1056 2794 quia
1071 2730 1135 2771 non
1150 2708 1270 2772 habent
1285 2707 1432 2792 spiritum
1446 2730 1535 2772 sanc-

485 2827 564 2896 tum,
592 2843 650 2884 noc
676 2820 838 2906 baptizare
862 2820 1049 2905 spirituliter
1072 2831 1215 2905 possunt.
1261 2823 1438 2906 Propterea
1463 2842 1534 2884 cen·

485 2952 590 2994 semus
605 2930 771 2995 haereticos
787 2931 996 3016 baptizandos
1011 2955 1089 2995 esse.
1546 2942 1582 2981 20

528 3040 647 3104 XVII.
672 3041 870 3106 Fortunatus
893 3066 914 3106 a
938 3044 1118 3108 Tuchnbori
1137 3044 1229 3107 dixit.
1275 3045 1372 3107 Jesus
1387 3042 1535 3108 Ohristus

485 3152 642 3216 Dominus
667 3161 701 3218 et
731 3154 818 3217 Deus
848 3163 957 3219 nostor
987 3155 1048 3219 Dei
1078 3155 1180 3240 patris
1208 3164 1242 3218 et
1271 3154 1424 3218 creatoris
1454 3153 1535 3216 filius

485 3264 605 3350 ksnper
619 3273 744 3349 petrum
758 3265 926 3331 aedificovit
942 3266 1106 3330 ecclesiam
1125 3287 1225 3342 sunm,
1241 3287 1306 3328 non
1321 3286 1416 3348 super
1435 3265 1535 3327 haere·

485 3374 554 3454 sim,
576 3383 609 3440 et
630 3382 824 3460 potestatem
847 3375 1030 3461 baptizandi
1054 3374 1209 3460 episcopis
1233 3373 1333 3447 dedit,
1350 3396 1414 3437 non
1436 3374 1535 3437 haero·

484 3484 565 3549 tiois.
611 3485 716 3565 Quare
732 3485 785 3569 qui
801 3492 894 3549 extra
909 3485 1073 3549 ecclesiam
1094 3492 1178 3561 sunt,
1196 3491 1229 3548 et
1244 3491 1357 3547 contre
1371 3482 1533 3548 Christum
1544 3500 1580 3560 25

484 3603 608 3660 stantes
628 3617 701 3658 oves
721 3594 789 3678 ejus
809 3603 842 3658 et
861 3617 991 3680 gregem
1011 3602 1178 3678 spargunt,
1195 3593 1357 3678 baptizare
1376 3594 1453 3657 ioris
1470 3615 1534 3657 non

483 3710 628 3790 possunt.

527 3812 665 3877 XVIII.
690 3814 827 3877 Sedetus
851 3837 871 3877 a
891 3814 1044 3879 Tuburbo
1068 3815 1160 3878 dixit.
1207 3813 1248 3877 In
1272 3824 1427 3900 quantum
1451 3836 1535 3898 equa

484 3922 660 3988 sacerdotis
683 3945 776 4007 preco
799 3923 831 3986 in
854 3924 987 3989 ecclesie
1009 3926 1210 3989 sanctificata
1234 3925 1336 3990 obtuit
1360 3926 1488 4004 delicta,
1502 3925 1535 3989 iu

466 4030 613 4098 'tentum
637 4033 788 4097 haeretico
813 4056 958 4099 sermone
984 4036 1070 4099 velut
1096 4056 1227 4099 cancere
1253 4035 1370 4099 infectu
1395 4034 1583 4107 cumulatae

485 4154 627 4229 peecata.
662 4145 768 4226 Quare
783 4145 929 4208 omnibus
943 4146 1082 4230 pacificis
1097 4146 1224 4230 quidem
1240 4145 1357 4209 viribus
1372 4145 1536 4209 nitendum

485 4263 535 4320 est
558 4279 598 4321 ne
622 4257 692 4342 quis
716 4256 865 4320 haeretico
892 4278 999 4320 errore
1022 4256 1158 4320 infectus
1179 4264 1213 4318 et
1236 4255 1356 4320 tinctus
1378 4254 1535 4339 singulare

485 4375 518 4432 et
533 4390 641 4432 verum
656 4368 795 4432 ecolesiae
810 4368 1002 4453 baptismum
1019 4369 1177 4432 detrectet
1192 4367 1354 4451 accipere;
1375 4388 1437 4451 quo
1452 4365 1534 4449 quis-

484 4477 555 4562 quis
570 4500 633 4540 non
648 4478 745 4542 fuerit
761 4479 941 4563 baptizatus
958 4501 1054 4564 regno
1070 4478 1217 4542 caelorum
1233 4477 1289 4540 fiet
1303 4476 1433 4541 alienus.

584 4638 676 4686 ¹donn.
689 4655 729 4686 xv.
746 4654 782 4700 ¹5·
886 4635 895 4681 J
909 4640 999 4688 Matth.
1013 4656 1052 4687 xv.
1066 4652 1101 4696 14
1204 4641 1217 4677 k
1232 4638 1322 4687 Matth.
1336 4639 1385 4686 xvi.
1400 4640 1435 4685 18.
