3700 5667
477 658 543 719 244
827 654 1182 722 ANNOTATIONES

478 823 580 906 λέγον.
608 824 652 887 Τὸ
673 823 778 903 μικρὸν
797 826 831 887 ἒν
848 827 907 908 βίῳ
930 825 965 887 οὐ
987 824 1182 904 παρομικρὸν,
1207 822 1361 900 αὗτολέξει
1383 821 1531 902 ἀναφέρει

478 926 526 989 καὶ
548 928 565 988 ὁ
585 924 681 1006 μέγας
697 925 857 992 mauros
879 927 913 990 ἐν
935 929 971 1004 τῇ
994 925 1071 1007 ὀρχῇ
1091 930 1144 987 τοῦ
1161 925 1229 1004 περὶ
1242 924 1449 1002 βαπτίσματος
1464 927 1531 986 δευ-

478 1027 564 1109 τέρου
578 1029 685 1108 λόγου,
699 1027 800 1108 λέγων
814 1028 860 1090 ὅτι
876 1026 941 1091 εἴτε
955 1031 1042 1091 τοῦτο
1057 1052 1100 1094 τις
1113 1032 1172 1090 τῶν
1187 1025 1254 1105 παρ’
1270 1027 1340 1105 ἡμῖν
1354 1030 1470 1107 σοφῦν.
1485 1027 1531 1090 τίς

479 1131 511 1193 δὲ
527 1132 544 1192 ὁ
560 1129 657 1210 σοφὸς
671 1130 767 1203 οὖτος,
783 1130 854 1208 ἡμῖν
870 1130 995 1208 ἄδηλον.

521 1231 558 1296 Ρ.
577 1232 647 1297 228.
664 1230 684 1294 Ι.
706 1234 754 1296 16.
777 1233 1038 1315 ἑφυοτερίζοντας]
1066 1229 1200 1294 Correxi
1222 1250 1261 1292 cx
1285 1229 1419 1293 Podalio
1439 1228 1530 1313 prius

478 1334 599 1400 editum
614 1335 875 1416 ὖφυστερίζοντας.

522 1436 606 1501 Ibid.
630 1437 650 1500 l.
673 1457 722 1517 17.
748 1437 797 1500 καὶ
822 1436 912 1520 μέχρι
937 1434 1078 1516 τετάρτης
1100 1439 1235 1517 φυλακῆς
1261 1436 1527 1522 ἐγκαρτεροῦντος]

479 1536 525 1602 H.
537 1560 564 1601 e.
580 1559 679 1622 usque
693 1537 736 1600 ad
750 1537 862 1601 horam
878 1544 1022 1600 nostram
1036 1536 1166 1601 tertiam
1181 1534 1384 1599 matutinam.
1414 1535 1530 1601 Posuit

477 1639 566 1722 μέχρι
588 1641 696 1720 ὄρθρου
716 1660 775 1723 pro
791 1639 881 1722 μέχρι
899 1636 1040 1719 τετάρτης
1060 1642 1196 1718 φυλακῆς
1218 1636 1473 1721 Harmotopulus
1495 1637 1528 1701 in

479 1741 623 1826 klpitom
646 1762 705 1805 sua
732 1742 899 1817 Uononem,
928 1739 998 1804 Lib.
1020 1762 1049 1804 v.
1074 1762 1106 1825 p.
1126 1743 1178 1820 67.
1200 1739 1294 1802 Juris
1317 1740 1527 1803 GraecoRom.

476 1842 668 1908 Laowdroe'i.
703 1842 785 1907 Cum
800 1864 910 1906 omnes
923 1842 1000 1907 editi
1014 1842 1066 1907 hic
1080 1842 1222 1907 habeant
1237 1846 1527 1923 διεγκαρτεροΰντας,

474 1967 573 2010 omnes
594 1952 704 2010 autem
726 1945 837 2009 codices
857 1945 967 2029 scripti
986 1967 1058 2009 cum
1078 1945 1216 2016 Zonaras,
1233 1943 1432 2020 Balsamone,
1449 1944 1527 2007 Ari·

475 2055 630 2132 stonoque
650 2050 900 2129 ἐγκαρτεροΰντας
921 2047 1105 2123 exhibeant,
1120 2046 1246 2109 videtur
1267 2045 1355 2109 editu
1375 2045 1469 2109 lectio
1487 2068 1527 2110 ex

475 2150 573 2214 verbo
595 2149 757 2233 superiore
779 2155 853 2212 crta
875 2170 944 2212 esse
966 2152 1166 2228 διαρκοῦντας.
1212 2146 1362 2211 Ceterum
1382 2146 1427 2210 sic
1442 2147 1523 2233 jeju·

475 2251 583 2314 nando
612 2249 758 2314 homines
788 2249 841 2313 isti
872 2257 1075 2335 superassent
1104 2248 1175 2312 illos
1204 2248 1302 2312 etiam
1328 2247 1528 2313 Christianos

476 2348 588 2413 Romae
604 2350 767 2434 degentes,
783 2349 836 2434 qui
851 2350 981 2414 ineunte
996 2349 1131 2435 epistola
1145 2349 1383 2413 commemorati
1398 2357 1484 2424 sunt,
1500 2351 1528 2413 si

477 2453 573 2516 modo
596 2474 653 2536 per
671 2451 752 2537 palli
769 2462 891 2517 contum
910 2452 1139 2537 intelligeretur
1154 2452 1279 2516 initium
1294 2451 1455 2538 gallicinii,
1471 2473 1527 2515 seu

479 2554 585 2620 tertiae
612 2553 726 2639 vigiliae
751 2555 864 2632 noctis,
892 2576 964 2640 quae
989 2555 1116 2640 quidem
1143 2555 1185 2619 ab
1210 2555 1291 2618 hora
1316 2562 1426 2618 nostra
1450 2555 1528 2618 duo-

477 2656 600 2721 decima
624 2663 782 2721 nocturna
807 2655 961 2741 incipiens
983 2678 1056 2720 cum
1079 2656 1178 2722 tertia
1202 2657 1362 2722 matutina
1389 2656 1506 2721 desinit
1518 2680 1527 2732 ;

476 2758 574 2822 verba
592 2765 667 2821 sunt
684 2757 877 2838 περιμένουσι
897 2758 949 2822 τὸυ
967 2758 1136 2840 ἀλέκτορος
1160 2759 1263 2845 magis
1277 2781 1352 2823 vero
1366 2760 1526 2823 crederem

476 2867 626 2943 utsupra
641 2857 718 2934 dixi,
733 2857 895 2922 Romanos
910 2858 981 2924 illos
1000 2861 1138 2924 secunda
1158 2860 1316 2945 gallicinia
1331 2869 1525 2945 expectasse,

476 2960 542 3024 sive
565 2967 713 3044 quartam
734 2959 890 3043 vigiliam
915 2958 1080 3027 Christum
1100 2961 1183 3025 enim
1204 2984 1297 3026 mane
1319 2962 1527 3025 resurrexisse

478 3062 587 3129 Latini
602 3062 760 3127 ferebant.

521 3167 559 3229 P.
577 3182 648 3247 229.
668 3164 689 3226 l.
704 3185 736 3248 5.
756 3167 972 3248 διενοχλῶμεν]
996 3165 1051 3229 Ita
1071 3167 1227 3252 Ood.185.
1243 3166 1364 3249 duoque
1384 3162 1525 3228 Oothlim'·

475 3267 542 3345 oai,
554 3268 610 3331 sed
625 3266 702 3331 odsi
717 3271 895 3349 διοχλῶμεν.
930 3268 1073 3332 Zonaras
1086 3275 1194 3333 autem
1210 3276 1243 3332 et
1257 3267 1416 3332 Amiternus
1430 3265 1525 3349 paulo

475 3374 552 3434 ante
575 3367 796 3432 Balsamonem
819 3368 873 3452 qui
894 3367 1012 3447 floruit,
1033 3372 1207 3451 ἐνοχλῶμεν
1230 3367 1384 3432 invenisse
1406 3366 1438 3429 in
1461 3365 1526 3429 suis

477 3470 638 3536 codicibus
653 3471 811 3535 videntur.

522 3572 604 3637 Ibid.
620 3573 640 3636 l.
658 3591 686 3654 7.
709 3576 739 3636 ul
756 3575 813 3653 μὲν
832 3575 880 3637 καὶ
899 3572 999 3639 πάσας
1018 3572 1228 3652 ὑπερτιθέασιν
1243 3573 1341 3636 ἄσιτοι
1356 3577 1526 3635 διατελοῦυ·

476 3679 598 3743 τες-οὶ
613 3678 645 3740 δὲ
661 3676 812 3760 οὐδεμίαν]
840 3677 1031 3759 Quanquam
1053 3675 1094 3738 de
1110 3673 1249 3758 jejuniis,
1266 3695 1337 3757 quae
1358 3675 1526 3758 uepoposi·

475 3777 567 3840 timess
589 3776 801 3861 appellantur,
820 3777 971 3841 nonnulla
993 3777 1097 3841 obiter
1118 3775 1205 3840 dicta
1226 3786 1302 3839 sunt
1324 3776 1356 3839 in
1378 3778 1526 3841 Annotu·

476 3878 617 3944 tionibus
636 3880 668 3941 in
684 3878 810 3942 conon.
827 3881 932 3943 Lucn.
949 3881 1010 3945 vol.
1027 3880 1073 3944 ll.
1091 3902 1164 3965 pag.
1178 3882 1232 3957 46.
1246 3895 1299 3964 57.
1315 3880 1369 3944 ubi
1384 3902 1457 3966 pag.
1472 3881 1526 3961 48.

476 3987 564 4047 recte
578 3982 625 4046 ait
640 3981 795 4057 Valesius,
810 4004 874 4044 non
893 4005 962 4046 esse
985 4004 1079 4046 orum
1099 4004 1159 4046 ovo
1181 3980 1325 4059 similius,
1340 4004 1435 4067 quum
1451 3991 1526 4046 sunt

476 4083 562 4149 inter
576 4106 610 4148 se
624 4083 739 4148 similia
753 4083 822 4148 loca
838 4084 954 4148 Ircnaei
968 4106 1006 4147 ac
1022 4084 1178 4168 Dionysii,
1193 4086 1275 4149 adeo
1289 4092 1326 4150 ut
1342 4084 1524 4168 Dionysius,

477 4209 549 4251 cum
571 4187 639 4251 haec
661 4186 823 4261 scriberet,
842 4185 956 4248 Irenaei
976 4184 1078 4248 locum
1099 4183 1131 4246 in
1153 4192 1259 4248 mente
1279 4183 1427 4247 habuisse
1441 4183 1525 4246 vide

475 4292 567 4358 utun
592 4287 711 4371 aliquid
733 4294 841 4351 tamen
863 4286 1053 4369 subjungere
1076 4284 1231 4361 convenit,
1248 4294 1315 4349 tam
1338 4285 1377 4348 de
1399 4285 1525 4348 nomine

474 4388 737 4473 superpositionis
753 4388 803 4452 hic
816 4387 953 4472 primum
964 4386 1031 4450 viso
1042 4389 1188 4471 quamde
1199 4410 1233 4451 re
1245 4389 1323 4471 ipsa.
1347 4387 1525 4467 ’Ύπέρθεσις

474 4510 495 4553 a
511 4488 631 4552 Latina
651 4489 782 4554 ecclesia
802 4489 888 4553 dicta
907 4489 1114 4572 superpositio,
1132 4511 1203 4554 cum
1224 4512 1263 4554 ox
1281 4490 1341 4554 hoc
1361 4489 1439 4567 loco,
1456 4498 1524 4554 tum
