3700 5667
432 680 462 739 S.
480 677 717 740 GREGORII
736 678 943 741 NEOCAES.
963 679 1113 742 EPIS'P.
1131 680 1301 743 CANON.
1348 678 1410 745 261

764 852 948 927 ΚΑΝΩΝ
977 855 1023 928 Δ.

424 1008 560 1103 Μηδεὶς
585 1004 797 1111 ἐξαπατάτω
823 1004 960 1095 ἑαυτὸν,
987 1005 1076 1104 μήτε
1105 1011 1153 1090 ὡς
1176 1005 1300 1109 εὑρών·
1334 1010 1413 1087 οὔτε

367 1139 438 1240 γάρ
460 1140 607 1243 εὑρόντα
632 1142 870 1242 κερδαίνεινὲ
905 1176 979 1219 στι.
1013 1144 1106 1247 φῃσῖ
1131 1140 1173 1220 τό
1199 1143 1414 1244 Δευτερονό-

366 1303 458 1371 μιον·
492 1272 621 1372 61’Μή
641 1272 725 1354 ἰδὼν
748 1274 812 1353 τὸν
833 1272 976 1379 μόσχον
992 1284 1057 1354 τοῦ
1075 1278 1236 1381 ἀδελφοῦ
1257 1310 1337 1372 σου,
1356 1279 1414 1356 καὶ

340 1408 408 1490 5τὸ
430 1408 615 1510 πρόβατον
641 1409 877 1503 πλανώμενον
901 1411 939 1487 ἐν
960 1415 1006 1512 τῇ
1030 1412 1112 1516 ὁδῷ,
1132 1412 1288 1512 περιίδῃς
1313 1413 1414 1510 αὐτὰ,

367 1546 585 1649 ἀποστροφῇ
600 1542 844 1647 ἀποστρέψεις
863 1542 954 1621 αὐτὰ
973 1549 1024 1649 τῷ
1040 1547 1188 1650 ἀδελφῷ
1201 1579 1280 1626 σου.
1300 1545 1362 1625 ε’ὰν
1375 1544 1414 1626 δὲ

1170 1678 1259 1710 Mt
1379 1683 1388 1708 2

366 1675 415 1773 μή
441 1676 560 1781 ἐγγίζῃ
586 1680 606 1755 ό
632 1677 789 1781 ἁδελφός
812 1711 881 1755 σου
903 1678 995 1780 πρός
1017 1712 1071 1773 σε,
1091 1684 1180 1778 μηδε
1197 1714 1328 1786 επιστῃ
1346 1714 1409 1760 αν·

367 1809 440 1907 τὸν,
459 1809 625 1916 σονάξεις
648 1811 748 1908 αὐτὰ,
767 1814 824 1889 καὶ
844 1812 945 1890 ἔσται
964 1810 1054 1910 μετά
1072 1821 1151 1908 σοῦ,
1170 1815 1235 1898 ἕως
1253 1813 1300 1894 ἂν
1318 1816 1414 1919 ἐκζη-

367 1943 463 2048 τήσῃ
485 1944 576 2023 atr&
601 1946 621 2022 ὀ
647 1945 806 2052 ἀδελφός
831 1980 911 2042 σου,
932 1952 990 2026 καὶ
1014 1948 1212 2032 ἀποδώσεις
1237 1949 1337 2047 αὐτὰ,
1356 1953 1415 2030 καὶ

324 2081 459 2157 motivo>
486 2077 647 2177 ποιήσεις
671 2077 736 2177 τήν
760 2079 842 2158 όνον
864 2082 981 2175 αὐτοῦ,
1001 2085 1059 2160 καὶ
1077 2083 1169 2160 οὕτω
1194 2081 1355 2181 ποιήσεις
1371 2083 1414 2162 τὸ

368 2213 511 2319 ἱμάτιον,
531 2216 649 2310 αὐτοῦ,
669 2220 726 2294 καὶ
752 2217 844 2295 οὕτω
870 2215 1034 2314 ποιήσεις
1058 2218 1149 2297 κατὰ
1167 2226 1292 2298 πᾶσαν
1310 2221 1410 2299 ἀπώ-

368 2360 468 2426 λειαν
486 2357 549 2427 τοῦ
568 2351 729 2455 ἀδελφοῦ
746 2384 826 2446 σου,
841 2349 913 2429 ὅσα
933 2348 977 2428 ἀν
995 2350 1174 2452 ἀπόληται
1192 2355 1275 2456 παρ’
1296 2356 1414 2451 αὐτοῦ,

369 2488 427 2562 καὶ
452 2487 553 2587 εὕρῃς
580 2484 693 2564 αάτά.’
723 2494 835 2564 ταῦτα
859 2482 901 2562 τὸ
932 2486 1220 2589 Δευτερονόριον.
1249 2490 1286 2567 ἐν
1311 2487 1348 2567 δὲ
1370 2523 1416 2594 τῃ

368 2618 518 2724 Ἐξόδερ,
539 2619 580 2697 οὐ
597 2617 707 2717 μόνον
725 2618 786 2697 ἐὰν
804 2617 850 2696 τὰ
867 2628 931 2698 τοῦ
950 2623 1111 2726 ἀδελφοῦ
1128 2657 1181 2706 τις
1200 2624 1295 2727 εὕρῃ,
1315 2622 1416 2701 ἀλλά

327 2791 334 2827 ι
342 2792 357 2846 5
370 2755 427 2831 καὶ
446 2756 584 2856 ἐχθροῦ,
604 2755 900 2857 “Ἀποστροφῇ,
920 2757 1045 2859 φησὶν,
1064 2757 1307 2861 ἀποστρέψεις
1325 2757 1417 2836 αὐτὰ

370 2893 417 2970 εἰς
440 2885 503 2966 τόν
521 2887 617 2965 οἷκον
635 2896 699 2965 τοῦ
718 2889 837 2989 κυρίου
861 2890 997 2970 αὐτῶν]
1028 2894 1057 2968 εἲ
1084 2890 1121 2969 δὲ
1143 2892 1181 2968 ἐν
1203 2890 1321 2994 εἰρήνῃ
1346 2892 1416 2994 ἀρα

368 3026 609 3124 ῥαθυμοῦντος
634 3026 692 3100 καὶ
720 3030 927 3128 τρυφῶντος
952 3028 1009 3103 καὶ
1030 3032 1102 3104 τῶν
1121 3027 1218 3104 ἰδίων
1236 3028 1412 3123 ἀμελοῦν·
1449 3041 1453 3049 ’

369 3193 428 3241 τος
458 3161 619 3262 ἀδελφοῦ
647 3156 669 3252 ἦ
698 3160 838 3261 ἐχθροῦ,
869 3159 1033 3263 κερδάναι
1061 3163 1123 3239 οὐκ
1152 3161 1281 3267 ἔξεστι,
1309 3158 1415 3268 πόσῳ

503 3472 655 3531 CANON
678 3474 725 3532 lv
917 3445 971 3494 ee;
994 3437 1024 3484 et
1038 3426 1079 3483 sic
1093 3426 1180 3483 facies
1194 3424 1230 3483 de
1244 3426 1308 3502 ejus
1324 3427 1414 3493 esino,

727 3518 733 3530 ·
917 3517 948 3563 et
970 3506 1010 3563 sie
1028 3505 1116 3563 facies
1137 3504 1173 3564 de
1193 3506 1257 3581 ejus
1276 3516 1365 3571 veste,
1385 3517 1416 3566 et

326 3615 361 3653 20
412 3586 509 3643 Nemo
523 3585 661 3660 seipsum
676 3586 804 3652 seducat,
817 3607 866 3645 ne·
917 3585 959 3644 sic
973 3578 1414 3663 faciespostoinnemperditio-

370 3686 427 3744 que
442 3676 577 3742 tanquam
590 3667 750 3724 invenerit:
774 3687 868 3744 neque
918 3686 984 3723 nem
1013 3666 1121 3734 fratris,
1150 3686 1329 3742 quaecunque
1360 3667 1415 3746 ipsi

370 3749 446 3803 enim
463 3747 506 3803 fas
520 3756 564 3803 est
579 3747 604 3803 ei
620 3747 669 3822 qui
686 3747 806 3816 invenit,
822 3747 868 3805 lu.
918 3747 1067 3824 perierint,
1090 3756 1120 3803 et
1144 3756 1179 3803 tu
1203 3766 1237 3804 ea
1261 3747 1415 3807 inveneris.

371 3828 516 3891 crifacere,
529 3826 570 3883 ait
585 3827 865 3885 Deuteronomium:
919 3827 993 3884 Haec
1002 3827 1275 3884 Deuteronomium.
1305 3828 1342 3884 In
1353 3828 1415 3885 Ex.

371 3908 441 3963 Viso
462 3907 561 3963 fratris
579 3907 624 3963 tui
644 3906 746 3973 vitulo,
762 3919 792 3964 et
814 3928 868 3964 ove
917 3906 974 3964 odo
993 3917 1101 3973 autem,
1116 3927 1173 3964 non
1193 3906 1286 3965 solum
1307 3909 1329 3964 ei
1351 3909 1416 3985 quis

324 4004 339 4040 π
343 4001 360 4061 5
371 3997 484 4044 errante
493 3986 523 4042 in
533 3986 588 4051 via,
599 4006 632 4043 ea
641 4007 677 4044 ne
687 3985 865 4065 despexeris:
918 4007 964 4044 res
986 3986 1095 4051 fratris,
1119 3986 1170 4044 sed
1195 3988 1282 4045 etiam
1307 3987 1416 4047 inimici

370 4066 421 4123 sed
449 4086 492 4130 ea,
518 4067 703 4125 restitutione
731 4068 868 4125 restitues
919 4067 1078 4136 invenerit3
1100 4067 1297 4132 restitutione,
1309 4067 1414 4142 inquit.

370 4146 452 4203 fratri
475 4156 536 4203 tuo.
579 4146 631 4204 sin
655 4158 752 4203 autem
777 4148 867 4204 frater
916 4147 1054 4206 restitues
1081 4146 1143 4224 ipsa
1173 4146 1272 4204 domui
1305 4146 1414 4204 domini

370 4238 440 4282 tuus
454 4225 490 4283 ad
501 4236 531 4283 te
543 4246 600 4283 non
612 4227 804 4304 approximet,
816 4246 866 4284 ne·
918 4227 1055 4304 ipsorum.
1099 4225 1130 4283 Si
1151 4237 1248 4283 autem
1263 4227 1299 4284 ab
1317 4245 1352 4283 eo
1365 4226 1416 4301 qui

369 4325 426 4381 que
445 4306 540 4382 ipsum
560 4307 674 4363 noveris
685 4328 694 4375 ς
716 4327 801 4383 coges
823 4307 866 4384 ip·
918 4307 948 4362 in
965 4326 1043 4381 pace,
1059 4305 1132 4363 etin
1153 4305 1216 4362 ocio
1235 4305 1358 4363 delicate
1373 4306 1415 4362 vi·

322 4403 444 4457 3osum,
468 4397 498 4443 et
521 4386 576 4442 erit
600 4397 695 4443 tecum
719 4385 811 4445 donee
834 4406 868 4444 ea
918 4398 977 4444 tam
993 4386 1137 4463 transigit,
1150 4384 1196 4442 vel
1210 4384 1296 4443 etiam
1312 4385 1349 4443 ab
1363 4385 1417 4442 ini·

370 4465 459 4523 frater
471 4478 540 4522 tuus
554 4466 710 4541 quaesierit.
723 4478 753 4524 et
765 4465 868 4523 reddes
918 4466 994 4523 mico
1009 4485 1066 4521 non
1082 4465 1149 4522 licet
1161 4464 1284 4533 lucrari3
1306 4476 1416 4541 quanto

469 4653 569 4701 bDeut
584 4654 643 4701 xxii.
659 4668 678 4711 1,
693 4667 716 4709 τ,
730 4668 751 4714 ³·
1101 4653 1113 4699 f
1125 4652 1201 4700 Exod.
1214 4651 1281 4699 xxiii.
1294 4665 1317 4709 4.
