3700 5667
450 635 514 698 258
745 637 993 714 RELIQUIAE
1020 639 1197 702 SACRAE.

450 805 529 885 ἐστι
546 811 592 908 τῇ
610 808 738 886 νεανίδι
756 806 950 911 ἁμάρτημα
969 807 1136 888 θανάτου·
1167 809 1221 889 ἵντι
1236 815 1284 894 ὡς
1303 811 1385 897 είτις
1409 816 1500 892 ἀνα·

450 945 525 1043 στῇ
542 940 729 1043 ἅνθρωπος
747 945 805 1023 ἐπὶ
822 942 886 1023 τὸν
904 943 1065 1044 πλήσιον
1083 947 1202 1042 αὐτοῦ,
1222 950 1279 1025 καὶ
1299 948 1504 1026 θανατώσει

449 1075 557 1153 αὑτοῦ
576 1072 642 1174 τὴν
659 1074 794 1181 ψυχὴν,
813 1081 905 1158 οὕτω
923 1077 966 1158 τὸ
984 1087 1136 1183 πρᾶγμα
1157 1089 1275 1161 τοῦτο·
1306 1080 1461 1182 ἐβόησεν
1480 1083 1505 1181 ἡ

451 1213 574 1307 νεανῖς,
603 1214 661 1290 καὶ
688 1215 708 1291 ὁ
735 1221 880 1314 βοηθῶν
908 1218 970 1295 οὐκ
997 1215 1042 1315 ἦν
1070 1218 1184 1321 αὑτῇ]
1231 1222 1356 1296 Ταῦτα
1382 1218 1504 1316 μέντοι

450 1354 606 1425 τοιαῦτα.
1512 1393 1530 1451 5

844 1577 1030 1651 ΚΑΝΩΝ
1060 1578 1106 1652 Β.

508 1750 617 1852 Δεινὴ
643 1751 680 1832 δέ
704 1754 727 1852 ἦ
751 1754 956 1860 πλεονεξία·
988 1758 1046 1834 καὶ
1063 1755 1128 1833 οὐκ
1146 1754 1224 1833 ἐστι
1243 1755 1285 1833 δι’
1305 1756 1503 1853 ἐπιπολῆς

450 1891 532 1983 μιᾶς
564 1889 791 1990 παραθέσθαι
822 1886 868 1968 τὰ
898 1896 975 1970 θεῖα
1004 1887 1209 1992 γράμματα,
1237 1891 1275 1967 ἐν
1304 1886 1356 1974 οἷς
1387 1890 1429 1967 οὐ
1459 1887 1503 1967 τὸ

452 2020 620 2119 λῃστεύει
640 2020 771 2121 νμόνον
790 2022 943 2132 φευκτὸν
965 2028 1023 2103 καὶ
1049 2029 1224 2130 φρικῶδες
1249 2022 1499 2123 καταγγέλλε-

451 2189 520 2252 ται,
554 2156 653 2236 dun&
685 2155 844 2238 καθόλου
875 2157 917 2238 τὸ
954 2166 1181 2239 πλεονεκτεῖν
1215 2160 1274 2236 καὶ
1306 2158 1501 2259 ἀλλοτρίου
1515 2199 1552 2240 ιο

452 2287 677 2394 ἐφάπτεσθαι
705 2294 763 2370 ἐπὶ
790 2294 1070 2397 αἰσχροκερδείᾳ.
1111 2297 1170 2372 καὶ
1195 2300 1267 2376 πᾶς
1295 2294 1315 2371 ὁ
1342 2300 1502 2374 τοιοῦτος

451 2417 661 2520 ἐκκήρνκτος
674 2422 866 2520 ἐκκλησίας
885 2427 990 2502 Θεοῦ.
1018 2420 1060 2500 τὸ
1076 2420 1113 2501 δέ
1128 2425 1166 2500 ἐν
1179 2429 1289 2529 καιρῷ
1306 2427 1370 2522 τῆς
1384 2457 1494 2502 κατα·

453 2555 586 2654 δρομῆς
619 2555 657 2632 ἐν
688 2553 848 2659 τοσαύτῃ
879 2561 1017 2660 οίραογῇ
1048 2559 1107 2636 καὶ
1140 2557 1326 2641 τοσούτοις
1358 2556 1499 2660 θρήνοις

451 2689 639 2786 τολμῆσαί
662 2722 760 2775 τινας
787 2690 851 2769 τὸν
878 2690 1002 2794 καιρὸν
1028 2689 1092 2770 τὸν
1118 2698 1232 2771 πᾶσιν
1260 2692 1411 2794 ὄλεθρον
1437 2691 1500 2799 φί-

451 2856 572 2924 ροντα,
597 2824 741 2920 νομίσαι
763 2825 898 2908 ἑαυτοῖς
924 2825 1067 2927 κε’ρδονς
1092 2825 1214 2927 καιρὸν
1239 2823 1337 2923 εἶναι,
1363 2828 1501 2929 ἀνθρῶ-
1514 2851 1550 2910 15

452 2990 532 3035 πων
564 2958 663 3034 ἐστὶν
695 2958 841 3051 ἀσεβῶν
868 2961 928 3036 καὶ
958 2963 1175 3057 θεοστνγῶν,
1203 2960 1260 3034 καὶ
1295 2957 1501 3058 ὑπερβολὴν

453 3091 601 3173 ἀτοπίας
626 3086 792 3194 ἐχόντων.
821 3089 903 3171 ὅθεν
928 3090 1028 3198 ἔδοξε
1054 3089 1135 3175 τοὺς
1158 3088 1336 3171 τοιούτους
1363 3089 1501 3174 πάντας

452 3387 513 3447 tis:
549 3388 626 3466 quin,
655 3388 896 3467 quemadmodum
925 3389 950 3448 si
1001 3390 1182 3467 rendumque
1216 3388 1413 3469 predicatum
1449 3387 1499 3445 sed

453 3469 519 3546 quis
533 3468 619 3527 homo
634 3469 771 3529 adversus
785 3470 950 3546 proximum
1000 3471 1084 3551 plura
1112 3471 1200 3529 etium
1227 3470 1439 3546 concupiscere.
1469 3479 1499 3527 et

453 3569 538 3607 suum
553 3549 752 3617 insurrexerit,
766 3562 797 3609 et
810 3550 901 3629 ipsius
919 3571 950 3609 a·
1000 3550 1094 3610 alienu
1124 3562 1243 3631 propter
1270 3561 1357 3627 turpe
1385 3547 1498 3607 lucrum
1512 3562 1551 3601 νο

454 3628 561 3685 nimam
597 3640 690 3687 morte
721 3630 873 3699 effecerit3
909 3631 950 3688 uic
1000 3633 1167 3708 attingere:
1203 3642 1232 3688 et
1260 3629 1427 3706 quicunque
1454 3640 1499 3686 est

453 3708 527 3765 hanc
537 3727 597 3765 rem
613 3707 827 3767 adolescentula
837 3707 949 3787 procla·
1001 3709 1154 3786 ejusmodi,
1176 3710 1201 3768 is
1223 3719 1267 3768 est
1289 3729 1306 3765 a
1328 3708 1386 3766 Dei
1408 3709 1499 3768 eccle-

452 3787 552 3851 mavit‚
567 3796 597 3844 et
612 3807 669 3844 non
684 3798 746 3846 erat
759 3788 809 3864 qui
824 3789 850 3845 ei
865 3808 949 3864 opem
1001 3789 1043 3847 uia
1057 3788 1215 3847 abdicatus.
1251 3789 1287 3846 In
1302 3798 1433 3867 tempore
1447 3810 1499 3847 au-

454 3866 553 3924 ferret.
597 3865 670 3924 Hoec
683 3867 800 3942 quidem
817 3877 895 3925 certe
909 3868 951 3925 itu
1001 3879 1060 3926 tem
1082 3868 1263 3935 incursionis,
1281 3870 1310 3926 in
1331 3880 1414 3927 tanto
1436 3869 1499 3928 luc-

453 3965 484 4003 se
498 3946 614 4004 habent.
1001 3956 1035 4005 tu
1049 3948 1196 4024 tantisque
1213 3948 1338 4015 fletibus,
1353 3970 1438 4008 ausus
1454 3971 1500 4008 es·
1512 3973 1548 4030 25

1001 4047 1032 4086 se
1052 4026 1173 4104 aliquos,
1192 4040 1317 4106 tempus,
1336 4029 1414 4106 quod
1435 4051 1498 4087 om·

596 4139 749 4199 CANON
771 4141 813 4198 Π.
1001 4108 1087 4167 nibus
1118 4109 1240 4167 exitium
1273 4110 1420 4179 afferebat,
1448 4130 1499 4168 ex·

1002 4188 1130 4247 iutimare
1158 4210 1221 4248 esse
1248 4191 1302 4248 sibi
1327 4191 1399 4248 lucri
1426 4203 1499 4249 tem·

495 4271 600 4331 Gravis
623 4292 669 4330 reu
697 4281 741 4329 est
764 4270 894 4338 avaritia,
919 4282 950 4329 et
1001 4289 1074 4347 pus;
1097 4280 1141 4328 cst
1162 4269 1312 4327 hominum
1332 4271 1498 4348 impiorum,

454 4353 537 4432 plura
564 4350 688 4410 habendi
718 4350 870 4430 cupiditas,
897 4371 951 4410 nec
1000 4360 1031 4408 et
1052 4351 1115 4408 Deo
1135 4351 1304 4415 invisorum,
1325 4362 1355 4409 et
1376 4370 1498 4426 quorum
1510 4374 1549 4430 30

454 4443 576 4510 possunt
601 4451 659 4489 una
682 4430 804 4510 epistola
827 4432 950 4510 proponi
1001 4429 1180 4508 improbitati
1196 4430 1269 4488 nihil
1286 4442 1382 4509 potest
1402 4430 1497 4508 adjici.

456 4511 623 4588 Scriptum,
644 4511 674 4568 in
697 4511 803 4587 quibus
825 4531 882 4568 non
904 4532 951 4570 co-
1002 4510 1089 4568 Unde
1116 4511 1158 4570 eis
1185 4511 1319 4569 omnibus
1346 4510 1498 4587 ejusmodi,

456 4589 516 4648 lum
542 4590 663 4668 praeduri
687 4591 858 4668 fugiendum
883 4593 951 4649 hor.
1001 4591 1174 4649 interdicere
1195 4591 1288 4649 visum
1313 4602 1367 4657 est,
1392 4611 1500 4667 eosque
