3700 5667
516 680 581 741 480
845 674 1222 738 ANNOTATIONES

516 847 650 924 totiens,
667 845 796 931 perinde
818 854 916 931 atque
938 847 993 910 elii
1013 852 1137 909 veteres
1159 850 1353 909 tractatores
1375 850 1411 905 et
1435 840 1584 905 chrono-

514 949 588 1034 logi,
614 949 667 1012 vix
693 969 798 1030 operae
828 947 967 1032 pretium
992 955 1054 1023 est,
1081 955 1118 1011 ut
1143 946 1215 1031 quis
1243 945 1404 1009 ostendat.
1455 943 1585 1009 Confer

515 1051 661 1116 Africani
680 1052 789 1115 Claros.
804 1051 864 1115 νοΙ.
880 1050 912 1114 ii.
934 1072 964 1133 p.
983 1052 1056 1134 238.
1101 1048 1203 1113 Paulo
1225 1058 1299 1131 post
1321 1047 1354 1110 in
1374 1045 1472 1111 Gavii
1496 1069 1580 1132 apo

513 1153 638 1241 grapho
652 1152 792 1237 positum
806 1160 856 1217 est
868 1153 1028 1217 mundasse
1042 1174 1100 1237 pro
1114 1150 1287 1215 inundasse.

559 1255 597 1318 P.
612 1257 687 1334 460.
704 1254 725 1318 l.
747 1270 793 1338 15.
816 1276 854 1318 ea
876 1254 928 1317 die
948 1254 979 1316 in
999 1275 1095 1317 carne
1117 1275 1186 1316 esse
1205 1271 1400 1322 conversum,
1417 1271 1487 1336 qua
1505 1259 1577 1314 ter-

514 1378 583 1421 ram
599 1362 632 1420 et
647 1377 764 1439 aquam
779 1355 855 1419 fecit
871 1356 941 1439 tte]
957 1355 1030 1418 Non
1049 1354 1214 1418 conveniet
1229 1354 1289 1417 hoc
1304 1374 1376 1417 curu
1390 1351 1448 1415 illo
1464 1352 1498 1415 in
1513 1351 1574 1415 lin.

518 1479 567 1542 13.
583 1480 619 1522 οο
634 1458 684 1521 dic
697 1460 732 1521 in
746 1480 837 1521 οοννιο
851 1479 908 1522 esse
922 1479 1107 1533 οοιιοονιτινι,
1121 1478 1182 1542 quc
1196 1456 1248 1520 die
1261 1455 1407 1519 homiaem
1423 1454 1463 1518 dc
1477 1454 1574 1518 humo

513 1561 671 1636 iustrusit,
687 1560 771 1645 quod
791 1561 912 1625 factum
931 1583 1000 1624 esse
1020 1560 1201 1624 ostenditur
1215 1558 1247 1621 in
1265 1557 1347 1621 libro
1368 1558 1494 1622 Genesis
1515 1556 1572 1622 die

514 1671 616 1740 sexto,
639 1663 715 1726 dum
737 1671 879 1727 terrast
900 1684 985 1748 aqua
1007 1661 1058 1726 die
1080 1661 1177 1726 tertio
1198 1660 1383 1746 apparuisse
1400 1659 1571 1725 dicuntur.

515 1767 597 1828 Haec
611 1764 695 1828 inter
710 1763 827 1828 Christi
844 1764 1021 1828 incarnatio
1036 1762 1213 1848 respicitur.
1260 1761 1310 1826 Ut
1324 1762 1463 1825 sortasse
1475 1762 1569 1826 aliud

513 1867 589 1952 quid
607 1867 654 1931 vel
676 1867 737 1940 hic,
754 1868 803 1932 vel
824 1868 887 1932 illic
909 1868 1072 1954 scripsisse
1093 1875 1206 1932 auctor
1225 1867 1382 1931 videatur.
1426 1866 1516 1946 Quid
1540 1866 1569 1929 si

511 1978 716 2034 οοιιοονιαίιινι
731 1991 790 2054 pro
805 1992 977 2034 οοιιοονςιιηι
990 1971 1035 2033 ibi
1050 1971 1244 2055 reponatur!

556 2071 640 2134 Ibid.
655 2071 674 2134 l.
698 2072 746 2134 18.
762 2093 826 2155 qua
840 2079 976 2136 terrast
991 2094 1075 2155 aqua
1090 2072 1187 2135 foetus
1201 2091 1275 2134 suos
1289 2067 1472 2152 ediderunt]
1490 2068 1569 2132 Hoc

512 2172 632 2236 factum
652 2172 704 2235 die
724 2173 836 2256 quinto
858 2196 879 2237 α
895 2173 1063 2237 Victorino
1082 2172 1200 2236 dieitur
1220 2193 1292 2257 pag.
1306 2190 1381 2255 457.
1396 2169 1416 2233 1.
1439 2190 1465 2235 ι.
1513 2173 1568 2234 At

512 2297 586 2338 vero
611 2274 761 2338 animalia
785 2275 914 2359 propria
944 2276 1004 2338 sibi
1031 2274 1167 2338 edidisse
1191 2295 1284 2358 aquae
1308 2273 1484 2338 traduntur
1511 2273 1568 2336 die

512 2377 633 2461 quinto,
650 2388 738 2442 terra
752 2385 861 2442 autem
876 2378 928 2442 die
943 2384 1045 2442 sexto.

558 2477 642 2541 Ibid.
668 2477 688 2541 l.
716 2497 767 2542 αι.
799 2501 838 2544 ea
864 2480 915 2543 die
944 2502 1013 2544 esse
1042 2499 1181 2562 passum,
1208 2499 1272 2562 qua
1297 2477 1405 2540 Adam
1431 2475 1566 2561 cecidit]

513 2579 653 2664 Lapsuur
668 2602 736 2645 esse
753 2583 861 2644 Adam
878 2603 916 2645 eo
931 2580 1000 2665 ipso
1015 2581 1077 2656 die,
1093 2602 1156 2665 quo
1170 2579 1258 2644 illum
1273 2578 1444 2643 creavisset
1460 2577 1565 2651 Deus,

511 2703 621 2744 omnes
635 2681 700 2745 scre
716 2689 874 2747 statuunt.

555 2784 637 2848 Ibid.
654 2784 674 2848 l.
692 2802 742 2867 27.
758 2787 900 2870 occasus]
917 2786 967 2849 De
981 2794 1084 2850 morte
1099 2807 1160 2850 vox
1175 2785 1334 2850 interdum
1348 2785 1533 2849 adhibetur.

556 2886 636 2949 Ibid.
660 2885 680 2948 l.
705 2905 754 2971 29.
778 2909 832 2950 cas
855 2909 925 2951 esse
948 2888 1022 2970 scit]
1052 2888 1129 2951 For.
1152 2888 1361 2960 scribendum,
1384 2875 1412 2951 et
1435 2888 1562 2951 messit.

512 2986 586 3050 Vox
607 2987 690 3050 enim
709 2989 823 3052 secant
845 2990 916 3053 Vet.
934 2989 1051 3054 Latino
1073 2990 1246 3075 interpreti
1266 2990 1411 3054 solennis.
1459 2988 1564 3054 Verbi

513 3109 618 3167 causa
633 3090 709 3152 Οαοι
722 3100 821 3154 aetna
835 3091 969 3155 auderet
981 3093 1082 3170 decus,
1093 3092 1174 3177 quod
1185 3093 1318 3157 Jocnacs
1331 3090 1466 3155 traditis
1479 3102 1564 3167 σοιτί,

511 3191 640 3256 secessit
651 3194 873 3276 (ἀνεχώρησεν)
886 3195 920 3258 in
935 3195 1107 3259 Galiloeam.
1121 3195 1206 3259 Mat.
1217 3195 1256 3259 iv.
1272 3214 1320 3259 ra.
1343 3194 1406 3257 Sed
1417 3193 1460 3257 ad
1471 3193 1563 3258 Gavii

511 3295 686 3380 marginem
705 3296 872 3382 legendum
895 3320 964 3361 esse
986 3296 1153 3381 conjicitur
1174 3297 1274 3381 apricas
1293 3319 1351 3382 pro
1370 3317 1431 3360 ces.
1478 3295 1562 3359 Mox

510 3398 643 3462 cervical
656 3398 823 3484 legendum
838 3407 917 3483 puto
933 3422 990 3484 pro
1006 3399 1191 3475 οονοίοαίονι,
1206 3399 1320 3462 deinde
1335 3398 1491 3482 prosrota
1506 3408 1564 3463 cut

502 3499 641 3584 procella
649 3500 780 3586 pedibus
794 3500 977 3586 iaqreditur,
994 3501 1209 3584 reponendum
1224 3522 1293 3564 esse
1299 3501 1387 3583 fruta
1401 3508 1476 3563 orta
1487 3522 1563 3582 pro

510 3599 586 3664 cella
597 3622 632 3684 p.
647 3601 671 3663 ι’.

553 3700 635 3763 Ibid.
652 3700 672 3764 l.
687 3720 740 3784 33.
764 3722 865 3765 caecos
887 3701 1068 3785 eloquentia
1090 3700 1241 3784 instituit]
1264 3700 1462 3785 οίοριιοιιίὶαοι
1486 3701 1562 3766 MS.

510 3807 543 3864 et
563 3800 659 3863 clodos
678 3801 809 3884 antique
826 3824 885 3885 pro
900 3803 1032 3866 chades.
1078 3802 1267 3887 Repositum
1281 3812 1331 3867 est
1344 3802 1512 3886 eloquentia
1529 3803 1563 3867 in

510 3899 598 3964 Gavii
621 3899 827 3984 Apographo.
875 3904 941 3966 Pro
964 3904 1038 3978 isto,
1053 3924 1143 3966 cecos
1163 3902 1329 3986 αίοραοιιίία
1350 3902 1496 3975 institut,
1514 3925 1563 3967 re·

510 4021 627 4086 ponere
638 4001 689 4066 hic
701 4002 802 4075 velim,
814 4025 902 4068 coecos
916 4004 1162 4076 illuminat—et
1173 4012 1279 4068 mutos
1292 4003 1460 4088 sequeutia
1473 4006 1565 4069 incri-

509 4104 578 4168 ruit.
616 4103 732 4168 Melite
752 4104 920 4170 Sardensis
939 4106 972 4169 in
986 4106 1166 4189 fragmento
1181 4104 1275 4168 Ινίὂνί
1290 4105 1326 4169 dc
1341 4107 1566 4172 [esurrectione

512 4205 625 4269 Clausa
647 4206 694 4269 ita
717 4206 847 4278 scribit;
873 4207 955 4272 Θεὸς
976 4210 1033 4288 γὰρ
1056 4206 1099 4268 ὢν
1121 4209 1195 4284 ὁμοῦ
1217 4232 1249 4269 τε
1270 4207 1318 4269 καί
1337 4208 1492 4286 ἅνθρωπος
1512 4210 1563 4272 τέ-

509 4314 590 4373 λειος
609 4310 626 4369 ὁ
646 4309 742 4382 αὐτὸς,
758 4313 811 4376 τὰς
825 4311 876 4374 δύο
892 4311 982 4373 αὐτοῦ
999 4311 1103 4374 οὐσίας
1123 4311 1311 4373 ἐπιστώσατο
1328 4311 1406 4388 ἡμῖν·
1428 4310 1484 4389 τὴν
1503 4317 1565 4390 μὲν

510 4407 649 4484 Θεότητα
667 4408 757 4471 αὐτοῦ
776 4413 825 4474 διὰ
842 4415 902 4474 τῶν
917 4411 1047 4490 σημείων
1063 4410 1147 4494 ἐντῇ
1165 4412 1275 4494 τριετίᾳ
1289 4411 1324 4488 τῇ
1338 4412 1412 4488 μετὰ
1427 4411 1462 4472 τὸ
1477 4413 1564 4488 βάπ-

509 4530 611 4584 τισμα,
630 4508 684 4586 τὴν
706 4509 737 4570 δὲ
760 4511 972 4590 ἀνθρωπότητα
995 4510 1094 4585 αὐτοῦ,
1119 4511 1153 4573 ἐν
1175 4516 1237 4577 τοῖς
1260 4510 1417 4591 τριάκοντα
1438 4513 1567 4593 χρόνοις

509 4610 569 4672 τοῖς
581 4605 639 4686 πρὸ
651 4611 704 4670 τοῦ
715 4610 932 4689 βαπτίσματος.
959 4611 1063 4696 Supra
1074 4608 1107 4673 in
1118 4612 1176 4676 vol.
1192 4611 1217 4675 l.
1230 4611 1329 4696 reliq.
1342 4613 1428 4674 ὅσον.
1442 4634 1474 4695 p.
1490 4634 1500 4675 r
1512 4633 1566 4680 21.
