3700 5667
506 668 570 732 :386
839 664 1215 727 ANNOTA'I'IONES

506 838 586 905 satis
606 839 736 912 iudicat,
755 857 867 919 nempe
887 835 1014 898 unicum
1035 835 1078 897 ab
1100 834 1232 897 eeclesia
1253 833 1338 896 credi
1359 853 1464 895 rerum
1484 853 1553 893 om-

506 940 593 1003 nium
616 936 816 1020 principium.
862 936 928 999 Nec
952 936 994 998 ab
1018 935 1077 998 hac
1101 933 1259 998 sententia
1282 933 1442 1016 discrepat
1466 932 1553 1016 quod

506 1040 720 1104 Tertullianus
735 1043 848 1100 contra
861 1039 1020 1100 l‘raxeam
1036 1059 1062 1099 e.
1075 1057 1105 1119 3.
1122 1036 1218 1099 dicit:
1239 1032 1455 1098 Monarchiam
1469 1033 1555 1097 nihil

505 1142 596 1207 alind
616 1140 785 1225 sipirificure
807 1139 877 1211 ecio,
898 1160 988 1222 quum
1012 1138 1165 1222 sinpnlnre
1186 1147 1213 1200 et
1235 1138 1357 1199 nilion-in
1379 1137 1550 1221 inmensam.

508 1245 586 1307 Ideo
606 1242 689 1305 enim
709 1240 835 1303 unicum
855 1247 905 1301 est
926 1238 1101 1322 imperium,
1118 1239 1192 1322 quia
1213 1238 1399 1323 principium
1419 1247 1468 1302 est
1483 1237 1552 1300 uni-

505 1366 586 1407 cum.
632 1343 816 1406 Notandum
838 1363 912 1403 vero
939 1341 1097 1424 quomodo
1121 1339 1335 1402 Tertullianus
1358 1338 1551 1402 monarchiae

504 1443 761 1528 praedicationem
792 1463 863 1504 cum
890 1441 1058 1504 Trinitatis
1084 1440 1146 1503 fide
1172 1439 1318 1502 conciliet
1342 1448 1440 1524 atque
1467 1460 1552 1501 com-

504 1551 612 1628 ponat.
658 1543 879 1627 Exprobrarat
904 1542 946 1604 illi
975 1544 1125 1613 Praxeas,
1150 1541 1235 1624 quod
1260 1541 1472 1603 monarchiam
1496 1540 1551 1602 de·

504 1653 653 1709 strueret.
692 1644 749 1707 cui
773 1644 835 1719 ille,
856 1645 916 1721 Qui
930 1643 1047 1724 sili-nm,
1067 1642 1178 1726 inquit,
1198 1664 1255 1704 non
1278 1642 1404 1704 (iliande
1425 1642 1550 1715 deduco,

503 1746 557 1808 sed
568 1746 605 1808 dr-
619 1767 801 1807 strueremus
819 1743 945 1817 Parme,
961 1743 1041 1805 nn'ltil
1053 1744 1221 1825 facientem
1239 1744 1302 1805 sine
1318 1744 1428 1805 Patris
1443 1743 1549 1805 colnei-

504 1858 577 1921 ίαίε,
601 1867 712 1909 cirenem
737 1868 758 1907 n
781 1848 880 1907 Patre
904 1854 1085 1906 cornecntnm
1109 1853 1291 1926 potestaten,
1316 1844 1457 1928 qeumodo
1483 1865 1552 1927 pos-

504 1970 571 2011 sum
590 1947 627 2011 dc
638 1947 704 2029 side
722 1946 873 2009 destrucre
893 1944 1109 2017 interturria-inm,
1125 1968 1216 2028 punin-
1233 1968 1253 2008 u
1273 1948 1370 2008 Putre
1385 1946 1470 2008 Filio
1484 1956 1550 2009 tra-

503 2048 651 2111 ditantia
666 2046 752 2108 Filio
766 2048 874 2107 ser-ro?
921 2046 991 2107 Hoc
1011 2046 1086 2107 cnidi
1103 2054 1130 2107 et
1148 2046 1182 2107 in
1200 2046 1320 2108 tertium
1336 2045 1469 2129 produ-ns
1484 2045 1550 2107 dic-

504 2160 568 2212 tnm
583 2149 631 2225 sit,
647 2148 722 2232 qnia
742 2146 896 2231 spiritum
912 2167 972 2208 non
989 2146 1115 2208 aliunde
1127 2156 1216 2232 pedo,
1232 2168 1324 2230 quarn
1343 2169 1363 2208 u
1379 2148 1477 2208 Patre
1489 2167 1550 2229 per

504 2251 635 2315 Filium.
667 2248 745 2311 l'ide
762 2269 829 2331 erpo
844 2269 880 2309 nc
895 2256 928 2310 tn
942 2247 1046 2329 podien
1066 2247 1270 2309 alienaret-iarn
1286 2246 1431 2310 dutinus.
1476 2250 1550 2324 Quo

503 2375 543 2416 cx
563 2352 632 2415 loco
652 2349 851 2435 perspicuum
872 2356 931 2424 est,
950 2356 983 2412 ct
1002 2348 1233 2412 Tertullianum
1254 2356 1288 2412 et
1309 2349 1465 2412 Praxeam
1488 2350 1548 2413 sibi

503 2460 615 2517 mutuo
634 2451 820 2535 objectussc,
837 2451 922 2534 quod
944 2449 1158 2512 monarchiam
1178 2450 1397 2520 destruerent;
1423 2451 1549 2536 utrique

503 2576 577 2617 vero
600 2553 695 2615 fuisse
717 2573 914 2636 persuasum,
936 2552 1030 2614 tidem
1052 2551 1093 2613 ub
1116 2572 1153 2614 eo
1176 2551 1319 2615 funditus
1341 2553 1473 2630 destrui,
1494 2554 1547 2638 qui

504 2656 719 2720 monarchiam
742 2656 929 2719 destrueret.
978 2654 1082 2717 Valde
1101 2653 1199 2738 igitur
1218 2654 1431 2718 hallucinatur
1450 2677 1547 2740 nupe-

503 2780 557 2821 rus
572 2759 716 2841 scripton
734 2758 841 2840 quiex
857 2758 939 2820 male
954 2757 1113 2820 intellecto
1128 2756 1199 2818 libri
1216 2764 1328 2819 eontra
1344 2756 1440 2820 Prax.
1455 2780 1481 2820 c.
1498 2779 1548 2822 10.

502 2860 582 2935 loco,
591 2860 624 2921 in
637 2882 699 2942 quo
712 2862 855 2922 Praxeas
869 2860 999 2943 ejusque
1014 2859 1140 2922 asseclae
1156 2860 1314 2922 cernimini
1329 2859 1549 2925 Monarchiani

503 2970 735 3043 nuncupantur,
751 2960 942 3021 monarchiae
960 2967 1135 3022 assertores
1153 2983 1215 3023 non
1231 2970 1431 3044 accusatque
1446 2962 1545 3026 heere-

502 3061 583 3123 ticos
608 3061 780 3135 habendos,
806 3068 839 3123 et
865 3060 912 3123 ita
938 3084 958 3124 a
985 3062 1185 3125 Tertulliano
1216 3062 1344 3125 habitos
1373 3085 1442 3126 esse
1471 3083 1547 3125 con·

502 3162 614 3225 tendit.
661 3162 773 3244 Neque
788 3183 862 3224 vero
878 3161 928 3224 ille
947 3162 991 3225 eis
1010 3162 1086 3225 vitio
1104 3163 1211 3237 vertit,
1228 3165 1312 3246 quod
1332 3163 1547 3228 monarchiam

501 3274 611 3328 tenere
637 3287 670 3327 se
697 3264 919 3348 profiteantur,
945 3265 1000 3327 sed
1028 3265 1112 3346 quod
1139 3265 1266 3348 abjecta
1292 3267 1360 3350 ejus
1384 3288 1459 3329 vera
1483 3266 1546 3328 lide

501 3366 586 3429 illam
602 3366 762 3429 vanissime
777 3364 1009 3450 profiteantur;
1034 3388 1071 3427 eo
1087 3368 1152 3428 fere
1168 3367 1340 3452 modoque
1356 3367 1425 3451 quis
1441 3367 1546 3432 Chris-

501 3468 623 3531 tianum
641 3466 700 3530 sibi
717 3490 831 3531 nomen
847 3476 1046 3552 arrogantes,
1061 3477 1158 3551 atque
1173 3468 1308 3532 alienam
1322 3491 1343 3532 a
1358 3470 1547 3534 Christianis

500 3570 641 3631 moribus
660 3569 776 3632 aclide
796 3571 946 3633 ducentes
961 3571 1069 3643 vitam,
1085 3578 1171 3633 reete
1189 3570 1285 3633 falsos
1307 3593 1344 3635 ac
1361 3572 1546 3636 vanissimos

500 3670 698 3732 Christianos
722 3670 908 3753 appellaret,
933 3693 1035 3754 neque
1060 3678 1168 3733 tamen
1194 3672 1408 3735 Christianum
1432 3695 1545 3737 nomen

500 3767 628 3851 culpare
648 3777 704 3831 aut
720 3790 867 3853 respuere
887 3779 1078 3834 censeretur.
1124 3770 1175 3835 Sic
1191 3794 1247 3835 nee
1265 3774 1443 3857 Prophetas
1457 3774 1545 3837 dam-

500 3876 567 3940 nat,
592 3867 646 3949 qui
672 3867 769 3930 falsos
797 3870 976 3952 Prophetas
1002 3871 1171 3955 vituperat.
1223 3872 1285 3935 Sed
1312 3873 1352 3935 de
1378 3873 1427 3936 hie
1456 3875 1545 3937 satis.

500 3965 597 4029 Certo
620 3966 774 4051 Dionysio
796 3978 905 4033 nostro
929 3974 1104 4035 monarchia
1125 3983 1165 4036 eet
1186 3974 1396 4058 nnpnnieu'mn
1418 3975 1547 4039 ecchcioe

503 4069 562 4132 Dei
569 4070 765 4153 praedicatio.
802 4070 825 4133 J
828 4071 925 4135 ustini
942 4075 1091 4158 martyris
1106 4084 1213 4138 exstat
1228 4075 1306 4138 liber
1321 4076 1357 4138 dc
1371 4078 1546 4141 monarchia

504 4172 562 4234 Dei
576 4171 618 4234 ab
635 4171 775 4234 Eusebio
791 4180 824 4236 et
841 4173 1037 4258 Hieronymo
1052 4175 1211 4239 laudatus.
1252 4177 1390 4241 lreneeus
1410 4199 1545 4260 quoque,

499 4274 610 4335 eodem
630 4274 768 4337 Eusebio
787 4282 870 4338 teste
889 4274 944 4337 lib.
961 4298 989 4337 v.
1005 4276 1078 4339 hist.
1095 4298 1121 4339 c.
1140 4295 1189 4338 20.
1205 4278 1370 4361 epistolam
1386 4280 1427 4342 ad
1446 4279 1546 4342 Flori-

499 4393 575 4434 num
607 4373 646 4435 de
677 4375 851 4437 namarchia
886 4375 1096 4459 inscripserat.
1157 4379 1316 4441 Tatianus
1346 4380 1401 4441 Ort
1433 4387 1546 4443 eontra

497 4479 610 4554 gentes
632 4473 716 4536 inter
729 4475 839 4545 multa,
857 4476 971 4558 quibus
993 4478 1052 4539 sibi
1075 4479 1274 4562 exploratam
1297 4480 1473 4544 divinarum
1494 4481 1544 4545 lit·

499 4580 639 4637 terarum
666 4573 833 4637 veritatem
862 4582 960 4659 atquc
989 4578 1204 4643 indubitatam
1231 4582 1336 4656 docet,
1362 4583 1421 4645 hoc
1447 4582 1543 4647 etiarn
