3700 5667
567 668 620 733 IN
646 670 877 735 CONClLlA
902 673 1148 737 CARTHAG.
1310 675 1371 739 201

324 834 520 901 rationalius·
540 836 668 915 collecta
691 836 821 902 laesia
833 839 962 922 sociam
988 849 1015 904 et
1035 837 1162 903 triados
1182 839 1377 905 scammum

324 961 460 1026 amasso,
477 941 632 1004 amictam
646 941 814 1003 constituat.
840 938 971 1004 Faunus.
1009 940 1090 1005 Cum
1106 940 1298 1026 Theophilus
1311 943 1376 1028 epi·
1411 1018 1415 1025 ,

324 1064 441 1127 scopus
459 1042 679 1107 Antiochenus
695 1043 763 1126 jam
785 1052 861 1106 ante
880 1043 1112 1108 Tertullianum
1125 1043 1253 1124 Τριάδος
1265 1066 1376 1110 vocem

324 1145 365 1210 de
379 1146 483 1210 tribus
498 1146 648 1210 Perennis
664 1146 786 1210 Divinis
804 1146 837 1210 in
852 1146 905 1211 lib.
921 1146 953 1210 ii.
970 1147 1065 1210 Adae.
1080 1146 1263 1230 Autolycum
1277 1170 1303 1212 c.
1321 1168 1374 1234 23.

324 1248 533 1322 adhibuisset,
559 1246 744 1312 Trinitatem
762 1256 874 1333 postea
897 1249 1046 1312 dixerunt
1066 1248 1185 1313 Latine
1207 1249 1374 1333 loquentes

326 1350 549 1428 Tertullianus,
567 1350 816 1436 Cyprianusque,
833 1350 886 1434 qui
902 1350 962 1414 hac
977 1373 1053 1415 voce
1073 1373 1148 1414 usus
1168 1359 1218 1415 est
1231 1375 1295 1416 non
1309 1375 1374 1418 uno

325 1452 405 1529 loco,
421 1460 455 1517 et
470 1453 636 1538 episcopus
650 1453 791 1537 ejusdem
806 1453 914 1517 aetatis
928 1452 979 1516 hic
993 1452 1061 1536 ipse
1076 1448 1256 1518 Euoratius.

369 1557 408 1619 P.
427 1575 498 1641 123.
514 1555 535 1619 l.
555 1574 602 1618 11.
625 1577 646 1618 a
665 1555 860 1640 blasphemia
879 1577 945 1619 suae
964 1555 1234 1641 praesumptionis]
1256 1555 1307 1621 Ut
1325 1556 1373 1622 ita

325 1657 495 1722 seliburem
516 1679 567 1721 me
589 1657 741 1742 compulit
762 1658 939 1722 auotoritas
960 1657 1138 1740 quindecim
1155 1665 1298 1722 veterum
1320 1680 1375 1722 ex·

325 1758 520 1843 emplarium.
567 1758 676 1822 Antea
697 1759 861 1843 legebatur
880 1781 901 1822 a
918 1758 1100 1844 blasphemio
1120 1782 1184 1824 sure
1199 1783 1373 1847 praesaepe·

325 1862 410 1925 tione.
457 1861 536 1941 Quae
563 1881 639 1924 sane
661 1861 756 1925 lectio
782 1861 919 1926 habetur
942 1861 974 1925 in
998 1862 1187 1946 quibusdam
1213 1864 1374 1929 codicibus

324 1963 473 2047 antiquis.
499 1965 666 2027 Banuzrus.
712 1963 913 2047 Augustinus
929 1986 1053 2048 quoque
1075 1965 1182 2042 habet,
1203 1988 1224 2029 a
1241 1965 1375 2052 blaephe-

324 2067 388 2131 mio
415 2087 481 2130 saca
501 2064 760 2151 praesumtiones.
801 2066 897 2130 Adde
923 2066 1047 2131 codices
1072 2067 1231 2153 Cypriani,
1258 2069 1374 2153 quibus

325 2176 408 2245 utor,
424 2190 546 2233 omnes.

368 2269 452 2335 laid.
472 2270 495 2335 l.
515 2290 564 2356 13.
589 2269 724 2335 Libosus
747 2293 768 2336 a
783 2266 892 2356 Vaga]
920 2270 958 2334 ln
977 2269 1164 2335 Veronensi:
1189 2272 1320 2356 Corseas.
1345 2279 1374 2339 ol

326 2374 425 2437 Mart.
440 2374 476 2437 ia
489 2375 574 2437 mois
588 2374 670 2438 orech
678 2374 794 2458 positia
808 2372 932 2437 Libones
946 2395 967 2436 a
990 2373 1085 2458 Vopu.
1108 2373 1286 2437 Rrosnrrus.

368 2476 451 2541 Ibid.
466 2477 487 2540 l.
506 2478 554 2540 18.
573 2475 693 2540 Lucius
706 2499 727 2541 a
742 2476 912 2560 Thebeste]
930 2477 970 2538 In
986 2473 1060 2539 Ver.
1079 2475 1212 2560 Corseas.
1227 2485 1255 2540 ot
1269 2477 1372 2542 Mori⁴

325 2579 358 2642 ia
371 2580 486 2643 Fausti
494 2580 613 2664 positus
627 2579 757 2643 Leucius
771 2602 792 2642 a
810 2576 955 2642 Tlcucste.
979 2578 1158 2642 ansnrrus.

367 2680 450 2745 Ibid.
466 2681 488 2745 l.
504 2702 552 2764 19.
568 2680 673 2744 verbis
688 2681 792 2768 vanis]
808 2681 927 2766 Vulgo,
936 2681 1040 2744 verbis
1054 2681 1161 2744 υανίἱι.
1186 2680 1317 2746 Oorrexi
1332 2700 1373 2746 ex

326 2782 427 2847 tribus
446 2782 608 2846 codicibus
629 2782 770 2856 MSStis‚
787 2781 868 2846 Novi
889 2781 967 2848 Ooll.
983 2782 1163 2867 posteriori,
1182 2789 1216 2847 et
1237 2790 1374 2871 utroque

326 2906 405 2957 meo,
423 2885 501 2947 dum
516 2883 624 2948 delicit
640 2883 709 2947 haec
724 2883 808 2947 inter
823 2885 924 2947 codex
940 2881 1022 2947 Novi
1038 2883 1119 2948 Coll.
1136 2885 1234 2970 prior.

368 2986 452 3050 Ibid.
475 2985 495 3048 l.
513 3004 563 3066 24.
587 2985 629 3048 ab
652 2985 844 3069 Amaocora]
870 2984 983 3048 Nescio
1005 2985 1164 3069 quomodo
1185 2984 1314 3064 accidit,
1335 2994 1374 3053 ut

326 3086 373 3151 ita
387 3087 558 3151 scriberem
570 3086 622 3167 (ab
634 3089 842 3169 Amaocora):
858 3108 931 3150 nam
948 3097 1073 3151 certum
1087 3095 1137 3151 est
1150 3088 1245 3151 scribi
1258 3090 1375 3154 debere

325 3211 346 3254 a
359 3190 599 3267 Bammaccura‚
616 3198 654 3254 ut
667 3197 760 3275 patet
776 3213 815 3253 ex
830 3190 869 3252 iis
884 3212 955 3273 quae
970 3212 991 3254 a
1008 3211 1059 3254 me
1077 3196 1234 3255 annotata
1252 3198 1327 3255 sunt
1342 3191 1375 3254 in

325 3293 409 3357 notis
431 3293 474 3357 ad
497 3293 698 3357 collationem
721 3292 1004 3377 Carthaginensem
1027 3293 1113 3356 inter
1134 3292 1316 3357 Catholioos
1339 3299 1374 3358 et

325 3395 526 3473 Donatistas‚
548 3417 622 3479 pag.
643 3398 715 3478 236.
762 3394 845 3457 Cum
871 3401 980 3458 autem
1007 3401 1177 3479 propterea
1201 3393 1374 3458 editionem

325 3518 428 3561 meam
451 3497 545 3560 istius
568 3497 746 3560 collationis
772 3496 979 3571 consulerem,
1002 3495 1086 3558 lorte
1110 3494 1215 3559 evenit
1238 3502 1276 3560 ut
1298 3494 1374 3559 inci·

323 3598 433 3663 dorem
455 3599 488 3662 in
511 3621 582 3683 pag.
606 3618 677 3664 122.
704 3600 759 3662 ubi
782 3598 891 3662 monui
913 3597 1016 3661 virum
1041 3618 1163 3661 summe
1186 3597 1316 3661 doctum
1340 3605 1374 3663 et

321 3700 401 3765 mihi
420 3722 584 3785 nunquam
606 3701 674 3765 sine
697 3701 790 3765 laude
812 3700 1040 3764 nominandum
1054 3699 1215 3763 Jacobum
1233 3698 1374 3763 Sirmon·

322 3802 399 3866 dnm
420 3803 587 3879 erravisse,
601 3824 672 3866 oum
693 3802 819 3887 scripsit
839 3802 925 3865 illam
946 3801 1065 3865 factam
1086 3823 1154 3866 esse
1173 3802 1276 3866 altero
1290 3824 1375 3866 anno

321 3912 397 3990 post
411 3904 611 3969 consulatum
627 3904 773 3981 Verania,
789 3927 827 3967 eo
843 3904 875 3966 in
890 3904 1001 3989 primis
1023 3913 1214 3990 argumento
1231 3907 1316 3990 quod
1334 3927 1374 3970 ex

322 4007 507 4090 Augarstino
527 4007 695 4092 colligatur
716 4014 881 4092 peractum
901 4029 969 4069 esse
987 4005 1145 4091 jejunium
1167 4006 1375 4072 Pentecostss

321 4109 417 4195 paulo
438 4117 516 4175 ante
537 4110 749 4174 collationem.
794 4109 874 4173 Cum
896 4109 965 4173 heeo
987 4130 1058 4172 mea
1081 4108 1262 4172 observatio
1285 4116 1374 4175 certa

320 4212 374 4290 sit,
389 4226 423 4277 et
439 4213 517 4276 nihil
530 4214 572 4277 ad
588 4234 658 4276 eam
674 4212 899 4276 destruendam
919 4211 1025 4275 afferri
1040 4211 1151 4295 possit,
1167 4209 1265 4274 miror
1280 4211 1318 4274 R
1332 4209 1373 4278 Ρ.

319 4314 345 4379 J
345 4337 481 4380 oannem
496 4314 702 4380 Hurduinum
717 4315 819 4378 virum
833 4314 943 4378 multae
958 4313 1103 4377 lectionis
1123 4321 1157 4377 et
1174 4312 1372 4393 eruditionis,

320 4416 481 4483 insinuare
492 4418 627 4482 voluisse
642 4418 675 4481 in
687 4424 775 4481 tomo
789 4416 892 4501 primo
908 4415 1056 4480 editionis
1071 4436 1136 4478 suae
1149 4415 1371 4495 conciliorum,

320 4541 352 4606 p.
370 4540 466 4606 ¹043·
481 4520 632 4584 standum
650 4541 719 4583 esso
739 4518 879 4604 opinioni
899 4517 1070 4582 Sirmondi.
1101 4516 1194 4597 Quod
1213 4516 1286 4582 ideo
1300 4517 1373 4583 istic

320 4628 452 4700 annoto,
468 4621 595 4706 nequis
615 4621 763 4705 deinceps
780 4620 814 4684 in
828 4620 889 4684 hoo
903 4619 1044 4685 fallatur.
1075 4617 1213 4685 Utinam
1228 4615 1372 4684 Hardui·

362 4746 432 4788 von.
448 4746 494 4788 ιιι.
814 4721 871 4785 nd
