3700 5667
393 680 458 743 488
626 676 963 743 S.PAMPH1LUS
987 673 1211 739 MARTYR.

393 849 503 908 Avitus
517 849 615 929 Epist.
630 849 659 907 2.
674 858 823 924 atramque
840 847 1048 907 Bibliotleeons
1064 845 1140 904 dixit
1155 846 1281 907 Novum
1302 869 1341 910 ae
1359 846 1467 906 Vetus

392 955 623 1014 Testamentum.
668 955 762 1013 Lectu
794 953 915 1032 dignum
945 951 1133 1031 Epigramma
1161 950 1287 1011 Alouini
1320 955 1349 1014 is
1378 955 1465 1016 oalee

393 1057 550 1135 Scriptura
563 1079 580 1116 a
594 1078 625 1117 se
640 1057 800 1116 emendatas

475 1209 598 1267 Nomine
612 1207 780 1267 Pandeeteu
793 1208 911 1286 proprio
925 1207 1049 1267 sociem
1062 1218 1198 1268 memento

478 1304 542 1364 Hoc
555 1325 659 1384 corpas
673 1325 798 1371 samso,
815 1305 929 1370 Lector,
944 1304 975 1362 in
989 1325 1039 1364 ore
1051 1312 1101 1364 tao
1109 1325 1124 1371 ,·

477 1402 560 1467 Qeeod
573 1422 648 1459 nurse
661 1423 680 1460 a
694 1402 790 1460 mauis
804 1409 914 1461 coastat
930 1400 1114 1459 Bibliotheca
1127 1401 1206 1460 dicto

478 1498 600 1558 Nomine
612 1518 664 1557 noa
676 1498 805 1577 proprio,
821 1505 851 1555 at
866 1497 966 1573 lingua
983 1496 1112 1577 Pelasga
1126 1497 1215 1557 docet.

1179 1610 1412 1675 Vinnnasrus.

435 1778 534 1837 cNon
558 1777 695 1856 Origenis
719 1787 834 1835 tautum
859 1774 909 1834 sed
935 1785 966 1834 et
990 1773 1113 1833 aliorum
1138 1795 1257 1854 quoque
1282 1778 1450 1858 insignium

393 1883 567 1962 scriptorum
590 1895 788 1948 monumenta,
811 1881 900 1940 libros
921 1882 1068 1961 precipue
1090 1903 1185 1941 saeros
1209 1903 1299 1943 manu
1321 1907 1381 1946 sua
1403 1888 1449 1947 vel

393 1986 546 2065 descripsit
569 1985 615 2044 vel
640 1986 806 2045 emendavit
828 1987 856 2043 S.
877 1984 1059 2064 Pamphilus.
1102 1987 1136 2043 ln
1161 1987 1240 2046 Bibl.
1262 1988 1449 2052 coisliniana

392 2089 555 2147 etiamnum
575 2099 669 2147 exstat
688 2090 886 2168 apographum
907 2088 1025 2147 Codicis
1043 2089 1242 2169 Epistolarum
1259 2095 1292 2154 S.
1303 2092 1395 2153 Pauli
1410 2116 1448 2154 ex

394 2193 502 2251 Codioe
517 2192 596 2251 Bibl.
612 2192 798 2251 Caesariensis
816 2193 990 2268 scriptarum
1009 2212 1098 2250 manu
1116 2192 1148 2250 S.
1166 2194 1322 2272 Pamphili.
1371 2199 1448 2259 Vide

394 2297 567 2375 catalogum
589 2296 682 2354 MSS.
703 2296 907 2355 concinnatum
929 2315 946 2354 a
966 2295 1075 2355 clariss.
1091 2297 1308 2358 Moutfaueono
1326 2321 1359 2380 p.
1374 2303 1444 2362 261.

396 2401 582 2458 Priameius.

435 2501 508 2561 dni
533 2504 605 2562 tomi
628 2523 695 2560 xxv.
721 2503 751 2560 iu
775 2503 822 2561 la.
848 2502 1010 2582 Prophetas
1034 2523 1108 2581 quoa
1131 2504 1272 2584 reperisse
1297 2526 1330 2566 se
1355 2509 1444 2568 etiam
1513 2515 1515 2524 '

395 2617 520 2666 testatur
534 2606 682 2665 Eusebius
695 2607 733 2664 vi.
748 2605 798 2664 36.
815 2606 896 2664 Hist.
913 2605 1000 2666 hodie
1020 2608 1097 2666 inter
1116 2608 1253 2688 Origenis
1273 2629 1367 2689 opera
1385 2632 1444 2671 nou

394 2712 549 2770 habentur.
573 2711 760 2769 Passienus.

436 2828 450 2860 θ
465 2818 572 2875 Postea
590 2815 710 2893 Origeui
730 2815 871 2874 infensior
888 2814 944 2874 boe
961 2817 1130 2876 retractavit
1149 2817 1362 2897 Hieronymus,
1377 2831 1408 2880 et
1428 2841 1447 2879 a

396 2920 506 2979 Rufino
525 2920 680 2997 deceptum
700 2938 731 2976 se
750 2931 935 2995 conquestus,
952 2919 1138 2999 Apologetiei
1159 2922 1297 3000 Origenis
1317 2927 1442 3006 scripto·

395 3044 456 3082 rem
479 3022 664 3101 Pamphilum
685 3042 748 3082 esse
769 3024 949 3100 pernegavit.
994 3025 1089 3104 Epist.
1105 3025 1154 3084 65.
1173 3037 1204 3086 et
1222 3039 1351 3106 utroque
1370 3031 1447 3091 libro

396 3139 496 3187 eontra
510 3127 611 3187 Rufio.
653 3126 713 3187 Sed
727 3127 757 3185 in
773 3127 918 3206 prioribus
932 3129 1062 3208 quinque
1076 3130 1230 3209 Apologia
1243 3151 1297 3208 pro
1311 3133 1446 3214 Origene

396 3235 477 3295 libris
496 3235 598 3313 utique
617 3253 675 3291 non
697 3233 790 3293 solum
811 3233 974 3293 Eusebium
993 3236 1122 3295 seduna
1141 3258 1207 3296 cum
1228 3238 1394 3316 Pamphilo,
1410 3254 1445 3301 ut

397 3341 530 3399 Socrates
544 3339 586 3398 iii.
601 3338 631 3406 7.
646 3337 747 3403 tradit,
766 3336 937 3407 elaborasse,
952 3351 1068 3397 sextum
1087 3352 1185 3399 autem
1204 3352 1271 3420 post
1293 3343 1443 3425 Pamphili

395 3444 512 3503 demum
540 3443 711 3522 martyrium
740 3441 935 3518 subjunxisse,
960 3442 1067 3501 Photio
1093 3443 1165 3503 cod.
1192 3444 1259 3504 118.
1287 3450 1444 3509 assentior.

395 3550 500 3607 Exstat
521 3547 600 3606 illius
621 3546 808 3625 Apologetiei
829 3544 902 3604 liber
923 3557 1038 3605 tantum
1060 3549 1172 3627 primns
1192 3570 1229 3609 ex
1252 3551 1356 3611 Rufini
1378 3574 1445 3614 ver·

395 3650 485 3730 sionef
495 3653 600 3731 sapius
618 3651 715 3710 editus
729 3661 759 3709 et
773 3651 849 3709 inter
863 3651 999 3728 Origenis
1017 3664 1048 3712 et
1061 3654 1138 3713 inter
1154 3655 1325 3736 Hieronymi
1342 3679 1444 3739 opera.

397 3758 445 3814 Ex
470 3756 581 3814 caeteris
605 3773 696 3833 panea
723 3753 800 3829 apud
825 3754 965 3812 Photium
990 3757 1163 3835 fragmenta.
1213 3759 1291 3819 Vide
1313 3781 1383 3839 quai
1407 3764 1446 3823 de

397 3857 552 3937 Pamphilo
575 3857 782 3917 Tillemontius
803 3869 875 3918 tom.
893 3880 920 3918 v.
943 3880 1008 3938 pag.
1027 3861 1096 3920 421.
1118 3862 1186 3929 750.
1209 3884 1271 3942 seq.
1293 3876 1367 3923 tom.
1389 3867 1444 3927 xii.

396 3986 463 4044 pag.
478 3962 548 4021 205.
567 3983 626 4040 seq.
640 3975 680 4020 et.
697 3975 766 4020 tom.
782 3963 831 4021 vii.
847 3984 875 4043 p.
891 3963 940 4023 40.
963 3965 1148 4026 Pessimus.
1188 3969 1316 4027 Primum
1333 3969 1444 4032 librum

396 4067 550 4147 Apologia
570 4068 600 4125 in
622 4086 670 4125 sex
689 4067 777 4124 libros
797 4078 898 4145 postea
917 4067 1017 4127 divisa
1038 4070 1128 4130 solius
1151 4072 1297 4152 Pamphili
1318 4095 1392 4144 esse,
1410 4089 1447 4138 ut

396 4173 498 4233 retulit
514 4172 650 4239 Rufinus,
663 4183 774 4231 eeteros
789 4172 935 4251 Pamphili
950 4174 1082 4234 simulet
1097 4177 1219 4236 Eusebii
1233 4198 1305 4248 esse,
1317 4195 1448 4260 excepto

395 4278 511 4345 ultimo,
523 4276 573 4354 qui
588 4286 651 4335 erat
665 4274 755 4334 solius
771 4274 901 4343 Eusebii,
917 4287 996 4336 reete
1006 4279 1111 4337 statuit
1126 4295 1191 4358 post
1205 4280 1240 4337 L.
1251 4280 1447 4345 Holsteuium

395 4381 501 4439 Justus
519 4379 703 4437 Fontaninus
719 4378 800 4436 Hist.
818 4379 877 4436 Lis.
893 4379 1080 4458 Aquileiense,
1096 4382 1146 4442 lib.
1162 4405 1190 4442 v.
1205 4405 1266 4463 esp.
1281 4388 1312 4444 5.
1330 4390 1356 4458 ξ.
1375 4391 1408 4447 ll
1420 4393 1448 4451 l.

395 4483 454 4541 Sed
474 4482 511 4542 de
532 4484 585 4542 hae
603 4482 749 4562 Apologia
769 4493 800 4541 et
821 4483 906 4560 primi
925 4483 993 4543 libri
1008 4486 1122 4566 Interp.
1136 4489 1250 4559 Latina,
1265 4510 1331 4568 qum
1349 4507 1449 4566 extat,

395 4586 530 4646 adnotata
549 4587 633 4664 plura
653 4598 722 4646 sunt
742 4587 828 4644 iufra.
874 4586 941 4646 Hoc
956 4609 1041 4666 porro
1055 4590 1281 4669 Apologeticum
1299 4617 1316 4653 a
1333 4598 1451 4661 Rufino
