3700 5667
513 662 759 726 ΑΝΝΟΤΑΤ.
784 662 834 724 ΙΝ
860 662 892 723 S.
909 662 1146 724 PAMPHlL.
1171 662 1323 725 MART.
1376 664 1437 726 501

400 834 527 896 Librum
558 834 654 897 istum
682 831 935 917 Apolcgeticum,
962 832 1002 895 de
1032 853 1095 916 quo
1124 831 1256 916 agimus,
1288 833 1442 917 ejusmodi

397 936 473 1020 quid
488 934 630 999 confiteri
646 935 782 1011 videtur,
797 955 869 997 cum
889 933 947 1010 ait,
961 955 991 997 se
1005 933 1226 1018 Apoloyeticum
1244 937 1341 998 macti
1361 957 1443 998 mer-

397 1037 474 1118 tyris
488 1036 659 1120 Pamphili,
668 1046 765 1122 procot
776 1035 888 1120 potuit,
905 1035 955 1100 cel
966 1056 1014 1100 res
1027 1035 1174 1120 poposcit,
1185 1037 1299 1099 Latino
1313 1057 1444 1100 sermore

396 1139 556 1223 digessisse.
608 1139 725 1203 Itidem
748 1139 832 1202 idem
854 1138 915 1202 iste
939 1137 1096 1222 interpres
1119 1137 1278 1202 Homilias
1300 1139 1443 1223 Origeni·

396 1264 485 1315 anas,
511 1242 669 1327 praecipue
693 1242 762 1305 illas
787 1241 819 1303 iu
847 1240 1034 1317 Leviticunr,
1059 1239 1230 1305 confitetur
1254 1264 1289 1305 se
1313 1241 1443 1305 vertisse

396 1343 535 1420 liberius,
552 1343 753 1427 adimplendo
770 1364 840 1427 quae
856 1343 999 1405 deerant.
1024 1341 1096 1404 Vid.
1114 1342 1259 1406 Perorat.
1275 1343 1343 1427 ejus
1360 1345 1443 1406 (lons-

396 1447 541 1509 amalarii
563 1446 703 1530 (lagenis
721 1445 755 1507 ia
774 1446 873 1529 Epast
890 1444 936 1507 ad
949 1446 1112 1507 Romanos.
1158 1445 1262 1521 Quid!
1284 1445 1368 1530 quod
1385 1445 1442 1508 ad·

398 1547 553 1610 versarius
575 1547 652 1630 ipse,
676 1547 729 1631 qui
753 1547 902 1610 Rufinum
925 1547 1097 1623 accusavit,
1117 1547 1269 1631 gloriatus
1292 1558 1341 1612 est
1366 1547 1443 1610 Hie-

397 1673 556 1735 ronymus,
572 1673 606 1713 se
620 1651 652 1713 in
668 1651 820 1715 vertendo
836 1651 972 1735 Origene
993 1651 1085 1713 acela
1106 1672 1228 1735 quaque
1244 1651 1442 1722 darmscasw,

397 1755 489 1817 atille
504 1754 710 1818 transtulisse?
732 1753 873 1838 Epistola
887 1753 932 1817 cd
949 1752 1142 1838 Theophilum
1159 1752 1245 1817 Aac.
1259 1776 1290 1838 p.
1309 1756 1378 1834 187.
1394 1754 1442 1816 ed.

399 1857 536 1921 Froben.

441 1960 504 2024 Sed
524 1967 643 2036 tamen,
658 1966 818 2042 utcunque
836 1957 1055 2042 intelligantur
1068 1960 1164 2022 verba
1180 1956 1305 2042 Epilogi
1324 1957 1444 2020 Rufini-

397 2062 449 2125 aui
475 2063 518 2126 ad
545 2061 701 2146 Pamphili
725 2060 957 2145 Apolopeticurm
983 2084 1022 2124 ex
1048 2060 1109 2124 illis
1134 2060 1231 2124 etiam
1256 2059 1432 2143 Hieronym

397 2165 473 2228 loeis
503 2186 576 2227 mox
604 2164 680 2226 mihi
710 2163 904 2227 adducendis
934 2165 1136 2227 manifestum
1164 2173 1224 2235 est,
1252 2163 1366 2225 debere
1396 2184 1443 2224 re-

398 2266 510 2351 stringi
525 2266 567 2330 ad
587 2266 727 2350 singulas
745 2264 857 2347 ῥήσεις,
875 2286 946 2348 quae
961 2266 1001 2329 de
1016 2265 1158 2351 personis
1173 2273 1274 2349 agunt
1290 2261 1321 2326 S.
1340 2262 1443 2325 Trini-

397 2368 487 2447 tatis,
503 2367 609 2432 Rufiui
624 2368 773 2431 delictum
789 2367 883 2431 istud.
935 2370 1005 2431 Hoc
1019 2389 1144 2451 quoque
1159 2366 1319 2430 indicatur
1334 2365 1444 2449 Orige-

398 2471 447 2535 nis
458 2471 561 2535 verbis
576 2470 722 2535 aRulino
739 2471 857 2533 Latine
869 2470 968 2533 versis
983 2478 1081 2554 atque
1096 2470 1138 2533 ab
1153 2468 1352 2552 Hieronymo
1366 2467 1443 2531 alla-

397 2574 440 2637 tis
462 2574 494 2636 in
517 2572 658 2658 Epistola
681 2572 725 2636 ad
747 2572 982 2636 Pammacliem
1007 2573 1151 2636 adversas
1174 2592 1291 2634 errores
1312 2571 1445 2634 Ioannis

400 2677 522 2740 Hieros.
538 2698 570 2759 p.
590 2692 660 2757 174
681 2697 752 2760 quae
773 2675 901 2759 quidem
921 2678 1017 2757 ῥῆσις,
1032 2674 1064 2738 ni
1079 2674 1180 2749 fallor,
1198 2681 1356 2757 quotquot
1370 2681 1445 2737 sunt

398 2778 544 2863 Origenis
558 2778 655 2841 effata
670 2779 709 2841 de
730 2778 959 2842 resurrectione
981 2778 1121 2862 eorporis
1140 2777 1226 2861 apud
1243 2776 1444 2840 Rufinianam

398 2881 560 2966 Pamphili
581 2881 755 2945 versionem
778 2883 933 2959 extantia,
955 2883 997 2946 ab
1019 2882 1104 2944 omni
1128 2879 1317 2955 omissionis,
1339 2880 1387 2943 vel
1412 2879 1444 2942 in

398 2987 513 3047 bonam
533 2993 658 3068 partem
679 2983 917 3059 immutationis,
934 2984 1110 3070 suspicione
1131 3004 1261 3069 prorsus
1284 2982 1442 3046 liberabit.

397 3085 477 3149 Tam
503 3096 623 3170 aperte,
648 3086 804 3171 nudoque,
827 3097 864 3153 ut
890 3087 993 3164 aiunt,
1016 3088 1122 3173 capite
1149 3087 1226 3150 inibi
1251 3085 1444 3171 Origeniana

397 3188 578 3253 declaratur
600 3210 622 3251 a
646 3187 762 3251 Rufino
788 3189 958 3262 sententia,
982 3189 1139 3272 plerisque
1165 3188 1238 3252 licet
1264 3186 1444 3249 homiuibus

397 3289 507 3351 odiosa
532 3297 630 3370 atque
658 3288 767 3351 invisa.
815 3290 931 3365 lmmo,
953 3289 994 3351 ad
1021 3310 1172 3372 personas
1199 3287 1331 3349 Divinas
1356 3286 1441 3368 quod

397 3389 528 3465 attinet,
544 3388 756 3452 eruditissimo
772 3388 865 3453 Bullo
881 3410 1065 3473 persuasum
1081 3396 1142 3463 est,
1159 3386 1308 3449 Rufinum
1325 3385 1444 3448 nullum

398 3489 544 3574 Origenis
559 3488 774 3552 testimonium
790 3489 822 3551 in
837 3512 894 3553 sua
908 3489 1051 3553 versione
1066 3490 1106 3551 de
1119 3487 1279 3552 Trinitate
1293 3488 1444 3572 posuisse,

397 3592 482 3675 quod
511 3612 574 3653 non
600 3589 633 3652 in
660 3591 818 3675 Pamphili
844 3614 940 3677 opere
969 3591 1103 3656 totidem
1129 3590 1232 3654 verbis
1261 3590 1443 3667 haberetur,

398 3693 546 3777 nihilque,
572 3691 720 3778 quicquid
747 3694 933 3772 detraxerit,
959 3695 999 3758 de
1024 3716 1082 3757 suo
1107 3692 1276 3757 addidisse.
1328 3691 1445 3754 Censet

397 3795 480 3858 enim
503 3794 551 3858 vir
576 3794 725 3879 optimus,
751 3807 770 3829 ‘⁶
787 3799 933 3881 quaedam
960 3796 1107 3862 attulisse
1130 3804 1278 3860 auctores
1303 3794 1382 3857 istos
1405 3815 1443 3855 ex

399 3908 418 3928 “
434 3897 570 3980 Origene
592 3897 783 3975 testimonia,
799 3900 913 3984 quibus
929 3901 1048 3964 voculae
1068 3907 1101 3964 et
1116 3899 1203 3963 dieta
1218 3897 1368 3960 nonnulla
1386 3896 1441 3959 ad·

399 3997 536 4062 “mixta
557 4008 674 4075 essent,
693 4023 763 4084 quoe
786 4002 959 4066 Catholicis
980 4003 1110 4066 auribus
1134 3999 1323 4084 Hieronymi
1346 4007 1444 4061 aetate

399 4110 418 4130 ‘⁴
434 4099 538 4163 minus
565 4101 753 4184 placuerint,
777 4110 890 4187 utpote
918 4105 961 4168 ab
988 4103 1117 4167 Arianis
1143 4107 1212 4164 tum
1241 4101 1282 4163 ad
1309 4097 1443 4160 haeresin

399 4212 417 4232 ‘⁶
435 4223 525 4264 suam
536 4204 775 4287 propagandam
786 4205 971 4289 usurpata.”
995 4205 1064 4267 Vid.
1077 4204 1200 4286 Defessa.
1214 4201 1292 4264 Fid.
1305 4199 1445 4262 Nicaea

398 4315 474 4366 sect.
492 4302 538 4367 ΙΙ.
555 4326 625 4387 cap.
638 4304 680 4366 ix.
696 4310 721 4385 ξ.
737 4324 787 4368 20.
805 4328 876 4390 pag.
894 4326 964 4383 ¹¹4·
998 4305 1121 4369 Vereor
1135 4311 1255 4378 autem,
1271 4323 1310 4365 ne
1326 4298 1443 4384 aliquid

398 4411 555 4488 praterea
581 4427 620 4469 ex
643 4405 747 4469 verbis
774 4405 962 4491 Hieronymi
987 4427 1058 4490 quae
1085 4417 1273 4488 sequuntur,
1300 4401 1445 4485 colligam

398 4526 525 4569 necesse
547 4505 599 4570 sit.
645 4503 697 4570 Sic
718 4507 802 4570 euim
823 4507 875 4571 ille
895 4507 1007 4572 scribit
1021 4507 1053 4570 iu
1068 4506 1183 4569 Prima
1200 4503 1286 4588 Apol.
1302 4502 1446 4567 adeam

398 4606 725 4693 Esica—Paucaque
739 4609 913 4673 estimoniis
925 4610 962 4673 de
976 4608 1063 4673 Filio
1078 4608 1140 4671 Dei
1154 4617 1181 4670 a
1195 4606 1319 4691 Spiritu
1333 4605 1445 4669 &ecto
