3700 5667
396 679 461 739 504
731 673 1109 738 ANNOTATIONES

398 847 556 910 censenda
581 851 675 917 sunt;
703 845 737 907 in
762 867 826 928 quo
851 846 963 908 eodem
987 844 1057 928 plus
1083 842 1180 907 semel
1205 842 1322 908 dicitur
1345 842 1448 905 Filius

398 946 489 1010 Patri
515 968 585 1009 esse
608 948 777 1023 ὀμοούσιος,
801 948 917 1010 Graeoa
941 968 1017 1009 voce
1042 946 1158 1009 ibidem
1185 953 1321 1009 servata.
1364 946 1446 1010 (lon-

397 1049 483 1113 seras
498 1070 569 1131 qnae
585 1047 669 1110 infra
685 1046 831 1112 dicentur
845 1071 876 1133 p.
891 1050 966 1132 508.

441 1152 478 1213 P.
492 1169 565 1233 492.
582 1150 602 1212 l.
617 1167 646 1232 7.
661 1163 693 1216 τὸ
706 1166 753 1231 μὲν
767 1160 813 1215 οὖν
826 1163 869 1227 ἐπὶ
881 1160 966 1235 τούτῳ
979 1162 1038 1231 περὶ
1051 1161 1130 1214 αὐτοῦ
1142 1149 1300 1232 κεκινημένα]
1319 1150 1447 1211 Horum

396 1252 547 1315 nonnulla
561 1274 600 1315 ex
615 1253 676 1317 hac
691 1254 852 1338 Apologia
867 1255 1062 1338 transcripta
1076 1252 1136 1317 tibi
1151 1253 1242 1316 dabit
1260 1251 1396 1315 Photius
1414 1251 1447 1313 in

397 1354 614 1437 sequentibus.

441 1457 478 1517 P.
495 1445 569 1537 49'3.
585 1456 604 1518 l.
619 1475 651 1540 3.
667 1456 786 1542 γράψαι]
805 1456 908 1521 Extnt
923 1456 1098 1521 etiamnum
1114 1453 1261 1538 Origenis
1275 1455 1448 1537 Protrepti-

397 1577 449 1620 eua
468 1557 513 1620 od
532 1558 736 1641 Martyrium,
752 1558 876 1622 libellus
898 1557 1039 1657 ipsignis,
1056 1557 1110 1620 sed
1135 1555 1191 1619 diu
1214 1564 1288 1639 post
1309 1562 1446 1618 mortem

397 1659 498 1742 putris
512 1660 719 1745 conscriptus.

441 1760 525 1825 lbid.
540 1760 559 1823 l.
575 1781 606 1839 4.
626 1770 655 1825 ὃν
673 1775 714 1827 καὶ
731 1776 815 1829 καλῶς
833 1762 973 1844 δραμόντι]
1000 1761 1054 1840 τὴν
1077 1758 1214 1841 κεφαλὴν
1236 1759 1444 1837 &terpestas

396 1860 513 1926 Euseb.
528 1862 582 1927 lib.
598 1864 636 1928 vi.
654 1889 724 1951 cap.
740 1887 772 1950 3.
796 1865 1009 1927 Hmsonamus.

442 1965 524 2027 lbid.
541 1964 560 2027 l.
577 1968 606 2028 6.
622 1972 669 2039 τὴν
684 1974 712 2026 δὲ
725 1968 835 2050 μητέρα]
855 1965 972 2029 Euseb.
988 1963 1044 2026 lib.
1060 1962 1100 2026 vi.
1117 1984 1186 2045 cap.
1202 1981 1234 2045 3.
1260 1960 1386 2025 Hoescu.

441 2066 523 2127 lbid.
539 2066 559 2130 l.
581 2086 628 2130 11.
648 2077 777 2151 διαβοήτῳ
794 2078 926 2152 μαρτυρία)
945 2081 991 2131 τοῦ
1009 2076 1070 2141 flios
1089 2065 1285 2147 ἐξεληλυθέναι]
1304 2063 1391 2127 Bene
1411 2063 1446 2125 ll-

395 2166 503 2230 lustris
527 2167 669 2231 Huetius
691 2168 723 2230 in
745 2169 800 2232 lib.
815 2170 835 2232 i.
857 2169 1121 2254 Oripecienomm,
1139 2189 1165 2229 o.
1182 2166 1221 2229 iv.
1242 2167 1270 2246 ξ.
1290 2182 1318 2246 7.
1344 2177 1363 2197 ‘¹
1381 2164 1445 2228 Mi-

398 2278 416 2299 ·⁴
434 2288 503 2330 rum
524 2277 610 2331 certe
628 2269 762 2347 videtur,
779 2271 863 2354 quod
884 2272 982 2334 refert
1004 2268 1147 2333 Photius.
1193 2266 1275 2330 Cum
1296 2266 1379 2331 enim
1397 2268 1445 2332 vel

398 2380 416 2401 ‘⁴
433 2391 473 2433 ex
493 2370 561 2453 ipso
582 2380 719 2444 constat,
737 2373 939 2457 Pamphilum
960 2379 993 2436 ot
1010 2370 1182 2434 Eusebium
1202 2369 1359 2433 communi
1375 2392 1445 2433 oar-

398 2482 416 2501 “
434 2491 505 2532 cere
524 2470 661 2533 inclusos
676 2472 822 2556 Origenis
838 2472 936 2536 vitam
952 2481 985 2536 et
1000 2493 1051 2535 res
1065 2480 1174 2556 gestas
1193 2470 1387 2554 attigissem
1405 2494 1445 2535 ea

398 2583 417 2604 ‘⁶
436 2572 606 2656 Apologia,
629 2595 724 2657 quam
748 2595 806 2658 pro
829 2596 867 2637 eo
891 2573 984 2637 simul
1006 2574 1273 2657 conscripserunt,
1297 2573 1351 2656 qui
1376 2572 1445 2636 lieri

398 2686 417 2706 ‘¹
435 2674 546 2758 possit,
573 2683 610 2738 ut
639 2676 823 2759 Pamphilus
849 2676 1020 2761 Origenem
1045 2675 1078 2737 in
1107 2674 1324 2758 persecutione
1354 2675 1443 2738 Decii

399 2787 417 2806 ‘¹
435 2775 532 2839 vitam
550 2776 664 2839 celebri
685 2778 839 2861 martyrio
856 2777 992 2841 finivisse
1009 2777 1137 2848 dixerit,
1152 2798 1222 2840 cum
1244 2776 1363 2840 scribat
1379 2777 1444 2840 Eu-

399 2876 539 2939 “sebius
561 2878 646 2940 Hist.
663 2877 717 2941 lib.
734 2879 772 2942 vi.
792 2900 860 2962 cap.
876 2897 929 2961 39.
947 2900 1018 2942 eum
1039 2886 1073 2941 et
1094 2877 1206 2951 Decio,
1222 2882 1255 2940 et
1275 2878 1444 2940 tomrentis

399 2985 417 3005 '‘
434 2976 529 3039 l’uisso
560 2979 772 3062 superstitem,
799 2981 890 3063 cujus
917 2980 962 3042 roi
989 2988 1089 3044 testes
1119 2978 1271 3063 ipsasmet
1297 2978 1443 3062 Origcnis

399 3087 417 3107 ‘⁸
435 3078 584 3161 epistolas
599 3094 670 3165 post
686 3080 821 3144 Decium
837 3081 972 3166 scriptas
987 3080 1146 3166 appellat?
1174 3081 1289 3163 ltaque
1303 3080 1350 3144 vel
1367 3103 1442 3143 non·

398 3189 417 3209 ‘¹
434 3178 508 3241 dum
524 3180 594 3244 illas
609 3182 759 3267 epistolas
775 3183 898 3247 viderat
911 3183 1078 3256 Eusebius,
1093 3183 1221 3267 quando
1236 3182 1268 3244 iu
1283 3182 1342 3245 hac
1357 3184 1442 3266 Apo

398 3291 417 3312 ‘¹
433 3281 517 3367 logia
536 3305 686 3348 unacum
702 3285 870 3369 Pamphilo
890 3286 1050 3349 scribebat
1066 3284 1235 3369 Origenem
1248 3284 1279 3346 in
1295 3306 1438 3367 persecu-

398 3394 417 3414 “
433 3384 520 3449 tione
535 3386 625 3450 Decii
641 3387 708 3451 vite
728 3387 917 3458 decessissez
939 3388 987 3451 vel
1002 3386 1182 3450 inconsulto
1198 3385 1336 3449 Eusebio
1357 3385 1442 3448 solus

397 3498 415 3525 ¹⁸
432 3487 500 3551 haec
514 3489 642 3573 scripsit
657 3489 851 3575 Pamphilus,
868 3497 981 3574 utpote
996 3489 1174 3574 praeoipuus
1188 3487 1292 3571 operis
1306 3494 1439 3561 auotor;

396 3600 415 3621 ‘⁴
432 3590 479 3653 vel
496 3591 631 3653 Photius
653 3592 789 3654 fortasse
807 3593 959 3675 deceptus
979 3598 1039 3665 ost,
1056 3589 1214 3672 Mami
1234 3588 1341 3663 verbo,
1355 3591 1439 3672 quod

396 3701 415 3721 ‘⁶
431 3692 471 3753 de
490 3692 634 3755 omnibns
654 3715 712 3777 pro
732 3693 805 3756 fidei
827 3693 962 3756 veritate
981 3691 1127 3755 toleratis
1147 3689 1338 3753 cruciatibus
1353 3700 1441 3753 recte

395 3802 414 3825 “
431 3793 557 3866 dicitur,
572 3794 715 3876 quamvis
730 3794 797 3878 ipsa
809 3817 872 3857 non
887 3803 1040 3879 sequatur
1051 3815 1154 3861 mors:
1181 3798 1233 3870 (eo
1247 3792 1330 3854 enim
1346 3813 1439 3854 sensu

430 3892 462 3954 in
477 3892 619 3955 Deciana
634 3899 742 3978 strage
756 3896 944 3978 martyrium
959 3895 1091 3958 subiisse
1105 3895 1274 3979 Origenem
1287 3900 1372 3957 reete
1385 3917 1440 3978 po-

394 4006 413 4026 “
430 4002 495 4057 test
517 3993 611 4074 dici:)
636 3995 685 4059 vel
705 3997 858 4061 memoria
877 3998 986 4082 lapsus
1007 3997 1175 4081 Pamphilo
1195 3997 1293 4060 etiam
1314 3996 1437 4065 tribuit.

394 4108 413 4128 ‘⁴
430 4098 514 4181 quod
529 4098 570 4160 ab
585 4097 656 4161 aliis
673 4105 800 4162 tantum
816 4122 896 4183 quos
910 4108 1148 4173 commemorat,
1164 4100 1301 4163 fortasse
1316 4099 1439 4162 dictum

394 4210 413 4231 “
429 4209 498 4272 est;
524 4200 571 4264 vel
591 4200 726 4285 denique
748 4200 824 4264 illud
844 4203 1002 4266 duntaxat
1023 4201 1154 4286 intelligi
1171 4200 1270 4264 veluit
1289 4201 1438 4284 Pamphi-

394 4313 413 4333 '‘
428 4302 488 4378 lus,
513 4303 682 4388 Origenem
706 4303 898 4368 cruciatibus
921 4326 959 4368 ac
984 4304 1118 4367 miseriis
1141 4304 1173 4365 in
1199 4302 1289 4366 Decii
1313 4303 1439 4366 laniena

393 4415 412 4434 ‘¹
428 4403 549 4481 elisum,
566 4428 628 4469 non
651 4406 743 4492 longe
766 4414 879 4490 postea
898 4406 1023 4471 vixisse¹
1069 4407 1161 4487 Quod
1185 4405 1315 4469 Eusebii
1336 4405 1439 4468 verbis

393 4514 412 4535 '⁸
430 4525 492 4565 non
516 4507 701 4591 repugnat.''
745 4507 825 4571 Haec
851 4508 910 4572 ille.
951 4508 1101 4571 Profecto
1124 4506 1175 4568 vix
1203 4526 1342 4589 unquam
1368 4528 1438 4588 pos

391 4612 463 4669 sent
482 4608 523 4669 nb
543 4608 614 4672 aliis
635 4610 761 4693 decepti
780 4610 966 4694 Pamphilus
985 4621 1018 4674 et
1035 4609 1192 4673 Eusebius
1212 4609 1339 4685 referre,
1356 4629 1438 4670 mor-
