3700 5667
548 688 883 756 S.PAMPH1LUS
909 696 1134 763 MARTYR.
1302 707 1366 773 499

360 903 411 966 Εσ
425 904 584 990 Apoloyioe
597 907 692 972 Libro
706 920 795 986 tento,
811 913 865 995 qui
878 911 917 976 od
932 914 1059 979 anebio
1073 919 1132 982 eod>
1147 923 1329 1008 cmoriptua

590 1026 640 1090 eat,
656 1018 709 1081 hoo
724 1020 813 1101 affut
827 1021 862 1083 S.
873 1022 1085 1107 Hieronymus.

360 1165 508 1224 Eusebius
529 1167 714 1227 Caesariensis
733 1173 894 1251 episeopus,
910 1175 993 1251 eujus
1012 1198 1099 1256 supra
1118 1182 1248 1247 memini.
1266 1190 1365 1264 (inquit

321 1275 517 1351 Hieronymus)
535 1275 564 1331 in
584 1287 665 1333 sexto
680 1275 754 1334 libro
768 1282 813 1348 τῆς
830 1281 973 1354 ἀπολογίας
991 1285 1137 1363 Origenis,
1152 1288 1206 1346 hoc
1222 1289 1297 1347 idem
1312 1291 1363 1347 ob·

291 1374 382 1450 sjieit
402 1377 558 1437 Methodio
579 1382 715 1460 episcopo
736 1397 764 1441 et
787 1386 916 1463 martyri,
932 1388 1010 1464 quod
1032 1401 1064 1447 tu
1086 1393 1115 1448 in
1138 1394 1209 1451 uteie
1231 1394 1365 1452 laudibus

319 1487 489 1558 criminaris,
511 1505 540 1551 et
563 1493 650 1552 dicit:
681 1486 846 1567 Quomodo
872 1511 968 1552 ausus
993 1501 1043 1556 est
1070 1493 1256 1559 Methodiua
1282 1519 1364 1560 nuno

319 1599 433 1657 eontra
452 1595 620 1682 Origenem
643 1598 789 1670 seribere,
806 1599 860 1683 qui
876 1599 944 1663 haeo
964 1608 997 1665 et
1015 1601 1084 1666 haeo
1102 1604 1141 1669 de
1157 1606 1303 1691 Origenia
1321 1608 1364 1671 lo·-

321 1710 440 1877 qupglgs
460 1716 510 1771 eat
527 1708 749 1793 dogmatibus?
771 1718 821 1775 lib.
837 1718 855 1774 i.
876 1720 956 1796 Apol.
972 1722 1110 1781 adversus
1127 1726 1263 1803 Rufinum
1283 1729 1308 1802 ξ.
1322 1731 1363 1787 xi.

319 1834 347 1892 p.
387 1840 391 1849 ¹
427 1862 433 1875 .

720 1971 989 2002 *-

273 2184 309 2229 10
405 2163 453 2239 Do
467 2178 564 2241 eodem
578 2165 673 2243 libro
685 2193 763 2246 neoto
777 2188 804 2246 A
804 2184 935 2270 poloqiae
949 2186 1000 2248 hoo
1013 2186 1118 2251 oceidit
1132 2187 1279 2252 Eusebiae

668 2291 719 2354 lib.
733 2294 771 2356 vi.
788 2296 869 2358 Hiat.
886 2317 956 2379 cap.
972 2299 1024 2379 36.

362 2441 474 2522 Γράφει
496 2443 528 2504 δὲ
545 2449 717 2527 (Origenes)
734 2447 782 2508 καὶ
802 2450 949 2532 Φαβιονῷ
968 2451 1009 2533 τῷ
1030 2453 1102 2513 κατὰ
1117 2449 1232 2529 Ῥώμην
1247 2450 1365 2512 intend

317 2572 373 2635 nep,
401 2551 512 2630 ἑτέροις
537 2577 569 2614 τε
595 2556 747 2620 πλείστοις
772 2557 918 2638 ἄρχουσιν
943 2560 1106 2637 ἐκκλησιῶν
1132 2561 1199 2639 περὶ
1227 2563 1274 2637 τῆς
1302 2555 1363 2620 κατ’

318 2660 409 2724 αὐτὸν
428 2662 607 2740 ὀρθοόοξίος.
632 2663 712 2744 ἔχεις
730 2665 778 2726 καὶ
799 2666 910 2729 τούτων
930 2670 983 2732 τὰς
1003 2666 1169 2746 ἀποδείξεις
1190 2677 1265 2749 (scil.
1288 2675 1363 2734 noti-

274 2782 388 2866 15tiam
411 2802 505 2840 rerum
528 2794 616 2858 atque
637 2782 775 2842 librorum
798 2785 948 2863 Origenis)
971 2781 1005 2842 ἐν
1030 2781 1103 2864 ἕκτῳ
1127 2785 1177 2859 τῆς
1200 2783 1366 2862 γραφείσης

319 2886 388 2964 ἡμῖν
402 2887 469 2965 περὶ
484 2891 535 2947 τοῦ
551 2886 658 2967 ἀνδρὸς
673 2890 846 2970 ἀπολογίας.

693 3079 855 3157 Interprele
873 3078 993 3138 Volusio.

354 3222 407 3277 Sed
426 3233 452 3277 at
470 3223 504 3277 ad
523 3224 668 3278 Fabianum
690 3223 817 3276 Romanae
867 3224 910 3276 sit.
933 3223 1038 3276 Harum
1050 3232 1138 3276 autem
1152 3227 1366 3280 rerumcortiaai·

320 3292 394 3348 urbia
407 3294 569 3363 episcopum,
583 3293 654 3347 etad
667 3311 726 3347 com
746 3294 816 3345 lures
867 3310 911 3345 ma
920 3292 1080 3346 documenta
1087 3292 1169 3346 habes
1179 3295 1206 3346 in
1216 3303 1291 3348 aoxto
1299 3294 1367 3348 libro

274 3363 565 3418 20alioaeccleeiarum
575 3363 705 3417 antistites
737 3379 816 3415 erec·
867 3362 1033 3431 Apologetiei
1052 3363 1131 3425 illiue,
1150 3381 1228 3433 quem
1248 3382 1297 3417 noa
1318 3382 1367 3434 pro

319 3440 346 3485 ta
356 3432 416 3486 fidei
424 3451 480 3488 auae
489 3434 590 3488 ratione
599 3434 722 3503 epistolae
733 3432 816 3501 scrip·
867 3432 923 3501 ejus
937 3431 1090 3485 defensione
1102 3433 1319 3501 conscripsimus.

410 3803 459 3867 Do
472 3802 529 3867 Ιιοο
544 3807 572 3867 A
572 3803 695 3889 pelopia
709 3804 755 3867 ito
770 3807 887 3868 Auctor
902 3798 1124 3866 Proedootinoti
1138 3823 1207 3886 unp.
1222 3820 1274 3885 43.

362 3954 419 4012 Hic
435 3954 564 4032 (Martyr
580 3954 763 4033 Pamphilus)
780 3954 873 4013 edidit
888 3953 1124 4032 Apologeticum,
1140 3964 1170 4011 et
1189 3953 1286 4010 omnia
1302 3973 1367 4030 quaa

321 4058 357 4118 de
372 4059 500 4136 Origene
519 4059 652 4118 catholici
668 4060 834 4137 ignorantes
853 4059 1048 4123 mentiuntur,
1063 4057 1197 4122 exclusit,
1212 4057 1369 4117 ostendeus

271 4180 309 4235 25
320 4182 363 4231 ea,
379 4182 442 4239 quae
461 4162 697 4241 reprehensibilia
719 4164 909 4221 inveniuntur
923 4163 954 4218 in
973 4164 1037 4239 ejus
1057 4160 1213 4239 opusculis.
1230 4161 1367 4237 Origenia

321 4287 379 4324 uon
398 4287 470 4333 ease,
485 4265 535 4325 sed
549 4287 650 4325 eorum
667 4287 740 4344 quoa
763 4267 823 4347 ipae
843 4275 1046 4344 superaverat:
1073 4264 1129 4322 alia
1144 4284 1212 4322 vero
1226 4284 1290 4341 quae
1304 4276 1368 4322 tota

320 4390 454 4448 perversa
475 4380 553 4437 sunt,
569 4371 690 4428 aliorum
711 4370 834 4428 duorum
857 4370 1057 4427 haereticorum
1077 4389 1149 4433 eoae,
1165 4368 1214 4444 qui
1229 4368 1367 4443 Origenio

321 4493 435 4541 nomen,
452 4494 509 4531 uon
525 4473 611 4533 tidem
626 4495 680 4533 nee
694 4474 898 4532 conscientiam
914 4474 1088 4531 habuerunt.

806 4741 890 4807 382
