<?xml version="1.0" encoding="UTF-8"?>
<!DOCTYPE html PUBLIC "-//W3C//DTD XHTML 1.0 Transitional//EN"
    "http://www.w3.org/TR/xhtml1/DTD/xhtml1-transitional.dtd">
<html xmlns="http://www.w3.org/1999/xhtml" xml:lang="en" lang="en">
 <head>
  <title>
</title>
<meta http-equiv="Content-Type" content="text/html;charset=utf-8" />
  <meta name='ocr-system' content='tesseract 3.04.00' />
  <meta name='ocr-capabilities' content='ocr_page ocr_carea ocr_par ocr_line ocrx_word'/>
</head>
<body>
  <div class='ocr_page' id='page_1' title='image "./reliquiaesacrae08routgoog_0061.png"; bbox 0 0 3700 5667; ppageno 0'>
   <div class='ocr_carea' id='block_1_1' title="bbox 312 664 1367 922">
    <p class='ocr_par' dir='ltr' id='par_1_1' title="bbox 312 664 1367 922">
     <span class='ocr_line' id='line_1_1' title="bbox 488 664 1363 734; baseline 0.008 -7"><span class='ocrx_word' id='word_1_1' title='bbox 488 665 541 728; x_wconf 92' lang='lat' dir='ltr'>IN</span> <span class='ocrx_word' id='word_1_2' title='bbox 566 665 599 727; x_wconf 92' lang='lat' dir='ltr'>S.</span> <span class='ocrx_word' id='word_1_3' title='bbox 615 664 846 728; x_wconf 79' lang='lat' dir='ltr'>CORNELII</span> <span class='ocrx_word' id='word_1_4' title='bbox 872 665 1192 731; x_wconf 79' lang='lat' dir='ltr'><strong>FRAGMENTA.</strong></span> <span class='ocrx_word' id='word_1_5' title='bbox 1320 672 1363 734; x_wconf 77' lang='lat'>58</span> 
     </span>
     <span class='ocr_line' id='line_1_2' title="bbox 312 830 1367 922; baseline 0.007 -27"><span class='ocrx_word' id='word_1_6' title='bbox 312 830 426 896; x_wconf 80' lang='lat' dir='ltr'>aelium</span> <span class='ocrx_word' id='word_1_7' title='bbox 463 833 634 914; x_wconf 75' lang='grc' dir='ltr'>διενεγκόν.</span> <span class='ocrx_word' id='word_1_8' title='bbox 693 832 756 908; x_wconf 89' lang='lat' dir='ltr'>Sed</span> <span class='ocrx_word' id='word_1_9' title='bbox 791 832 976 898; x_wconf 84' lang='lat' dir='ltr'>Mazariuus</span> <span class='ocrx_word' id='word_1_10' title='bbox 1012 836 1113 900; x_wconf 84' lang='lat' dir='ltr'>eodex</span> <span class='ocrx_word' id='word_1_11' title='bbox 1149 835 1367 922; x_wconf 72' lang='lat' dir='ltr'>adstipulatur</span> 
     </span>
    </p>
   </div>
   <div class='ocr_carea' id='block_1_2' title="bbox 195 935 1364 1008">
    <p class='ocr_par' dir='ltr' id='par_1_2' title="bbox 195 935 1364 1008">
     <span class='ocr_line' id='line_1_3' title="bbox 195 935 1364 1008; baseline 0.006 -11"><span class='ocrx_word' id='word_1_12' title='bbox 195 945 197 952; x_wconf 79' lang='grc'>’</span> <span class='ocrx_word' id='word_1_13' title='bbox 314 935 496 1008; x_wconf 62' lang='lat' dir='ltr'>Medicam</span> <span class='ocrx_word' id='word_1_14' title='bbox 521 935 598 999; x_wconf 88' lang='lat' dir='ltr'>item</span> <span class='ocrx_word' id='word_1_15' title='bbox 614 935 813 1000; x_wconf 87' lang='lat' dir='ltr'>Fuketianus</span> <span class='ocrx_word' id='word_1_16' title='bbox 828 944 861 1000; x_wconf 92' lang='lat' dir='ltr'>et</span> <span class='ocrx_word' id='word_1_17' title='bbox 878 935 1066 1003; x_wconf 88' lang='lat' dir='ltr'>Savilianus.</span> <span class='ocrx_word' id='word_1_18' title='bbox 1086 939 1253 1004; x_wconf 64' lang='lat' dir='ltr'>Venusina.</span> <span class='ocrx_word' id='word_1_19' title='bbox 1300 940 1364 1004; x_wconf 89' lang='lat' dir='ltr'>Ad·</span> 
     </span>
    </p>
   </div>
   <div class='ocr_carea' id='block_1_3' title="bbox 308 1035 1367 2865">
    <p class='ocr_par' dir='ltr' id='par_1_3' title="bbox 313 1035 1367 1330">
     <span class='ocr_line' id='line_1_4' title="bbox 313 1035 1365 1128; baseline 0.01 -29"><span class='ocrx_word' id='word_1_20' title='bbox 313 1036 396 1100; x_wconf 86' lang='lat' dir='ltr'><strong>didit</strong></span> <span class='ocrx_word' id='word_1_21' title='bbox 410 1035 578 1122; x_wconf 77' lang='lat' dir='ltr'>Odristepb.</span> <span class='ocrx_word' id='word_1_22' title='bbox 591 1038 686 1101; x_wconf 64' lang='lat' dir='ltr'>Issit.</span> <span class='ocrx_word' id='word_1_23' title='bbox 700 1037 1011 1116; x_wconf 78' lang='lat' dir='ltr'>Strothius‚eodirem</span> <span class='ocrx_word' id='word_1_24' title='bbox 1020 1042 1157 1125; x_wconf 68' lang='lat' dir='ltr'>Nesseis.</span> <span class='ocrx_word' id='word_1_25' title='bbox 1169 1050 1204 1106; x_wconf 91' lang='lat' dir='ltr'>et</span> <span class='ocrx_word' id='word_1_26' title='bbox 1214 1042 1365 1128; x_wconf 80' lang='lat' dir='ltr'>Scaligeri</span> 
     </span>
     <span class='ocr_line' id='line_1_5' title="bbox 314 1139 1367 1225; baseline 0.009 -24"><span class='ocrx_word' id='word_1_27' title='bbox 314 1139 504 1224; x_wconf 85' lang='lat' dir='ltr'>exemplum,</span> <span class='ocrx_word' id='word_1_28' title='bbox 526 1162 595 1225; x_wconf 86' lang='lat' dir='ltr'>ego.</span> <span class='ocrx_word' id='word_1_29' title='bbox 641 1139 671 1203; x_wconf 93' lang='lat' dir='ltr'><strong>N</strong></span> <span class='ocrx_word' id='word_1_30' title='bbox 674 1162 733 1204; x_wconf 91' lang='lat' dir='ltr'>une</span> <span class='ocrx_word' id='word_1_31' title='bbox 747 1141 938 1208; x_wconf 78' lang='lat' dir='ltr'><strong>adnumerat</strong></span> <span class='ocrx_word' id='word_1_32' title='bbox 955 1144 1046 1208; x_wconf 88' lang='lat' dir='ltr'>eodd.</span> <span class='ocrx_word' id='word_1_33' title='bbox 1062 1153 1185 1208; x_wconf 71' lang='lat' dir='ltr'>eeteros</span> <span class='ocrx_word' id='word_1_34' title='bbox 1202 1145 1367 1211; x_wconf 84' lang='lat' dir='ltr'>Burteuus</span> 
     </span>
     <span class='ocr_line' id='line_1_6' title="bbox 313 1243 931 1330; baseline 0.005 -25"><span class='ocrx_word' id='word_1_35' title='bbox 313 1251 434 1328; x_wconf 71' lang='lat' dir='ltr'>praeter</span> <span class='ocrx_word' id='word_1_36' title='bbox 447 1243 577 1328; x_wconf 75' lang='lat' dir='ltr'>Repium</span> <span class='ocrx_word' id='word_1_37' title='bbox 592 1250 626 1306; x_wconf 89' lang='lat' dir='ltr'>et</span> <span class='ocrx_word' id='word_1_38' title='bbox 641 1244 745 1306; x_wconf 72' lang='lat' dir='ltr'>Poris.</span> <span class='ocrx_word' id='word_1_39' title='bbox 760 1253 931 1330; x_wconf 78' lang='lat' dir='ltr'>utramque.</span> 
     </span>
    </p>

    <p class='ocr_par' dir='ltr' id='par_1_4' title="bbox 312 1347 1367 1617">
     <span class='ocr_line' id='line_1_7' title="bbox 358 1347 1365 1431; baseline 0.006 -23"><span class='ocrx_word' id='word_1_40' title='bbox 358 1347 395 1409; x_wconf 88' lang='lat' dir='ltr'>P.</span> <span class='ocrx_word' id='word_1_41' title='bbox 410 1365 461 1410; x_wconf 71' lang='grc' dir='ltr'>αι.</span> <span class='ocrx_word' id='word_1_42' title='bbox 483 1347 503 1410; x_wconf 92' lang='lat' dir='ltr'>l.</span> <span class='ocrx_word' id='word_1_43' title='bbox 522 1365 550 1429; x_wconf 89' lang='lat'>7.</span> <span class='ocrx_word' id='word_1_44' title='bbox 574 1348 623 1410; x_wconf 81' lang='grc' dir='ltr'>καὶ</span> <span class='ocrx_word' id='word_1_45' title='bbox 647 1347 860 1431; x_wconf 78' lang='grc' dir='ltr'>ψευδολογίας]</span> <span class='ocrx_word' id='word_1_46' title='bbox 887 1348 935 1410; x_wconf 81' lang='grc' dir='ltr'>καὶ</span> <span class='ocrx_word' id='word_1_47' title='bbox 958 1350 1012 1412; x_wconf 78' lang='grc' dir='ltr'>τὰς</span> <span class='ocrx_word' id='word_1_48' title='bbox 1033 1354 1070 1429; x_wconf 75' lang='grc' dir='ltr'>ψ.</span> <span class='ocrx_word' id='word_1_49' title='bbox 1092 1349 1167 1412; x_wconf 79' lang='lat' dir='ltr'>MS.</span> <span class='ocrx_word' id='word_1_50' title='bbox 1183 1348 1282 1412; x_wconf 81' lang='lat' dir='ltr'>Soeil.</span> <span class='ocrx_word' id='word_1_51' title='bbox 1309 1371 1365 1414; x_wconf 89' lang='lat' dir='ltr'>seu</span> 
     </span>
     <span class='ocr_line' id='line_1_8' title="bbox 312 1448 1367 1536; baseline 0.004 -24"><span class='ocrx_word' id='word_1_52' title='bbox 312 1449 404 1513; x_wconf 85' lang='lat' dir='ltr'>Bedl.</span> <span class='ocrx_word' id='word_1_53' title='bbox 428 1457 462 1513; x_wconf 91' lang='lat' dir='ltr'>et</span> <span class='ocrx_word' id='word_1_54' title='bbox 484 1450 633 1534; x_wconf 64' lang='grc' dir='ltr'>Θεωρίαν</span> <span class='ocrx_word' id='word_1_55' title='bbox 654 1449 784 1532; x_wconf 78' lang='lat' dir='ltr'>Syaeell.</span> <span class='ocrx_word' id='word_1_56' title='bbox 808 1448 862 1534; x_wconf 94' lang='lat' dir='ltr'>qui</span> <span class='ocrx_word' id='word_1_57' title='bbox 888 1449 956 1513; x_wconf 82' lang='lat' dir='ltr'>lraee</span> <span class='ocrx_word' id='word_1_58' title='bbox 980 1449 1013 1512; x_wconf 90' lang='lat' dir='ltr'>in</span> <span class='ocrx_word' id='word_1_59' title='bbox 1035 1450 1282 1536; x_wconf 71' lang='lat' dir='ltr'>Chronoprapdie</span> <span class='ocrx_word' id='word_1_60' title='bbox 1306 1473 1367 1516; x_wconf 85' lang='lat' dir='ltr'>sua</span> 
     </span>
     <span class='ocr_line' id='line_1_9' title="bbox 312 1553 435 1617; baseline -0.041 0"><span class='ocrx_word' id='word_1_61' title='bbox 312 1553 435 1617; x_wconf 90' lang='lat' dir='ltr'>attulit.</span> 
     </span>
    </p>

    <p class='ocr_par' dir='ltr' id='par_1_5' title="bbox 308 1653 1367 2865">
     <span class='ocr_line' id='line_1_10' title="bbox 358 1653 1365 1738; baseline 0.005 -22"><span class='ocrx_word' id='word_1_62' title='bbox 358 1655 442 1719; x_wconf 88' lang='lat' dir='ltr'>lbid.</span> <span class='ocrx_word' id='word_1_63' title='bbox 470 1655 525 1734; x_wconf 74' lang='grc' dir='ltr'>τὴν</span> <span class='ocrx_word' id='word_1_64' title='bbox 560 1654 788 1738; x_wconf 79' lang='grc' dir='ltr'>ἀκοινωνησίαν]</span> <span class='ocrx_word' id='word_1_65' title='bbox 827 1654 880 1718; x_wconf 78' lang='lat' dir='ltr'>lea</span> <span class='ocrx_word' id='word_1_66' title='bbox 915 1653 1003 1738; x_wconf 82' lang='lat' dir='ltr'>loqui</span> <span class='ocrx_word' id='word_1_67' title='bbox 1039 1655 1165 1720; x_wconf 84' lang='lat' dir='ltr'>videtur</span> <span class='ocrx_word' id='word_1_68' title='bbox 1200 1655 1365 1721; x_wconf 77' lang='lat' dir='ltr'>Cornelius</span> 
     </span>
     <span class='ocr_line' id='line_1_11' title="bbox 313 1755 1364 1843; baseline 0.002 -23"><span class='ocrx_word' id='word_1_69' title='bbox 313 1765 446 1843; x_wconf 85' lang='lat' dir='ltr'>propter</span> <span class='ocrx_word' id='word_1_70' title='bbox 467 1756 657 1842; x_wconf 76' lang='lat' dir='ltr'>peculiarem</span> <span class='ocrx_word' id='word_1_71' title='bbox 680 1755 851 1820; x_wconf 88' lang='lat' dir='ltr'>Novatiani</span> <span class='ocrx_word' id='word_1_72' title='bbox 873 1756 1063 1842; x_wconf 76' lang='lat' dir='ltr'>opinionem,</span> <span class='ocrx_word' id='word_1_73' title='bbox 1087 1778 1183 1840; x_wconf 89' lang='lat' dir='ltr'>quam</span> <span class='ocrx_word' id='word_1_74' title='bbox 1207 1757 1364 1823; x_wconf 84' lang='lat' dir='ltr'>Eusebius</span> 
     </span>
     <span class='ocr_line' id='line_1_12' title="bbox 312 1857 1367 1942; baseline 0.003 -21"><span class='ocrx_word' id='word_1_75' title='bbox 312 1858 367 1922; x_wconf 92' lang='lat' dir='ltr'>lib.</span> <span class='ocrx_word' id='word_1_76' title='bbox 384 1859 423 1922; x_wconf 90' lang='lat' dir='ltr'>vi.</span> <span class='ocrx_word' id='word_1_77' title='bbox 446 1882 472 1922; x_wconf 91' lang='lat' dir='ltr'>e.</span> <span class='ocrx_word' id='word_1_78' title='bbox 489 1879 542 1942; x_wconf 85' lang='lat'>43.</span> <span class='ocrx_word' id='word_1_79' title='bbox 568 1857 761 1939; x_wconf 75' lang='grc' dir='ltr'>μισαδελφῆν</span> <span class='ocrx_word' id='word_1_80' title='bbox 791 1859 837 1922; x_wconf 90' lang='grc' dir='ltr'>καὶ</span> <span class='ocrx_word' id='word_1_81' title='bbox 872 1860 1149 1940; x_wconf 79' lang='grc' dir='ltr'>ἆνανθραποτατὴν,</span> <span class='ocrx_word' id='word_1_82' title='bbox 1175 1880 1198 1922; x_wconf 82' lang='grc' dir='ltr'>α</span> <span class='ocrx_word' id='word_1_83' title='bbox 1217 1860 1367 1942; x_wconf 70' lang='lat' dir='ltr'>fraterna</span> 
     </span>
     <span class='ocr_line' id='line_1_13' title="bbox 312 1957 1364 2043; baseline 0 -20"><span class='ocrx_word' id='word_1_84' title='bbox 312 1960 442 2023; x_wconf 76' lang='lat' dir='ltr'>ueritate</span> <span class='ocrx_word' id='word_1_85' title='bbox 452 1957 653 2023; x_wconf 69' lang='lat' dir='ltr'>atumem</span> <span class='ocrx_word' id='word_1_86' title='bbox 667 1967 695 2022; x_wconf 77' lang='lat' dir='ltr'>et</span> <span class='ocrx_word' id='word_1_87' title='bbox 706 1959 990 2024; x_wconf 67' lang='lat' dir='ltr'>inhumanissimam</span> <span class='ocrx_word' id='word_1_88' title='bbox 1001 1967 1112 2023; x_wconf 88' lang='lat' dir='ltr'>vooat:</span> <span class='ocrx_word' id='word_1_89' title='bbox 1135 1959 1364 2043; x_wconf 88' lang='lat' dir='ltr'>quiavidelioet</span> 
     </span>
     <span class='ocr_line' id='line_1_14' title="bbox 312 2060 1363 2145; baseline 0.001 -21"><span class='ocrx_word' id='word_1_90' title='bbox 312 2060 482 2125; x_wconf 80' lang='lat' dir='ltr'>haeretieus</span> <span class='ocrx_word' id='word_1_91' title='bbox 505 2060 566 2124; x_wconf 88' lang='lat' dir='ltr'>iste</span> <span class='ocrx_word' id='word_1_92' title='bbox 587 2060 683 2145; x_wconf 80' lang='lat' dir='ltr'>lapsis</span> <span class='ocrx_word' id='word_1_93' title='bbox 702 2061 929 2126; x_wconf 80' lang='lat' dir='ltr'>communionis</span> <span class='ocrx_word' id='word_1_94' title='bbox 951 2083 990 2125; x_wconf 88' lang='lat' dir='ltr'>ae</span> <span class='ocrx_word' id='word_1_95' title='bbox 1013 2060 1102 2145; x_wconf 89' lang='lat' dir='ltr'>paois</span> <span class='ocrx_word' id='word_1_96' title='bbox 1126 2082 1216 2145; x_wconf 88' lang='lat' dir='ltr'>spem</span> <span class='ocrx_word' id='word_1_97' title='bbox 1237 2083 1363 2125; x_wconf 90' lang='lat' dir='ltr'>omnem</span> 
     </span>
     <span class='ocr_line' id='line_1_15' title="bbox 310 2163 1363 2249; baseline 0.001 -21"><span class='ocrx_word' id='word_1_98' title='bbox 310 2164 484 2228; x_wconf 75' lang='lat' dir='ltr'>adimebat.</span> <span class='ocrx_word' id='word_1_99' title='bbox 530 2163 652 2228; x_wconf 87' lang='lat' dir='ltr'>Eadem</span> <span class='ocrx_word' id='word_1_100' title='bbox 667 2164 796 2228; x_wconf 86' lang='lat' dir='ltr'>haeresis</span> <span class='ocrx_word' id='word_1_101' title='bbox 811 2173 844 2229; x_wconf 92' lang='lat' dir='ltr'>et</span> <span class='ocrx_word' id='word_1_102' title='bbox 858 2165 944 2249; x_wconf 90' lang='lat' dir='ltr'>apud</span> <span class='ocrx_word' id='word_1_103' title='bbox 954 2163 1146 2249; x_wconf 82' lang='lat' dir='ltr'>prrianum</span> <span class='ocrx_word' id='word_1_104' title='bbox 1162 2163 1194 2226; x_wconf 92' lang='lat' dir='ltr'>in</span> <span class='ocrx_word' id='word_1_105' title='bbox 1207 2163 1363 2229; x_wconf 86' lang='lat' dir='ltr'>Traotatu</span> 
     </span>
     <span class='ocr_line' id='line_1_16' title="bbox 310 2266 1361 2351; baseline -0.002 -19"><span class='ocrx_word' id='word_1_106' title='bbox 310 2268 354 2332; x_wconf 92' lang='lat' dir='ltr'>ad</span> <span class='ocrx_word' id='word_1_107' title='bbox 370 2267 598 2343; x_wconf 87' lang='lat' dir='ltr'>Novatianum‚</span> <span class='ocrx_word' id='word_1_108' title='bbox 612 2277 646 2333; x_wconf 93' lang='lat' dir='ltr'>et</span> <span class='ocrx_word' id='word_1_109' title='bbox 660 2268 702 2331; x_wconf 91' lang='lat' dir='ltr'>ab</span> <span class='ocrx_word' id='word_1_110' title='bbox 718 2267 914 2351; x_wconf 80' lang='lat' dir='ltr'>Hieronymo</span> <span class='ocrx_word' id='word_1_111' title='bbox 938 2266 1029 2330; x_wconf 87' lang='lat' dir='ltr'>initio</span> <span class='ocrx_word' id='word_1_112' title='bbox 1044 2266 1187 2351; x_wconf 74' lang='lat' dir='ltr'>epistolas</span> <span class='ocrx_word' id='word_1_113' title='bbox 1201 2267 1244 2331; x_wconf 90' lang='lat' dir='ltr'>ad</span> <span class='ocrx_word' id='word_1_114' title='bbox 1260 2267 1361 2330; x_wconf 88' lang='lat' dir='ltr'>Oeea·</span> 
     </span>
     <span class='ocr_line' id='line_1_17' title="bbox 310 2368 1361 2455; baseline 0 -22"><span class='ocrx_word' id='word_1_115' title='bbox 310 2392 398 2447; x_wconf 90' lang='lat' dir='ltr'>uum,</span> <span class='ocrx_word' id='word_1_116' title='bbox 412 2372 511 2434; x_wconf 72' lang='lat' dir='ltr'>Caino</span> <span class='ocrx_word' id='word_1_117' title='bbox 519 2371 641 2435; x_wconf 70' lang='lat' dir='ltr'>baeresei</span> <span class='ocrx_word' id='word_1_118' title='bbox 654 2368 843 2455; x_wconf 87' lang='lat' dir='ltr'>appellatur,</span> <span class='ocrx_word' id='word_1_119' title='bbox 855 2371 930 2434; x_wconf 87' lang='lat' dir='ltr'>lieet</span> <span class='ocrx_word' id='word_1_120' title='bbox 941 2371 1066 2434; x_wconf 85' lang='lat' dir='ltr'>diversa</span> <span class='ocrx_word' id='word_1_121' title='bbox 1077 2370 1214 2454; x_wconf 89' lang='lat' dir='ltr'>quadam</span> <span class='ocrx_word' id='word_1_122' title='bbox 1227 2369 1361 2434; x_wconf 87' lang='lat' dir='ltr'>ratione.</span> 
     </span>
     <span class='ocr_line' id='line_1_18' title="bbox 311 2471 1363 2558; baseline -0.001 -21"><span class='ocrx_word' id='word_1_123' title='bbox 311 2474 363 2537; x_wconf 88' lang='lat' dir='ltr'>Sie</span> <span class='ocrx_word' id='word_1_124' title='bbox 378 2495 492 2558; x_wconf 82' lang='lat' dir='ltr'>nempe</span> <span class='ocrx_word' id='word_1_125' title='bbox 507 2480 709 2558; x_wconf 89' lang='lat' dir='ltr'>nuneupatur</span> <span class='ocrx_word' id='word_1_126' title='bbox 722 2495 743 2535; x_wconf 89' lang='lat' dir='ltr'>a</span> <span class='ocrx_word' id='word_1_127' title='bbox 756 2472 900 2557; x_wconf 85' lang='lat' dir='ltr'>praedieti</span> <span class='ocrx_word' id='word_1_128' title='bbox 917 2472 1090 2537; x_wconf 72' lang='lat' dir='ltr'>Tractatus</span> <span class='ocrx_word' id='word_1_129' title='bbox 1105 2472 1271 2556; x_wconf 80' lang='lat' dir='ltr'>scriptore,</span> <span class='ocrx_word' id='word_1_130' title='bbox 1287 2471 1363 2557; x_wconf 83' lang='lat' dir='ltr'>quia</span> 
     </span>
     <span class='ocr_line' id='line_1_19' title="bbox 309 2573 1363 2659; baseline 0 -21"><span class='ocrx_word' id='word_1_131' title='bbox 309 2576 431 2639; x_wconf 76' lang='lat' dir='ltr'>aeaeisi</span> <span class='ocrx_word' id='word_1_132' title='bbox 449 2585 567 2639; x_wconf 70' lang='lat' dir='ltr'>metm</span> <span class='ocrx_word' id='word_1_133' title='bbox 586 2574 718 2639; x_wconf 71' lang='lat' dir='ltr'>occidere</span> <span class='ocrx_word' id='word_1_134' title='bbox 736 2575 844 2659; x_wconf 74' lang='lat' dir='ltr'>9atit,·</span> <span class='ocrx_word' id='word_1_135' title='bbox 873 2575 916 2639; x_wconf 92' lang='lat' dir='ltr'>ab</span> <span class='ocrx_word' id='word_1_136' title='bbox 933 2574 1132 2658; x_wconf 86' lang='lat' dir='ltr'>Hieronymo</span> <span class='ocrx_word' id='word_1_137' title='bbox 1151 2581 1270 2652; x_wconf 91' lang='lat' dir='ltr'>autem,</span> <span class='ocrx_word' id='word_1_138' title='bbox 1287 2573 1363 2658; x_wconf 86' lang='lat' dir='ltr'>quia</span> 
     </span>
     <span class='ocr_line' id='line_1_20' title="bbox 309 2677 1360 2763; baseline -0.002 -21"><span class='ocrx_word' id='word_1_139' title='bbox 309 2677 412 2742; x_wconf 73' lang='lat' dir='ltr'>Caino</span> <span class='ocrx_word' id='word_1_140' title='bbox 426 2677 537 2742; x_wconf 89' lang='lat' dir='ltr'>similis</span> <span class='ocrx_word' id='word_1_141' title='bbox 551 2677 732 2763; x_wconf 72' lang='lat' dir='ltr'>desperanti</span> <span class='ocrx_word' id='word_1_142' title='bbox 747 2699 785 2741; x_wconf 90' lang='lat' dir='ltr'>ae</span> <span class='ocrx_word' id='word_1_143' title='bbox 800 2677 930 2753; x_wconf 80' lang='lat' dir='ltr'>dieenti,</span> <span class='ocrx_word' id='word_1_144' title='bbox 944 2677 1053 2759; x_wconf 74' lang='lat' dir='ltr'>Majirr</span> <span class='ocrx_word' id='word_1_145' title='bbox 1065 2687 1107 2740; x_wconf 79' lang='lat' dir='ltr'>set</span> <span class='ocrx_word' id='word_1_146' title='bbox 1120 2677 1271 2762; x_wconf 77' lang='lat' dir='ltr'>iniquitas</span> <span class='ocrx_word' id='word_1_147' title='bbox 1283 2698 1360 2754; x_wconf 81' lang='grc' dir='ltr'>οιοα,</span> 
     </span>
     <span class='ocr_line' id='line_1_21' title="bbox 308 2779 1362 2865; baseline -0.004 -21"><span class='ocrx_word' id='word_1_148' title='bbox 308 2802 401 2865; x_wconf 76' lang='lat' dir='ltr'>quum</span> <span class='ocrx_word' id='word_1_149' title='bbox 414 2789 449 2844; x_wconf 79' lang='lat' dir='ltr'>ut</span> <span class='ocrx_word' id='word_1_150' title='bbox 462 2780 582 2843; x_wconf 79' lang='lat' dir='ltr'>oeaiom</span> <span class='ocrx_word' id='word_1_151' title='bbox 595 2801 724 2854; x_wconf 76' lang='lat' dir='ltr'>merear,</span> <span class='ocrx_word' id='word_1_152' title='bbox 738 2779 877 2863; x_wconf 81' lang='lat' dir='ltr'>peccatis</span> <span class='ocrx_word' id='word_1_153' title='bbox 889 2779 1028 2843; x_wconf 86' lang='lat' dir='ltr'>nonullis</span> <span class='ocrx_word' id='word_1_154' title='bbox 1041 2780 1141 2843; x_wconf 82' lang='lat' dir='ltr'>veniae</span> <span class='ocrx_word' id='word_1_155' title='bbox 1162 2800 1253 2865; x_wconf 87' lang='lat' dir='ltr'>spem</span> <span class='ocrx_word' id='word_1_156' title='bbox 1272 2799 1362 2862; x_wconf 86' lang='lat' dir='ltr'>prer-</span> 
     </span>
    </p>
   </div>
   <div class='ocr_carea' id='block_1_4' title="bbox 307 2880 1362 3579">
    <p class='ocr_par' dir='ltr' id='par_1_6' title="bbox 308 2880 1362 3069">
     <span class='ocr_line' id='line_1_22' title="bbox 308 2880 1362 2967; baseline -0.002 -21"><span class='ocrx_word' id='word_1_157' title='bbox 308 2905 362 2946; x_wconf 86' lang='lat' dir='ltr'>sus</span> <span class='ocrx_word' id='word_1_158' title='bbox 385 2889 493 2966; x_wconf 83' lang='lat' dir='ltr'>negat,</span> <span class='ocrx_word' id='word_1_159' title='bbox 514 2883 657 2967; x_wconf 80' lang='lat' dir='ltr'>adeoque</span> <span class='ocrx_word' id='word_1_160' title='bbox 675 2881 753 2944; x_wconf 77' lang='lat' dir='ltr'>dieii</span> <span class='ocrx_word' id='word_1_161' title='bbox 775 2880 883 2965; x_wconf 79' lang='lat' dir='ltr'>aliquo</span> <span class='ocrx_word' id='word_1_162' title='bbox 906 2902 965 2945; x_wconf 73' lang='lat' dir='ltr'>ms</span> <span class='ocrx_word' id='word_1_163' title='bbox 977 2889 1116 2966; x_wconf 73' lang='lat' dir='ltr'>peceato,</span> <span class='ocrx_word' id='word_1_164' title='bbox 1136 2901 1204 2966; x_wconf 86' lang='lat' dir='ltr'>quae</span> <span class='ocrx_word' id='word_1_165' title='bbox 1223 2880 1362 2946; x_wconf 72' lang='lat' dir='ltr'>Christus</span> 
     </span>
     <span class='ocr_line' id='line_1_23' title="bbox 308 2982 1048 3069; baseline -0.007 -20"><span class='ocrx_word' id='word_1_166' title='bbox 308 3007 366 3049; x_wconf 79' lang='lat' dir='ltr'>eoa</span> <span class='ocrx_word' id='word_1_167' title='bbox 374 2985 472 3069; x_wconf 68' lang='lat' dir='ltr'>posui</span> <span class='ocrx_word' id='word_1_168' title='bbox 480 3005 618 3069; x_wconf 74' lang='lat' dir='ltr'>perpure</span> <span class='ocrx_word' id='word_1_169' title='bbox 631 2984 776 3067; x_wconf 70' lang='lat' dir='ltr'>sebeniae</span> <span class='ocrx_word' id='word_1_170' title='bbox 789 3004 851 3046; x_wconf 80' lang='grc' dir='ltr'>οαο.</span> <span class='ocrx_word' id='word_1_171' title='bbox 874 2982 1048 3047; x_wconf 71' lang='lat' dir='ltr'>Oeusruun</span> 
     </span>
    </p>

    <p class='ocr_par' dir='ltr' id='par_1_7' title="bbox 307 3081 1360 3579">
     <span class='ocr_line' id='line_1_24' title="bbox 351 3081 1360 3169; baseline -0.002 -20"><span class='ocrx_word' id='word_1_172' title='bbox 351 3086 538 3150; x_wconf 83' lang='lat' dir='ltr'>lbid.l.10.</span> <span class='ocrx_word' id='word_1_173' title='bbox 563 3091 647 3148; x_wconf 75' lang='grc' dir='ltr'>τοῦτο</span> <span class='ocrx_word' id='word_1_174' title='bbox 669 3088 726 3165; x_wconf 68' lang='grc' dir='ltr'>μὲν</span> <span class='ocrx_word' id='word_1_175' title='bbox 749 3087 928 3157; x_wconf 78' lang='grc' dir='ltr'>ἐπισκόπων,</span> <span class='ocrx_word' id='word_1_176' title='bbox 949 3082 1023 3169; x_wconf 74' lang='lat' dir='ltr'>dee]</span> <span class='ocrx_word' id='word_1_177' title='bbox 1048 3082 1197 3168; x_wconf 86' lang='lat' dir='ltr'>Quinque</span> <span class='ocrx_word' id='word_1_178' title='bbox 1220 3081 1360 3147; x_wconf 78' lang='lat' dir='ltr'>adfuisse</span> 
     </span>
     <span class='ocr_line' id='line_1_25' title="bbox 309 3185 1359 3274; baseline -0.005 -22"><span class='ocrx_word' id='word_1_179' title='bbox 309 3188 414 3274; x_wconf 81' lang='lat' dir='ltr'>Epist.</span> <span class='ocrx_word' id='word_1_180' title='bbox 425 3188 465 3251; x_wconf 82' lang='lat' dir='ltr'>vi.</span> <span class='ocrx_word' id='word_1_181' title='bbox 482 3210 512 3251; x_wconf 91' lang='lat' dir='ltr'>n.</span> <span class='ocrx_word' id='word_1_182' title='bbox 529 3208 556 3250; x_wconf 82' lang='lat'>2.</span> <span class='ocrx_word' id='word_1_183' title='bbox 575 3187 681 3271; x_wconf 89' lang='lat' dir='ltr'>(epist.</span> <span class='ocrx_word' id='word_1_184' title='bbox 696 3186 867 3271; x_wconf 84' lang='lat' dir='ltr'>superioris</span> <span class='ocrx_word' id='word_1_185' title='bbox 883 3208 955 3270; x_wconf 88' lang='lat' dir='ltr'>pag.</span> <span class='ocrx_word' id='word_1_186' title='bbox 967 3187 1031 3265; x_wconf 87' lang='lat'><strong>18.)</strong></span> <span class='ocrx_word' id='word_1_187' title='bbox 1048 3185 1206 3249; x_wconf 83' lang='lat' dir='ltr'>dicuutur.</span> <span class='ocrx_word' id='word_1_188' title='bbox 1240 3185 1359 3248; x_wconf 90' lang='lat' dir='ltr'>Mirum</span> 
     </span>
     <span class='ocr_line' id='line_1_26' title="bbox 308 3286 1360 3374; baseline -0.003 -20"><span class='ocrx_word' id='word_1_189' title='bbox 308 3298 357 3354; x_wconf 87' lang='lat' dir='ltr'>est</span> <span class='ocrx_word' id='word_1_190' title='bbox 380 3299 509 3354; x_wconf 87' lang='lat' dir='ltr'>tantum</span> <span class='ocrx_word' id='word_1_191' title='bbox 531 3289 583 3352; x_wconf 90' lang='lat' dir='ltr'>bie</span> <span class='ocrx_word' id='word_1_192' title='bbox 602 3290 805 3374; x_wconf 88' lang='lat' dir='ltr'>presbyteros</span> <span class='ocrx_word' id='word_1_193' title='bbox 828 3287 1007 3362; x_wconf 85' lang='lat' dir='ltr'>memorari,</span> <span class='ocrx_word' id='word_1_194' title='bbox 1030 3310 1069 3351; x_wconf 90' lang='lat' dir='ltr'>ao</span> <span class='ocrx_word' id='word_1_195' title='bbox 1089 3286 1188 3351; x_wconf 91' lang='lat' dir='ltr'>taoeri</span> <span class='ocrx_word' id='word_1_196' title='bbox 1209 3287 1360 3351; x_wconf 80' lang='lat' dir='ltr'>diaconos</span> 
     </span>
     <span class='ocr_line' id='line_1_27' title="bbox 307 3385 1359 3477; baseline -0.004 -22"><span class='ocrx_word' id='word_1_197' title='bbox 307 3393 425 3456; x_wconf 80' lang='lat' dir='ltr'>aliosve</span> <span class='ocrx_word' id='word_1_198' title='bbox 445 3390 587 3467; x_wconf 80' lang='lat' dir='ltr'>elericos,</span> <span class='ocrx_word' id='word_1_199' title='bbox 600 3391 777 3477; x_wconf 85' lang='lat' dir='ltr'>praesertim</span> <span class='ocrx_word' id='word_1_200' title='bbox 798 3411 869 3453; x_wconf 86' lang='lat' dir='ltr'>eum</span> <span class='ocrx_word' id='word_1_201' title='bbox 888 3387 960 3452; x_wconf 87' lang='lat' dir='ltr'>la&#39;iei</span> <span class='ocrx_word' id='word_1_202' title='bbox 982 3388 1080 3452; x_wconf 86' lang='lat' dir='ltr'>etiam</span> <span class='ocrx_word' id='word_1_203' title='bbox 1100 3386 1270 3451; x_wconf 84' lang='lat' dir='ltr'>adfuerint.</span> <span class='ocrx_word' id='word_1_204' title='bbox 1320 3385 1359 3451; x_wconf 92' lang='lat' dir='ltr'>In</span> 
     </span>
     <span class='ocr_line' id='line_1_28' title="bbox 308 3487 1359 3579; baseline -0.007 -21"><span class='ocrx_word' id='word_1_205' title='bbox 308 3494 442 3579; x_wconf 88' lang='lat' dir='ltr'>epistola</span> <span class='ocrx_word' id='word_1_206' title='bbox 457 3493 584 3576; x_wconf 91' lang='lat' dir='ltr'>quidem</span> <span class='ocrx_word' id='word_1_207' title='bbox 598 3493 640 3556; x_wconf 85' lang='lat' dir='ltr'>vi.</span> <span class='ocrx_word' id='word_1_208' title='bbox 656 3514 687 3555; x_wconf 90' lang='lat' dir='ltr'>n.</span> <span class='ocrx_word' id='word_1_209' title='bbox 704 3510 733 3556; x_wconf 82' lang='lat' dir='ltr'>a.</span> <span class='ocrx_word' id='word_1_210' title='bbox 749 3491 866 3555; x_wconf 86' lang='lat' dir='ltr'>dieitur</span> <span class='ocrx_word' id='word_1_211' title='bbox 873 3489 1094 3575; x_wconf 70' lang='lat' dir='ltr'>presbyterium</span> <span class='ocrx_word' id='word_1_212' title='bbox 1114 3489 1174 3552; x_wconf 88' lang='lat' dir='ltr'>hae</span> <span class='ocrx_word' id='word_1_213' title='bbox 1194 3487 1359 3551; x_wconf 88' lang='lat' dir='ltr'>oeeasione</span> 
     </span>
    </p>
   </div>
   <div class='ocr_carea' id='block_1_5' title="bbox 305 3590 1359 4596">
    <p class='ocr_par' dir='ltr' id='par_1_8' title="bbox 307 3590 1359 3884">
     <span class='ocr_line' id='line_1_29' title="bbox 308 3590 1359 3675; baseline -0.004 -16"><span class='ocrx_word' id='word_1_214' title='bbox 308 3603 519 3659; x_wconf 87' lang='lat' dir='ltr'>eontraetum.</span> <span class='ocrx_word' id='word_1_215' title='bbox 567 3594 630 3657; x_wconf 88' lang='lat' dir='ltr'>Sed</span> <span class='ocrx_word' id='word_1_216' title='bbox 651 3593 713 3657; x_wconf 88' lang='lat' dir='ltr'>hoe</span> <span class='ocrx_word' id='word_1_217' title='bbox 728 3593 879 3657; x_wconf 84' lang='lat' dir='ltr'>veoabulo</span> <span class='ocrx_word' id='word_1_218' title='bbox 900 3593 975 3657; x_wconf 86' lang='lat' dir='ltr'>oleri</span> <span class='ocrx_word' id='word_1_219' title='bbox 995 3601 1098 3658; x_wconf 88' lang='lat' dir='ltr'>eoetus</span> <span class='ocrx_word' id='word_1_220' title='bbox 1118 3590 1270 3675; x_wconf 87' lang='lat' dir='ltr'>apotiori</span> <span class='ocrx_word' id='word_1_221' title='bbox 1291 3591 1359 3674; x_wconf 90' lang='lat' dir='ltr'>ejus</span> 
     </span>
     <span class='ocr_line' id='line_1_30' title="bbox 308 3693 1358 3783; baseline -0.006 -21"><span class='ocrx_word' id='word_1_222' title='bbox 308 3706 401 3783; x_wconf 88' lang='lat' dir='ltr'>parte</span> <span class='ocrx_word' id='word_1_223' title='bbox 420 3697 579 3783; x_wconf 81' lang='lat' dir='ltr'>designari</span> <span class='ocrx_word' id='word_1_224' title='bbox 601 3697 735 3760; x_wconf 86' lang='lat' dir='ltr'>solebat.</span> <span class='ocrx_word' id='word_1_225' title='bbox 782 3696 881 3761; x_wconf 87' lang='lat' dir='ltr'>Forte</span> <span class='ocrx_word' id='word_1_226' title='bbox 904 3696 1001 3761; x_wconf 89' lang='lat' dir='ltr'>etiam</span> <span class='ocrx_word' id='word_1_227' title='bbox 1025 3696 1137 3759; x_wconf 86' lang='lat' dir='ltr'>eadem</span> <span class='ocrx_word' id='word_1_228' title='bbox 1158 3693 1284 3758; x_wconf 87' lang='lat' dir='ltr'>ratione</span> <span class='ocrx_word' id='word_1_229' title='bbox 1307 3693 1358 3756; x_wconf 91' lang='lat' dir='ltr'>hie</span> 
     </span>
     <span class='ocr_line' id='line_1_31' title="bbox 307 3796 1343 3884; baseline -0.005 -21"><span class='ocrx_word' id='word_1_230' title='bbox 307 3799 564 3884; x_wconf 86' lang='lat' dir='ltr'>presbyteromm</span> <span class='ocrx_word' id='word_1_231' title='bbox 580 3799 705 3862; x_wconf 88' lang='lat' dir='ltr'>nomine</span> <span class='ocrx_word' id='word_1_232' title='bbox 720 3806 809 3862; x_wconf 87' lang='lat' dir='ltr'>totus</span> <span class='ocrx_word' id='word_1_233' title='bbox 823 3798 925 3862; x_wconf 79' lang='lat' dir='ltr'>clerus</span> <span class='ocrx_word' id='word_1_234' title='bbox 940 3797 1145 3883; x_wconf 78' lang='lat' dir='ltr'>significatur.</span> <span class='ocrx_word' id='word_1_235' title='bbox 1169 3796 1343 3861; x_wconf 80' lang='lat' dir='ltr'>Oousmur.</span> 
     </span>
    </p>

    <p class='ocr_par' dir='ltr' id='par_1_9' title="bbox 305 3899 1357 4496">
     <span class='ocr_line' id='line_1_32' title="bbox 351 3899 1357 3986; baseline -0.002 -22"><span class='ocrx_word' id='word_1_236' title='bbox 351 3900 532 3984; x_wconf 83' lang='lat' dir='ltr'>1bid.l.17.</span> <span class='ocrx_word' id='word_1_237' title='bbox 555 3902 689 3983; x_wconf 75' lang='grc' dir='ltr'>ἆγαοητὲ</span> <span class='ocrx_word' id='word_1_238' title='bbox 704 3900 832 3984; x_wconf 65' lang='lat' dir='ltr'>desidi]</span> <span class='ocrx_word' id='word_1_239' title='bbox 856 3901 996 3977; x_wconf 79' lang='lat' dir='ltr'>Mutari,</span> <span class='ocrx_word' id='word_1_240' title='bbox 1017 3901 1045 3964; x_wconf 91' lang='lat' dir='ltr'>si</span> <span class='ocrx_word' id='word_1_241' title='bbox 1067 3901 1143 3986; x_wconf 93' lang='lat' dir='ltr'>quid</span> <span class='ocrx_word' id='word_1_242' title='bbox 1164 3901 1223 3964; x_wconf 89' lang='lat' dir='ltr'>hoo</span> <span class='ocrx_word' id='word_1_243' title='bbox 1249 3899 1357 3974; x_wconf 79' lang='lat' dir='ltr'>refert,</span> 
     </span>
     <span class='ocr_line' id='line_1_33' title="bbox 307 4000 1357 4086; baseline -0.001 -23"><span class='ocrx_word' id='word_1_244' title='bbox 307 4001 473 4064; x_wconf 88' lang='lat' dir='ltr'>verborum</span> <span class='ocrx_word' id='word_1_245' title='bbox 499 4000 642 4063; x_wconf 91' lang='lat' dir='ltr'>ordinem</span> <span class='ocrx_word' id='word_1_246' title='bbox 666 4022 706 4063; x_wconf 83' lang='lat' dir='ltr'>ex</span> <span class='ocrx_word' id='word_1_247' title='bbox 721 4001 821 4065; x_wconf 82' lang='lat' dir='ltr'>MSS.</span> <span class='ocrx_word' id='word_1_248' title='bbox 843 4003 934 4066; x_wconf 82' lang='lat' dir='ltr'>Bodl.</span> <span class='ocrx_word' id='word_1_249' title='bbox 958 4012 987 4066; x_wconf 74' lang='lat' dir='ltr'>et</span> <span class='ocrx_word' id='word_1_250' title='bbox 1008 4002 1147 4086; x_wconf 79' lang='lat' dir='ltr'>Norsolo.</span> <span class='ocrx_word' id='word_1_251' title='bbox 1170 4001 1357 4084; x_wconf 72' lang='lat' dir='ltr'>Geeryioque</span> 
     </span>
     <span class='ocr_line' id='line_1_34' title="bbox 307 4101 1357 4190; baseline -0.002 -23"><span class='ocrx_word' id='word_1_252' title='bbox 307 4102 440 4186; x_wconf 70' lang='lat' dir='ltr'>Synoeu.</span> <span class='ocrx_word' id='word_1_253' title='bbox 492 4101 555 4165; x_wconf 88' lang='lat' dir='ltr'>His</span> <span class='ocrx_word' id='word_1_254' title='bbox 581 4123 664 4164; x_wconf 88' lang='lat' dir='ltr'>nune</span> <span class='ocrx_word' id='word_1_255' title='bbox 690 4102 791 4166; x_wconf 84' lang='lat' dir='ltr'>addas</span> <span class='ocrx_word' id='word_1_256' title='bbox 813 4106 943 4190; x_wconf 75' lang='lat' dir='ltr'>quiaque</span> <span class='ocrx_word' id='word_1_257' title='bbox 965 4105 1077 4168; x_wconf 76' lang='lat' dir='ltr'>codices</span> <span class='ocrx_word' id='word_1_258' title='bbox 1102 4127 1123 4168; x_wconf 85' lang='lat' dir='ltr'>a</span> <span class='ocrx_word' id='word_1_259' title='bbox 1146 4103 1292 4167; x_wconf 87' lang='lat' dir='ltr'>Burtono</span> <span class='ocrx_word' id='word_1_260' title='bbox 1314 4101 1357 4166; x_wconf 87' lang='lat' dir='ltr'>ad</span> 
     </span>
     <span class='ocr_line' id='line_1_35' title="bbox 308 4203 1357 4282; baseline -0.002 -14"><span class='ocrx_word' id='word_1_261' title='bbox 308 4205 480 4268; x_wconf 88' lang='lat' dir='ltr'>Eusebium</span> <span class='ocrx_word' id='word_1_262' title='bbox 503 4226 594 4268; x_wconf 91' lang='lat' dir='ltr'>suum</span> <span class='ocrx_word' id='word_1_263' title='bbox 617 4204 740 4282; x_wconf 86' lang='lat' dir='ltr'>allatos,</span> <span class='ocrx_word' id='word_1_264' title='bbox 757 4213 790 4269; x_wconf 92' lang='lat' dir='ltr'>et</span> <span class='ocrx_word' id='word_1_265' title='bbox 808 4207 872 4269; x_wconf 83' lang='lat' dir='ltr'>eod.</span> <span class='ocrx_word' id='word_1_266' title='bbox 890 4207 1086 4270; x_wconf 73' lang='lat' dir='ltr'>Drasdensem</span> <span class='ocrx_word' id='word_1_267' title='bbox 1101 4205 1142 4268; x_wconf 91' lang='lat' dir='ltr'>ab</span> <span class='ocrx_word' id='word_1_268' title='bbox 1158 4203 1357 4267; x_wconf 86' lang='lat' dir='ltr'>Heinieheno</span> 
     </span>
     <span class='ocr_line' id='line_1_36' title="bbox 305 4306 1355 4392; baseline -0.002 -24"><span class='ocrx_word' id='word_1_269' title='bbox 305 4306 337 4368; x_wconf 88' lang='lat' dir='ltr'>in</span> <span class='ocrx_word' id='word_1_270' title='bbox 366 4307 577 4392; x_wconf 75' lang='lat' dir='ltr'>Supplemento</span> <span class='ocrx_word' id='word_1_271' title='bbox 607 4309 763 4370; x_wconf 74' lang='grc' dir='ltr'>Νοίανανα</span> <span class='ocrx_word' id='word_1_272' title='bbox 791 4308 837 4372; x_wconf 81' lang='lat' dir='ltr'>ad</span> <span class='ocrx_word' id='word_1_273' title='bbox 862 4307 1028 4372; x_wconf 76' lang='lat' dir='ltr'>Eusebium</span> <span class='ocrx_word' id='word_1_274' title='bbox 1064 4312 1355 4369; x_wconf 80' lang='lat' dir='ltr'>commemoratum.</span> 
     </span>
     <span class='ocr_line' id='line_1_37' title="bbox 307 4401 1270 4496; baseline 0.004 -24"><span class='ocrx_word' id='word_1_275' title='bbox 307 4411 385 4473; x_wconf 82' lang='lat' dir='ltr'>Mox</span> <span class='ocrx_word' id='word_1_276' title='bbox 401 4414 491 4496; x_wconf 81' lang='grc' dir='ltr'>καιρῷ</span> <span class='ocrx_word' id='word_1_277' title='bbox 505 4433 528 4474; x_wconf 90' lang='grc' dir='ltr'>α</span> <span class='ocrx_word' id='word_1_278' title='bbox 543 4410 671 4492; x_wconf 74' lang='grc' dir='ltr'>θαονρὶο</span> <span class='ocrx_word' id='word_1_279' title='bbox 685 4411 787 4475; x_wconf 85' lang='lat' dir='ltr'>abest.</span> <span class='ocrx_word' id='word_1_280' title='bbox 1268 4401 1270 4407; x_wconf 36' lang='lat'>⁸</span> 
     </span>
    </p>

    <p class='ocr_par' dir='ltr' id='par_1_10' title="bbox 347 4509 1356 4596">
     <span class='ocr_line' id='line_1_38' title="bbox 347 4509 1356 4596; baseline -0.006 -20"><span class='ocrx_word' id='word_1_281' title='bbox 347 4513 385 4576; x_wconf 87' lang='lat' dir='ltr'>P.</span> <span class='ocrx_word' id='word_1_282' title='bbox 401 4532 452 4580; x_wconf 85' lang='lat'>22.</span> <span class='ocrx_word' id='word_1_283' title='bbox 476 4512 496 4577; x_wconf 85' lang='lat' dir='ltr'>l.</span> <span class='ocrx_word' id='word_1_284' title='bbox 511 4533 537 4576; x_wconf 92' lang='lat'>1.</span> <span class='ocrx_word' id='word_1_285' title='bbox 561 4509 597 4575; x_wconf 82' lang='grc' dir='ltr'>δι’</span> <span class='ocrx_word' id='word_1_286' title='bbox 617 4512 713 4592; x_wconf 80' lang='grc' dir='ltr'>ὅρκων</span> <span class='ocrx_word' id='word_1_287' title='bbox 737 4517 878 4593; x_wconf 78' lang='grc' dir='ltr'>φοβερῶν</span> <span class='ocrx_word' id='word_1_288' title='bbox 902 4512 1007 4596; x_wconf 73' lang='grc' dir='ltr'>τινῶν]</span> <span class='ocrx_word' id='word_1_289' title='bbox 1034 4514 1081 4575; x_wconf 78' lang='grc' dir='ltr'>διὰ</span> <span class='ocrx_word' id='word_1_290' title='bbox 1105 4509 1218 4575; x_wconf 75' lang='grc' dir='ltr'>τούτων</span> <span class='ocrx_word' id='word_1_291' title='bbox 1240 4510 1356 4588; x_wconf 67' lang='grc' dir='ltr'>ἀνδροῖν</span> 
     </span>
    </p>
   </div>
   <div class='ocr_carea' id='block_1_6' title="bbox 0 0 1854 5667">
    <p class='ocr_par' dir='ltr' id='par_1_11' title="bbox 0 0 1854 5667">
     <span class='ocr_line' id='line_1_39' title="bbox 0 0 1854 5667; baseline 0 4"><span class='ocrx_word' id='word_1_292' title='bbox 0 0 1854 5667; x_wconf 95' lang='lat' dir='ltr'> </span> 
     </span>
    </p>
   </div>
  </div>
 </body>
</html>
