3700 5667
503 652 568 717 394
638 646 1240 713 FRAGM.EPIST.D10NYSII
1265 645 1412 708 ALEX.

851 1004 868 1031 n
993 928 1062 992 111.

833 1099 885 1163 Ιθα
897 1099 997 1164 eodem
1012 1097 1088 1162 titre
1099 1097 1213 1182 prioro.

547 1253 726 1334 Προείρητοι
743 1253 799 1330 μὲν
814 1251 876 1322 οὖν,
893 1250 939 1311 ὅτι
958 1248 1038 1330 πηγὴ
1058 1255 1117 1311 τῶν
1135 1249 1256 1329 ἀγαθῶν
1277 1246 1417 1310 ἁπάντων
1432 1246 1551 1309 tarot

503 1363 595 1428 Θαίς.
628 1359 758 1439 ποταμὸς
784 1360 816 1422 δὲ
841 1356 888 1420 ὑπ’
912 1357 982 1443 (for.
1006 1358 1071 1440 ἀπ’)
1094 1358 1183 1421 αὐτοῦ
1208 1358 1420 1439 προχεόμενος,
1444 1359 1460 1419 θ
1485 1358 1551 1424 υίὸς

503 1467 735 1549 ἀναγέγραπται·
763 1468 906 1548 δπόρῤοια
926 1470 983 1547 γὰρ
1005 1471 1058 1528 νοῦ
1077 1467 1179 1545 λόγος,
1196 1466 1244 1528 καὶ
1264 1467 1302 1531 ὡς
1322 1463 1367 1528 ἐπ’
1384 1467 1551 1546 ἀνθρώπων

505 1579 609 1654 εἰπεῖν,
633 1575 691 1639 ἀπὸ
717 1578 835 1656 καρδίας
860 1579 909 1639 διὰ
931 1578 1077 1653 στόματος
1099 1572 1313 1656 έξοχετεθεται,
1338 1575 1437 1654 ἕτερος
1462 1574 1551 1654 γενό-
1601 1659 1606 1665 Ι

503 1710 592 1764 μενος
612 1689 664 1747 τοῦ
683 1686 718 1747 έν
739 1684 841 1768 καρδίᾳ
861 1686 999 1765 λόγου,ὀ
1020 1686 1068 1746 διδ
1088 1684 1230 1764 γλώσσης
1250 1687 1320 1748 νοῦς
1339 1685 1505 1763 προπηδῶν.
1532 1683 1549 1744 δ

502 1798 559 1876 μέν
580 1799 638 1877 γὰρ
662 1795 760 1873 ἔμεινε
784 1793 975 1876 προπέμψας,
1000 1796 1048 1857 καὶ
1072 1793 1155 1857 έστιν
1177 1794 1240 1859 οἶος
1262 1793 1309 1871 ἦν·
1343 1794 1413 1855 tut
1438 1790 1548 1871 ἐξέπτη

502 1905 716 1986 προπεμφθεὶς,
733 1904 781 1966 καὶ
800 1901 923 1983 φέρεται
941 1907 1107 1984 πανταχοῦ.
1135 1901 1183 1964 καὶ
1202 1903 1292 1967 οὕτως
1312 1901 1395 1964 ἐστὶν
1411 1899 1551 1981 ἑκάτερος

500 2015 538 2078 έν
559 2014 696 2098 ἑκατέρῳ,
713 2010 812 2093 ἔτερος
831 2011 873 2075 ὢν
893 2011 1026 2091 θατέρου·
1055 2013 1104 2074 καὶ
1122 2009 1156 2074 έν
1176 2013 1264 2087 εἰσιν,
1280 2013 1365 2077 ὄντες
1384 2010 1446 2073 δύο.
1473 2013 1550 2073 οὕτω

502 2126 560 2205 γδρ
582 2124 630 2185 καὶ
650 2124 667 2184 ὁ
689 2121 784 2201 πατὴρ
808 2121 855 2183 καὶ
877 2122 893 2182 δ
915 2119 978 2202 υίὸς
1000 2121 1045 2198 ἓν,
1070 2119 1119 2183 καὶ
1142 2122 1176 2183 ἓν
1199 2120 1346 2198 ἀλλήλοις
1372 2119 1547 2203 ἐλέχθησαν

500 2233 591 2298 εἶναι.
632 2238 732 2296 Allata
746 2238 807 2295 hoec
820 2258 837 2295 a
852 2237 884 2295 S.
896 2237 1055 2295 Athanasio
1069 2237 1099 2294 iu
1114 2236 1210 2315 Epio.
1227 2238 1262 2295 de
1276 2237 1423 2296 Sententia
1435 2237 1549 2317 Diony-

505 2344 552 2413 sii,
568 2363 648 2401 num.
665 2342 748 2400 xxiii.
763 2362 791 2420 p.
806 2343 876 2400 259.

547 2532 690 2611 Superius
711 2530 820 2591 dietum
840 2542 885 2591 est
904 2531 1001 2591 Deum
1052 2532 1131 2590 illam
1154 2531 1302 2610 promisit,
1325 2543 1464 2599 remanet,
1488 2542 1548 2590 est-

504 2634 566 2673 esse
581 2614 691 2671 fontem
703 2612 843 2670 bonorum
858 2613 1001 2671 omnium.
1052 2632 1109 2688 que
1120 2611 1205 2689 quale
1216 2623 1302 2670 antea
1316 2622 1394 2669 ernt:
1416 2607 1467 2669 illa
1477 2631 1550 2670 vero

507 2694 601 2751 Filius
622 2712 691 2750 vero
713 2692 808 2750 dictus
830 2703 874 2750 est
896 2692 1002 2750 fluvius
1052 2693 1198 2771 praeuriusa
1214 2692 1310 2749 avolat
1323 2702 1353 2749 et
1367 2692 1549 2767 circumque-

506 2775 543 2831 ab
579 2774 643 2850 ipso
680 2791 837 2829 emanans:
882 2773 1001 2829 verbum
1052 2792 1109 2848 qne
1120 2773 1230 2830 fertur:
1253 2784 1283 2830 et
1297 2773 1337 2829 sic
1348 2783 1505 2847 utrumque
1517 2772 1549 2829 in

506 2853 615 2930 quippe
643 2861 687 2908 est
714 2852 819 2908 mentis
847 2852 1001 2916 emanatio,
1052 2863 1177 2928 utroque
1198 2863 1252 2917 est,
1273 2852 1389 2909 tametsi
1410 2851 1489 2909 aliud
1511 2853 1550 2909 nb

506 2944 546 2999 et,
557 2943 592 2989 ut
606 2932 732 2986 humano
746 2950 825 2986 more
839 2930 950 3006 loquar,
966 2951 1001 2988 ex
1052 2930 1144 2989 altero
1155 2954 1164 3001 ;
1196 2942 1227 2990 et
1254 2952 1345 2989 unum
1372 2943 1450 2997 eunt,
1479 2932 1549 2990 lieet

507 3011 593 3070 corde
608 3029 659 3088 per
673 3029 705 3066 oe
722 3008 876 3067 emittitur.
915 3010 1003 3068 Meus
1053 3010 1111 3069 duo
1132 3012 1200 3069 siut.
1243 3013 1292 3070 Sic
1313 3031 1437 3088 numque
1459 3012 1549 3070 Pater

506 3111 585 3155 vero,
597 3109 660 3166 qun
672 3109 723 3166 per
734 3087 862 3164 linguam
877 3089 1001 3169 prosilit,
1052 3102 1082 3148 et
1094 3091 1189 3150 Filius
1201 3111 1291 3149 unum
1302 3111 1364 3149 esee
1375 3092 1446 3150 etin
1460 3112 1492 3150 se
1502 3092 1549 3149 in.

505 3170 562 3228 ulie
581 3182 625 3228 est
643 3169 761 3227 averno
778 3169 856 3244 quod
870 3170 900 3226 in
915 3169 1002 3228 corde
1052 3171 1145 3230 vicem
1160 3192 1222 3230 esse
1236 3172 1306 3231 dicti
1321 3183 1399 3229 eunt.

505 3250 628 3310 exsistit.
671 3249 738 3307 Ηοο
755 3249 832 3308 euim
847 3261 1000 3330 postquam

920 3493 925 3496 -
947 3475 1100 3508 -0—

1000 3659 1060 3722 IV.

836 3816 889 3881 Eo·
902 3818 1001 3880 eodem
1016 3817 1092 3882 libro
1098 3820 1212 3904 primo.

549 3968 696 4052 Ἀναρχία
716 3975 836 4048 μᾶλλον
855 3970 901 4032 καὶ
924 3968 1074 4049 στάσις,ἡ
1097 3971 1133 4050 ἓξ
1152 3975 1296 4052 ἰσοτιμίας
1318 3974 1549 4056 ἀντιπαρεξαγο-

503 4079 579 4160 μένη
593 4081 774 4161 πολυαρχία.
812 4086 903 4145 Extat
920 4086 952 4144 iu
971 4087 1088 4146 Leontii
1106 4101 1137 4146 et
1153 4090 1297 4149 Johnnnis
1315 4092 1424 4149 Rerum
1445 4093 1547 4151 Socra·

505 4212 569 4248 rum
585 4191 652 4249 Lib.
666 4190 793 4250 secundo
806 4192 844 4248 ub
855 4190 972 4270 Augelo
983 4192 1066 4249 Maio
1080 4192 1160 4251 edito
1174 4194 1205 4251 iu
1220 4194 1289 4253 Vol.
1304 4196 1354 4255 vii.
1371 4197 1549 4256 Collectionis

512 4297 572 4355 Vel.
589 4296 777 4374 Scriptorum,
793 4317 821 4374 p.
837 4297 885 4354 96.

546 4499 689 4556 Anarehin
712 4498 802 4575 magis
829 4509 874 4556 est
898 4509 928 4556 et
956 4519 1001 4556 se·
1051 4500 1171 4577 exponi
1192 4501 1259 4576 jure
1279 4520 1316 4557 ex
1337 4500 1457 4558 adverso
1478 4520 1547 4578 pro-

504 4577 586 4643 ditio,
600 4579 757 4635 multorum
772 4577 821 4636 ille
836 4577 1001 4636 dominatus
1052 4579 1167 4638 ductus»
