3700 5667
477 655 543 722 298
773 657 1020 736 RELIQUIAE
1048 659 1225 722 SACRAE.

478 826 604 932 excidit)
625 829 940 930 εἰηγνθρωπηκέναι.
970 830 1092 933 διόπερ
1119 834 1178 910 καὶ
1204 831 1247 910 τὸ
1274 833 1312 909 ἐκ
1339 837 1402 931 τῆς
1429 867 1526 936 παρ-

477 962 580 1040 θένον
594 969 703 1061 σῶμα
720 968 894 1067 χωρῆσαν
911 972 986 1044 πᾶν
1002 965 1045 1045 τὸ
1063 963 1246 1066 πλήρωμα
1263 970 1326 1065 τῆς
1345 968 1528 1066 θεότητος·

476 1103 699 1193 σωματικῶς,
731 1103 776 1201 τῇ
807 1095 961 1195 Θεότητι
992 1098 1173 1199 ἄτρεπτος
1206 1098 1338 1197 ἥνωται
1370 1105 1428 1179 καὶ
1460 1135 1523 1180 τε·

477 1231 687 1329 θεοποίηται·
725 1233 767 1310 οὗ
798 1230 903 1335 χάριν
933 1233 953 1310 ὁ
983 1230 1089 1314 αὐτὸς
1121 1231 1214 1315 Θεὸς
1245 1236 1303 1312 καὶ
1336 1233 1526 1337 ἅνθρωπος

477 1367 618 1461 Ἰησοῦς
643 1364 805 1467 Χριστὸς
828 1365 1091 1472 προεφητεύετο
1112 1368 1149 1444 ἐν
1173 1365 1270 1473 νόμιρ
1292 1370 1352 1446 καὶ
1372 1368 1554 1474 umbri-5

476 1533 566 1595 ταις,
589 1503 647 1578 καὶ
668 1502 706 1579 ἐν
730 1506 775 1604 τῇ
801 1503 977 1607 ἐκκλησίᾳ
1000 1506 1045 1605 τῇ
1071 1499 1140 1580 ὑπὸ
1162 1499 1225 1580 τὸν
1242 1502 1393 1604 οὐρανὸν
1418 1503 1525 1609 πάσῃ

475 1637 707 1715 πεπίστευται
726 1635 819 1720 Θεὸς
837 1635 901 1733 μὲν
920 1636 1100 1719 ἱκενώσας
1118 1636 1243 1716 ἑαυτὸν
1262 1636 1334 1716 ἀπὸ
1353 1646 1417 1716 τοῦ
1435 1635 1523 1716 εἶναι

473 1765 539 1848 ἶσα
557 1774 652 1874 Θεῷ·
682 1769 869 1872 ἅνθραπτος
887 1767 937 1858 δὲ,
956 1773 1014 1847 καὶ
1033 1768 1097 1848 ΙΙἐκ
1115 1770 1321 1871 σπέρματος
1339 1774 1461 1866 Δαβὶδ
1480 1770 1523 1850 τὸ

473 1902 564 1982 κατὰ
582 1901 713 2006 σοίρκα.
742 1902 788 1982 τὰ
805 1902 871 2000 μὲν
888 1911 1021 2003 σημεῖα
1039 1907 1098 1980 καὶ
1115 1901 1161 1981 τὰ
1179 1903 1309 2006 τέρατα
1327 1903 1373 1982 τὰ
1392 1907 1429 1983 ἐν
1447 1913 1521 1989 τοῖς

473 2039 691 2138 εὐαγγελίοις
721 2038 1019 2140 ἀναγεγραμμένα
1049 2039 1069 2116 ὁ
1099 2038 1191 2121 Θεὸς
1221 2039 1265 2138 ἦν
1297 2041 1518 2124 ἐπιτελέσας·
1534 2080 1573 2118 ιο

472 2171 515 2251 τὸ
534 2174 612 2274 (for.
631 2178 696 2279 τῷ)
717 2172 755 2252 δὲ
775 2171 909 2275 σαρκὸς
933 2176 993 2251 καὶ
1016 2174 1163 2272 αἵματος
1185 2175 1439 2277 μετεσχηκέναι
1456 2171 1521 2254 τὸν

472 2307 593 2398 αὑτὸν,
626 2306 900 2410 ’πεπειραμένον
933 2311 1005 2407 (for.
1025 2310 1139 2413 -ος)
1170 2309 1261 2389 κατὰ
1290 2309 1410 2389 πάντα
1439 2313 1518 2390 καθ

473 2442 674 2541 ὁμοιότητα,
693 2445 802 2546 χωρὶς
824 2445 1009 2545 ἁμαρτίας.
1040 2446 1132 2522 οὕτω
1150 2447 1209 2523 καὶ
1228 2447 1247 2523 ὀ
1266 2443 1428 2547 Χριστὸς
1448 2444 1520 2548 πρὸ

473 2580 537 2674 τῆς
564 2576 784 2679 σαρκώσεως
810 2580 847 2655 ἐν
875 2586 952 2661 ταῖς
977 2580 1084 2661 θείαις
1112 2582 1268 2682 γραφαῖς
1292 2582 1340 2661 ὡς
1363 2578 1411 2662 εἷς
1432 2580 1520 2658 ὠνό-

471 2741 622 2808 μασται·
652 2714 689 2790 ε’ν
711 2710 776 2810 μὲν
797 2714 957 2818 Ἱερεμίᾳ·
987 2718 1170 2810 ιιῠΠνεῦμα
1196 2715 1396 2816 προσώπου
1419 2715 1518 2813 ἡμῶν
1534 2751 1567 2809 ¹5

472 2846 645 2947 Χριστός·
683 2850 730 2925 “ὁ
760 2846 797 2924 δὲ
827 2846 959 2949 Κύριος
986 2847 1028 2928 τὸ
1055 2847 1195 2945 πνεῦμά
1222 2850 1311 2943 ε’στι,
1337 2849 1429 2929 κατὰ
1456 2850 1519 2929 τὸν

471 2978 690 3061 ἀπόστολον·
729 2977 820 3058 κατὰ
852 2979 889 3058 δὲ
920 2981 984 3060 τὸν
1013 2980 1131 3061 αὐτόν·
1169 2978 1345 3061 οἜπινον
1378 2981 1449 3085 γὰρ
1480 2985 1519 3061 ἐκ

471 3303 501 3352 et
516 3314 600 3352 carne
617 3306 764 3374 assumpta
780 3297 887 3355 factum
905 3317 969 3356 ease
1023 3300 1122 3357 David
1129 3297 1408 3357 secandumcurnem.
1426 3294 1515 3370 Signa

470 3374 626 3432 hominem.
656 3377 852 3447 Quamobrem
863 3399 969 3456 corpus
1019 3380 1136 3456 quidem
1156 3390 1185 3436 et
1204 3375 1335 3453 prodigia
1351 3395 1416 3451 quoe
1434 3375 1464 3431 in
1483 3394 1512 3430 e·

470 3454 534 3531 ejus
555 3475 591 3512 ex
614 3455 736 3533 Virgine
758 3471 917 3536 sumptum,
941 3458 968 3515 ιἰι
1018 3460 1159 3536 vangeliia
1176 3458 1320 3536 descripta
1338 3466 1417 3522 sunt,
1435 3456 1515 3511 Deus
1527 3474 1566 3512 20

471 3557 526 3612 quo
542 3536 631 3593 onznia
644 3537 792 3614 plenitudo
809 3537 969 3595 divinitalis
1019 3541 1211 3616 operabatur:
1234 3537 1457 3614 participatione
1468 3553 1517 3591 ve·

471 3616 811 3692 corporaliterlrabilavit,
822 3617 967 3673 divinitati
1018 3638 1051 3674 ro
1065 3618 1158 3673 carnia
1172 3627 1203 3671 et
1220 3617 1369 3690 sanguinis
1388 3627 1519 3673 tentatus

469 3694 689 3751 immutabiliter
706 3697 821 3753 unitum
839 3707 869 3752 et
886 3695 968 3751 deili-
1019 3708 1063 3752 eat
1077 3715 1129 3770 per
1142 3694 1240 3748 omnia
1257 3713 1309 3767 pro
1326 3694 1517 3750 similitudine

469 3783 565 3829 catum
582 3783 635 3829 est.
666 3773 733 3843 Qua
744 3773 780 3831 de.
795 3793 879 3829 causa
890 3773 967 3829 idem
1018 3775 1125 3848 absque
1144 3782 1271 3844 peceato.
1302 3771 1351 3825 Sic
1369 3781 1399 3826 et
1417 3772 1516 3828 Chris-

469 3851 552 3907 Deus
571 3862 601 3906 et
619 3851 706 3907 homo
725 3853 812 3909 Jesua
833 3852 968 3909 Christus
1018 3863 1067 3910 tua
1081 3861 1149 3908 ante
1159 3849 1385 3906 incarnationem
1398 3850 1427 3906 iu
1440 3851 1515 3907 divi·
1529 3875 1544 3913 2
1548 3873 1566 3931 5

470 3929 698 4008 prophetabatur
717 3931 748 3987 in
766 3930 830 4007 lege
850 3941 880 3988 et
900 3951 967 4008 pro-
1018 3932 1063 3989 nia
1091 3929 1242 4007 scripturis
1265 3941 1411 4003 tamquam
1442 3951 1517 3989 unus

469 4010 575 4089 phetia.
598 4020 628 4068 et
648 4010 685 4067 ab
711 4011 846 4069 omnibus
867 4011 897 4068 in
920 4030 967 4068 ec·
1017 4012 1183 4069 nominatus
1195 4021 1252 4066 est:
1268 4010 1298 4066 in
1310 4008 1517 4086 Jeremiaqui.

470 4091 557 4150 clesia
570 4111 635 4167 quae
652 4092 706 4150 sub
720 4090 790 4149 coelo
805 4101 859 4156 eat,
874 4090 967 4149 credi·
1018 4092 1093 4158 dem,
1111 4089 1240 4168 Spiritus
1254 4088 1436 4167 antesuciem
1453 4112 1515 4148 noa·

470 4184 518 4229 tua
541 4183 585 4229 ast
607 4172 689 4231 Deua
709 4170 837 4249 quidem,
855 4173 904 4251 qui
924 4192 969 4229 se.
1019 4181 1093 4230 tram
1107 4172 1246 4228 Christus.
1275 4172 1415 4227 Dominus
1424 4180 1515 4227 autem

471 4253 563 4329 ipsum
584 4253 749 4318 exinanivit,
765 4273 825 4310 cum
843 4262 914 4312 esset
933 4272 969 4309 α.
1019 4253 1139 4332 spiritus
1157 4259 1208 4314 est,
1224 4250 1381 4311 secundum
1400 4263 1514 4326 aposto·
1526 4260 1568 4314 30

472 4333 565 4409 qualis
576 4333 646 4398 Deo,
657 4335 736 4393 Ιιοιιιο
745 4354 810 4392 uero
821 4356 855 4392 ex
866 4333 971 4393 semine
1020 4335 1092 4392 lum.
1122 4333 1164 4391 Et
1179 4330 1516 4391 secundumeundema-

570 4529 576 4565 i
590 4530 652 4575 Phil.
666 4532 689 4577 ii.
706 4546 741 4591 ιγ.
913 4531 922 4563 ¹⁸
936 4532 1006 4579 Rom.
1020 4533 1036 4578 i.
1048 4547 1071 4590 3.
1236 4533 1243 4569 ¹
1257 4532 1319 4578 lleb.
1331 4532 1363 4577 iv.
1380 4546 1387 4576 ι
1393 4543 1414 4589 5.

569 4616 585 4638 ο
599 4609 689 4659 Thren.
703 4611 735 4657 iv.
750 4625 787 4658 ιο.
907 4622 921 4650 n
934 4613 1011 4660 acor.
1023 4612 1056 4658 iii.
1073 4624 1107 4671 ιγ.
1234 4617 1243 4634 ⁰
1258 4627 1266 4656 ι
1281 4614 1335 4659 (br.
1349 4629 1372 4659 x.
1386 4630 1409 4671 4.
