3700 5667
492 659 559 723 204
821 654 1201 720 ANNOTATIONES

492 829 577 893 Dete
600 837 653 903 m,
677 826 820 891 voculam
843 835 912 890 tuuc
934 827 1101 890 delendam
1122 824 1241 912 putavi.
1286 823 1384 887 Nunc
1406 824 1542 889 eandem

492 930 604 994 abesse
627 928 730 994 sentio
752 950 773 994 a
796 928 956 1014 plerisque
980 927 1125 993 codicum
1150 927 1247 992 MSS.
1272 925 1436 1012 Cypriani,
1460 947 1541 1010 qnos

491 1030 565 1096 vidi.

535 1134 574 1198 P.
594 1148 664 1219 125.
686 1132 708 1197 l.
724 1151 779 1218 33.
801 1131 918 1216 Jader]
945 1130 1026 1197 (lum
1052 1129 1225 1195 editionem
1248 1128 1482 1206 Erasmianom,
1506 1128 1542 1195 iu

490 1256 554 1322 qua
579 1235 716 1321 primum
741 1235 882 1301 omnium
907 1237 996 1299 Acta
1021 1234 1117 1319 hujus
1145 1231 1257 1318 synodi
1283 1238 1540 1318 comparuerant,

490 1344 605 1402 ceterae
626 1337 793 1415 editiones,
817 1344 953 1422 excepta
974 1335 1029 1401 ill·
1050 1335 1182 1412 Baluzii,
1205 1332 1421 1408 imitarentur,
1443 1332 1540 1401 titulo

492 1438 676 1523 Confessoris
703 1449 731 1504 ct
760 1439 915 1522 Martyrb
943 1438 995 1502 hic
1025 1438 1191 1523 episcopus
1219 1444 1333 1501 auctus
1362 1443 1420 1501 est.
1475 1435 1539 1504 Sed

489 1561 591 1624 neque
609 1540 693 1615 huie,
709 1562 811 1626 neque
828 1540 978 1624 cuiquam
997 1555 1126 1625 patrum
1145 1538 1417 1624 subsequentium,
1431 1537 1539 1623 hujus·

488 1642 574 1709 modi
596 1643 707 1707 titulos
726 1642 862 1708 contulit
881 1650 939 1707 aut
958 1642 1157 1728 Aequaliter,
1171 1649 1229 1706 aut
1250 1640 1324 1704 libri
1341 1663 1420 1726 quos
1439 1641 1539 1704 nomi.

488 1752 547 1809 uat
560 1743 654 1809 initio
667 1745 761 1832 hujus
776 1745 907 1812 Ooncilii
922 1744 1079 1809 Baluzius.
1110 1743 1276 1808 Baluzium
1290 1764 1365 1807 vero
1379 1742 1412 1805 in
1427 1743 1488 1807 hac
1502 1765 1538 1806 re

488 1855 616 1914 secutus
638 1870 718 1927 sum,
734 1870 806 1915 cum
826 1849 859 1912 in
878 1847 973 1912 nullis
989 1847 1039 1912 vel
1057 1845 1210 1933 Cypriani
1228 1845 1277 1910 vel
1292 1845 1468 1931 Augustini
1486 1868 1538 1910 co·

488 1946 611 2014 dicibus
623 1949 759 2034 scriptis,
776 1948 890 2035 quibus
904 1948 952 2013 uti
968 1947 1045 2011 mihi
1060 1947 1159 2025 licuit,
1174 1947 1287 2012 titulos
1301 1944 1396 2010 hosce
1411 1945 1536 2010 iuvene·

487 2049 559 2117 rim.
581 2051 644 2115 Ait
655 2051 827 2116 Moroellus
841 2051 874 2118 in
886 2051 1004 2133 Africa
1020 2049 1198 2114 Christiana
1213 2048 1306 2113 voli.
1321 2071 1352 2132 p.
1364 2051 1439 2111 226.
1462 2056 1483 2084 “
1495 2049 1537 2111 111

488 2152 755 2219 “recentioribus
772 2152 1005 2237 exemplaribus
1022 2152 1203 2238 appellatur
1219 2153 1375 2235 Oouscseor
1392 2158 1426 2215 et
1443 2152 1536 2215 Mar-

486 2259 509 2291 “
526 2263 600 2336 tyr:
627 2276 725 2338 quare
744 2255 797 2318 ille
818 2277 887 2319 esse
905 2254 1043 2331 videtur,
1065 2277 1159 2341 quem
1179 2253 1358 2340 Cyprianus
1380 2260 1536 2317 memorat

487 2361 507 2394 “
523 2354 615 2419 initio
634 2356 702 2441 ejus
723 2357 876 2442 epistolae,
892 2379 978 2420 num.
997 2374 1048 2440 77.
1065 2380 1160 2442 quam
1176 2356 1303 2442 scripsit
1317 2357 1359 2421 ad
1375 2355 1536 2420 Nemesia-

488 2464 510 2494 ‘·
527 2479 603 2520 num
624 2464 658 2523 et
679 2466 802 2526 ceteros
817 2467 975 2544 martyres
997 2459 1030 2522 in
1050 2460 1180 2524 metallo
1200 2459 1404 2535 constitutos,
1419 2457 1536 2543 quique

488 2565 508 2594 '‘
523 2579 596 2620 oum
612 2558 717 2623 Felice
737 2567 771 2630 et
790 2560 924 2625 Poliano
942 2561 1119 2646 ceterisque
1141 2561 1234 2626 sociis
1254 2561 1340 2645 apud
1363 2559 1535 2625 Metallum

487 2666 509 2697 ‘⁴
527 2659 679 2745 Sigueuse
704 2664 975 2727 commorantibus
997 2685 1184 2749 responsum
1205 2663 1316 2736 dedit;
1351 2665 1440 2747 cujus
1462 2662 1536 2726 sub·

487 2761 655 2847 “scriptio
675 2763 748 2841 luit,
762 2765 863 2828 cher
877 2763 1051 2850 subscripsi,
1070 2767 1155 2851 epistt.
1174 2767 1225 2829 80.
1248 2765 1383 2828 eundem
1404 2765 1536 2831 ecclesia

486 2870 508 2902 “
523 2863 670 2929 Romana
691 2866 724 2933 in
747 2867 980 2952 Martyrologio
1003 2868 1143 2932 celebrat
1161 2874 1276 2953 quarto
1298 2867 1370 2930 idus
1392 2866 1535 2952 Septem-

486 2974 507 3004 “
522 2967 595 3031 bres
610 2990 682 3032 cum
698 2969 891 3033 Nemesiano
911 2978 946 3034 et
965 2970 1070 3047 sociis,
1084 2971 1138 3055 qui
1153 2972 1212 3035 sub
1228 2969 1398 3034 Valeriano
1412 2979 1446 3035 et
1461 2970 1536 3035 Gal-

484 3076 505 3112 “
520 3069 603 3133 lieno
620 3070 802 3155 Martyrum
816 3071 958 3137 lauream
972 3073 1081 3157 adepti
1097 3073 1278 3138 dicuntur.'’

528 3171 567 3234 P.
587 3173 658 3236 126.
674 3171 694 3236 l.
710 3175 739 3237 6.
762 3174 897 3261 Paulus]
915 3176 985 3237 Vox
1004 3176 1158 3259 Ooofessor
1171 3174 1290 3239 nomini
1309 3174 1394 3250 huic,
1409 3181 1443 3238 et
1457 3175 1534 3237 duo·

482 3273 555 3352 bus,
570 3296 642 3358 quae
662 3276 806 3359 proxime
827 3283 1013 3362 sequuntur,
1034 3278 1199 3362 premissa
1219 3286 1269 3343 est
1289 3278 1322 3341 in
1343 3276 1534 3341 editionibus

483 3383 560 3441 ente
576 3377 750 3443 Baluzium.
1283 3384 1287 3390 ’

526 3477 608 3544 Ibid.
629 3481 671 3543 ab
695 3479 804 3566 Obbo]
828 3480 943 3546 Bolbe.
974 3481 1063 3545 Urbs
1085 3480 1302 3547 Mauritaniae.
1330 3481 1424 3545 Obba
1445 3481 1533 3545 dicta

481 3580 514 3649 in
531 3580 612 3647 Not.
628 3582 729 3648 Afric.
749 3592 782 3648 et
804 3584 909 3653 collat.
933 3585 1086 3669 Cartbag.
1109 3586 1165 3648 sed
1184 3585 1309 3650 codices
1329 3583 1455 3669 plurimi
1477 3583 1533 3647 ba·

481 3684 560 3749 bent
576 3685 696 3762 Bobbo,
711 3686 761 3751 cui
777 3688 1024 3754 nonrenclaturae
1040 3690 1125 3752 favet
1140 3688 1272 3765 Plinius,
1289 3689 1342 3772 qui
1359 3689 1391 3751 in
1408 3686 1531 3751 Mauri-

481 3785 570 3850 tania
591 3808 613 3849 a
634 3787 721 3851 Lisco
735 3808 787 3866 40.
811 3790 861 3851 M.
877 3791 920 3854 P.
940 3791 974 3854 iu
995 3791 1211 3856 mediterraneo
1233 3793 1364 3877 accuse
1385 3791 1532 3855 coloniam

479 3884 615 3953 Bottam
629 3887 774 3956 collocat.
799 3889 932 3953 Faunus.

525 3987 609 4055 Ibid.
632 3988 651 4051 l.
675 3991 723 4054 28.
746 3998 780 4057 et
804 3997 1000 4078 exercemus]
1027 3994 1137 4058 Antea
1158 3995 1324 4080 legebatur
1347 4004 1480 4059 totumue
1504 4005 1532 4058 ot

479 4111 653 4155 exercemus.
684 4090 747 4155 Sed
763 4101 891 4156 lewinus
911 4104 938 4158 ct
957 4118 1021 4159 non
1041 4104 1132 4162 extat
1150 4097 1183 4160 in
1202 4098 1310 4162 codice
1326 4097 1531 4183 Seguieriano

481 4213 584 4278 neque
608 4193 641 4258 iu
667 4192 737 4259 aliis
762 4196 931 4261 veteribus.
979 4198 1166 4285 Anonymus
1192 4200 1225 4265 iu
1250 4200 1331 4264 libro
1355 4200 1395 4264 de
1418 4200 1531 4284 rebap-

479 4292 620 4371 tismate,
635 4317 708 4379 pag.
723 4315 798 4380 354.
815 4295 992 4383 baptismate
1004 4301 1085 4387 quod
1102 4302 1226 4366 interint
1244 4301 1404 4367 exercebat.
1428 4302 1531 4364 Buru-

480 4419 556 4462 zrus.
601 4396 693 4465 Nunc
718 4405 793 4483 post
816 4399 981 4465 Boluzium
1004 4425 1096 4467 voces
1119 4415 1249 4469 tenemus
1270 4415 1297 4468 ct
1322 4403 1425 4480 omisi,
1450 4426 1530 4488 quas

480 4516 582 4580 neque
607 4497 641 4562 iu
663 4499 813 4585 Cypriani
838 4524 940 4588 neque
963 4504 996 4571 iu
1018 4506 1193 4594 Augustini
1219 4508 1391 4584 codicibus,
1416 4507 1530 4594 quibus

478 4609 564 4681 utor,
582 4602 712 4673 MSStis
726 4606 859 4689 reperio.
