3700 5667
500 683 563 748 478
832 678 1211 742 ANNOTATIONES

499 848 588 932 Dei.)
621 847 759 924 Etenim,
775 868 846 910 eum
861 846 904 910 nd
919 845 979 908 hoo
993 846 1204 930 probandum,
1221 845 1385 910 Christum
1403 845 1560 911 Verbum

499 949 562 1014 Dei
588 949 755 1026 nominari,
780 948 921 1012 adduoat
948 947 1131 1012 Victorinus
1155 946 1257 1012 looum
1279 946 1376 1011 Joan.
1399 948 1422 1011 i.
1450 968 1481 1012 1.
1507 971 1558 1014 se·

498 1058 649 1134 queretur
664 1071 736 1114 enm
751 1049 782 1111 in
797 1070 835 1112 eo
849 1048 973 1133 legisse,
990 1058 1018 1113 et
1033 1050 1096 1113 Dei
1111 1058 1179 1114 emt
1198 1047 1340 1114 Verbum.
1387 1050 1444 1114 Ita
1460 1050 1555 1116 Orel-

499 1152 574 1215 lium
589 1152 692 1216 loeum
707 1150 882 1229 reflexisse,
898 1156 932 1216 et
947 1158 1207 1235 argumentatum
1221 1173 1301 1229 esse,
1317 1151 1440 1228 retulit,
1457 1160 1553 1218 ante-

499 1276 593 1339 quam
623 1254 726 1339 ipsum
756 1253 862 1319 Orellii
891 1253 1007 1317 librum
1033 1275 1093 1338 ego
1116 1253 1268 1331 videram,
1292 1252 1494 1327 Baraterius,
1518 1254 1555 1318 in

499 1356 778 1429 AntiArtemonio,
808 1377 864 1419 seu
892 1355 989 1419 Initio
1014 1355 1177 1440 Eoonqolii
1200 1356 1335 1419 Joannio
1370 1355 1555 1434 Wadioato,

500 1458 591 1522 Part.
609 1459 636 1520 I.
652 1480 721 1542 cap.
737 1457 798 1520 xvi.
816 1458 845 1538 d.
861 1455 905 1520 iii.
921 1479 952 1541 p.
967 1477 1036 1521 110.
1052 1457 1106 1520 ubi
1121 1457 1188 1540 ipse
1204 1457 1371 1541 legendum
1386 1457 1554 1541 proponit,

501 1560 562 1623 Isti
575 1558 661 1623 mbo
674 1579 829 1643 oopaoeoen
844 1567 886 1621 est
900 1559 972 1622 Dei.

544 1664 581 1725 P.
604 1677 679 1746 459.
701 1661 723 1725 l.
746 1682 776 1743 9.
799 1661 983 1725 amomum
1007 1670 1049 1725 ost
1076 1682 1127 1725 eor
1150 1682 1248 1726 meam
1272 1659 1394 1725 verdum
1422 1659 1551 1747 Mam]

499 1762 611 1825 LXX.
632 1760 826 1842 Ἐξερεύξατο
840 1762 859 1840 ἡ
875 1763 979 1842 καρδία
992 1787 1049 1841 μου
1063 1764 1159 1844 λόγον
1172 1763 1298 1844 ἀγαθόν.
1324 1760 1467 1845 Vulgata
1482 1763 1554 1845 qui-

498 1864 572 1926 dem
590 1863 700 1941 habet,
714 1864 879 1927 Eructavit
892 1885 944 1927 eor
960 1885 1057 1927 meam
1076 1862 1197 1927 mlum
1213 1862 1330 1927 boam.
1376 1861 1554 1927 Nihilomi-

498 1986 558 2028 nus
583 1971 692 2029 utrum
718 1963 859 2048 posuerit
882 1964 1081 2041 Victorinus,
1108 1965 1161 2049 qui
1186 1971 1318 2028 auctore
1344 1963 1553 2049 Hieronymo

499 2089 596 2152 supra
609 2090 640 2152 p.
655 2085 730 2151 433.
746 2088 809 2130 non
824 2088 915 2151 aeqne
932 2067 1046 2131 Latine
1066 2090 1104 2132 ae
1120 2069 1234 2132 Graeee
1248 2074 1381 2132 noverat
1395 2066 1551 2139 seribere,

498 2179 664 2234 mentam
680 2179 721 2233 est
735 2191 793 2254 pro
811 2170 969 2244 emetaeit,
985 2191 1027 2234 an
1042 2170 1160 2254 potius,
1176 2191 1232 2233 eor
1245 2169 1349 2254 ipsum
1364 2175 1553 2233 eruotatum

499 2293 568 2336 esse
582 2271 785 2343 intellexerit,
801 2271 855 2335 alii
865 2270 1023 2356 judicent.

544 2372 626 2435 Ibid.
642 2371 663 2434 l.
685 2391 732 2455 13.
756 2371 844 2455 Ergo
867 2371 987 2456 primm
1009 2372 1113 2436 laetus
1135 2380 1290 2437 ereaturae
1312 2378 1371 2448 est,
1390 2373 1553 2439 secundus

498 2474 634 2538 hominis
656 2474 785 2538 humani
806 2474 943 2558 generis,
963 2484 1001 2539 nt
1022 2474 1069 2539 ait
1091 2474 1269 2559 apestolus]
1294 2474 1484 2558 Repositnm
1505 2478 1552 2541 ad

498 2597 599 2661 marg.
621 2575 710 2641 (larii
731 2583 791 2650 est,
816 2577 966 2640 Dominus
987 2598 1046 2661 pro
1068 2577 1214 2640 hominis.
1260 2576 1359 2640 Haud
1381 2574 1552 2659 amplexus

498 2678 762 2751 emendationem,
788 2685 893 2742 totum
919 2677 1023 2741 locum
1048 2678 1096 2741 ita
1120 2677 1275 2764 refingere
1299 2677 1416 2741 malim.
1462 2679 1552 2763 Eryo

492 2782 601 2865 ptimo
621 2781 731 2863 foetor
759 2790 907 2845 meatum
936 2790 988 2856 est,
1010 2781 1140 2844 mado
1164 2780 1270 2844 lumen
1293 2779 1395 2843 omnis
1419 2779 1552 2845 lamani

494 2883 625 2966 pomata,
648 2892 682 2945 at
703 2883 750 2946 ait
771 2882 929 2964 apotolos.
974 2882 1102 2947 Scilicet
1124 2883 1157 2945 in
1178 2884 1270 2946 Joan.
1290 2882 1312 2945 i.
1336 2903 1365 2967 3.
1389 2905 1420 2965 9.
1466 2883 1549 2947 Mox

497 2983 518 3046 l.
535 2984 564 3045 8.
581 3004 651 3066 pag.
668 2986 742 3058 460.
757 2983 854 3046 verba
868 2990 992 3056 extant,
1008 2994 1043 3047 ot
1056 2985 1163 3048 Adam
1176 2985 1265 3049 idom
1273 3006 1333 3069 per
1345 2983 1551 3069 septimanam

497 3084 715 3166 reffomnaomit
729 3093 818 3168 olqoe
830 3085 979 3148 noiomo
993 3108 1057 3149 suae
1072 3094 1220 3151 creatora
1234 3085 1409 3150 subveniret.

542 3186 730 3251 Ibid.l.16.
754 3189 827 3251 Hoo
849 3186 948 3272 igitur
965 3189 1246 3253 Verbum—timor
1268 3188 1328 3252 Dei
1352 3209 1468 3252 nomen
1490 3188 1550 3252 ha-

497 3288 567 3375 bet]
592 3289 748 3354 Walkero
771 3296 855 3354 teste
878 3312 983 3367 voees,
1006 3312 1076 3375 quae
1102 3297 1288 3374 sequnntur,
1313 3291 1360 3355 ita
1385 3289 1417 3353 in
1445 3290 1550 3355 MSto

497 3393 624 3475 scriptae
638 3393 774 3465 fuerant,
791 3393 980 3456 emendante
995 3414 1050 3456 eas
1064 3392 1152 3457 Gavii
1165 3393 1371 3478 apographo;
1395 3390 1472 3454 cela
1487 3414 1550 3476 pro

496 3495 610 3565 coelom,
633 3503 717 3558 tarro
738 3515 797 3578 pro
819 3503 942 3571 utram,
964 3494 1023 3558 solo
1045 3504 1073 3558 et
1095 3496 1171 3558 latta
1192 3517 1251 3579 pro
1272 3495 1360 3558 solem
1380 3503 1406 3557 ot
1428 3493 1548 3571 lassans,

496 3618 563 3660 eam
581 3607 671 3660 terrea
694 3618 732 3659 oo
752 3598 849 3660 moria
870 3618 929 3680 pro
951 3618 1019 3660 enm
1040 3606 1155 3660 terram
1176 3619 1214 3660 ae
1234 3618 1331 3672 moro,
1345 3595 1464 3659 domino
1486 3619 1549 3681 pro

494 3699 650 3762 dominam.
695 3699 758 3762 Sed
778 3698 945 3762 recentiori
965 3721 1061 3763 manu
1082 3699 1207 3764 literam
1227 3723 1258 3762 m
1279 3721 1372 3783 super
1392 3698 1549 3783 pleraque

495 3801 563 3864 haeo
578 3800 674 3863 verba
694 3799 846 3882 seriptam
860 3799 957 3864 luisse
976 3801 1008 3864 in
1026 3802 1096 3887 ipso
1116 3803 1235 3877 eodiee,
1249 3808 1390 3867 testatur
1403 3800 1442 3864 el.
1461 3802 1549 3866 Tod-

496 3902 574 3965 dius.
620 3900 691 3986 Ego
707 3901 833 3966 interim
848 3903 966 3966 timore
981 3926 1039 3988 pro
1054 3906 1145 3968 timor
1158 3905 1262 3990 legere
1277 3904 1393 3967 malim.
1438 3904 1550 3969 Pistor

496 4025 554 4088 pro
569 4003 796 4082 benevolentia,
812 4004 861 4068 vel
875 4005 1101 4080 misericordia,
1119 4007 1169 4070 hie
1184 4007 1289 4091 posita
1304 4013 1365 4070 est.

541 4105 623 4170 Ibid.
647 4106 667 4169 l.
693 4123 744 4170 22.
768 4106 901 4193 eornua]
928 4117 1055 4173 ooraoto
1079 4108 1151 4173 MS.
1195 4108 1327 4173 correxi
1353 4115 1426 4193 post
1449 4110 1546 4192 Apoc.

495 4231 523 4273 v.
540 4212 569 4272 6.

540 4311 622 4375 lbid.
639 4311 658 4374 l.
676 4327 726 4393 27.
747 4313 832 4397 apud
855 4311 1003 4395 Paulum]
1024 4312 1089 4373 Pro
1110 4311 1245 4375 Paulam
1265 4333 1376 4395 margo
1393 4310 1548 4376 editionis

494 4412 588 4477 Oavei
607 4413 713 4491 habet,
732 4413 771 4476 F.
787 4412 915 4498 Apooal.
936 4413 993 4477 sed
1006 4412 1104 4485 male,
1124 4420 1158 4476 et
1178 4420 1265 4477 reete
1288 4413 1449 4484 Paulam
1476 4414 1545 4497 Cy-

495 4514 624 4600 prianus
645 4516 686 4579 de
711 4515 943 4580 Exhortatione
969 4515 1118 4600 Martyrii
1142 4538 1215 4600 pag.
1237 4535 1307 4600 125.
1330 4516 1380 4580 ed.
1403 4517 1545 4580 Amstel.

492 4615 654 4700 Apooota
675 4617 797 4681 Paulus
820 4618 874 4701 qai
895 4617 984 4701 lajas
1005 4616 1132 4702 looitimi
1154 4619 1273 4682 numeri
1295 4627 1321 4681 ot
1343 4617 1416 4681 certi
1437 4620 1548 4682 mesni-
