3700 5667
605 641 654 706 IN
677 641 712 705 S.
729 641 945 707 CORNELII
970 643 1268 708 FRAGMENTA.
1414 649 1452 711 'll

400 812 576 876 mentione.
623 808 674 873 lbi
688 818 796 874 autem
812 809 1037 873 Theodoretus
1052 811 1112 875 etsi
1128 813 1167 874 de
1184 812 1363 876 Novatiano
1380 835 1456 876 non·

400 915 489 979 nulla
508 913 614 978 tradit
635 914 678 977 ad
696 919 879 976 accuratam
898 933 1004 975 rerum
1028 914 1122 975 tidem
1144 935 1206 976 non
1230 915 1308 978 satis
1332 923 1455 993 exacta,

403 1018 445 1082 ad
467 1015 637 1080 canonem
651 1032 681 1097 7.
704 1014 826 1078 concilii
849 1013 961 1079 cP.1.
985 1015 1072 1078 haud
1095 1016 1190 1078 dubie
1214 1016 1353 1100 respicit.
1377 1017 1456 1080 Cou-

403 1141 510 1181 mnr.
559 1118 643 1181 Haec
657 1116 720 1192 illo,
734 1116 775 1178 de
784 1114 905 1179 Valesii
920 1115 1186 1200 interpretatione
1201 1119 1368 1181 verborum
1380 1119 1456 1182 Gor-

404 1218 480 1281 nelii
494 1239 616 1294 errans,
632 1216 693 1279 nisi
683 1215 784 1279 illud
799 1237 857 1279 τινα
872 1216 968 1280 deles.
1013 1216 1101 1279 Bene
1117 1216 1163 1280 ait
1181 1218 1431 1282 Weismannus
1422 1242 1454 1282 ιιι

404 1321 489 1384 Hier
513 1318 598 1383 Ecce.
624 1319 669 1381 N.
692 1318 809 1381 Τοιτ.ι
811 1317 1001 1401 ‘Nunquam
1032 1320 1159 1382 credam
1189 1320 1377 1396 Cornelium,
1405 1322 1454 1384 cui

404 1422 608 1507 “objiciunt,
623 1421 707 1504 quod
723 1422 886 1505 negaverit
901 1420 1058 1505 accepisse
1074 1422 1286 1486 Novatianum
1299 1425 1454 1508 Spiritum

402 1531 424 1560 “
440 1523 475 1586 in
485 1523 647 1608 baptismo
662 1544 719 1585 suo
732 1522 883 1585 Sanctum
886 1523 982 1606 ‚quia
992 1523 1205 1607 obsignatio
1181 1526 1454 1588 srveoonfirmatio

404 1624 581 1710 “episcopi
601 1625 629 1687 ei
654 1646 716 1687 non
737 1624 834 1688 luerit
855 1624 947 1688 simul
968 1626 1094 1702 collata,
1115 1627 1268 1709 majorem
1289 1627 1454 1690 confirma-

404 1735 424 1763 “
440 1727 520 1791 tioni
543 1725 713 1810 episcopali
733 1725 883 1789 virtutem
907 1727 1067 1802 tribuisse,
1084 1750 1179 1810 quam
1201 1728 1260 1811 ipsi
1284 1729 1452 1812 baptismo.

403 1838 425 1867 “
441 1829 554 1914 Ipsum
570 1826 740 1891 Novatiani
756 1827 950 1910 baptismum
966 1828 1143 1901 nauseavit,
1160 1840 1364 1913 quapropter,
1381 1853 1453 1895 cum

403 1930 575 1995 “eundem
595 1929 755 2005 recitaret,
771 1930 906 2007 addidit,
922 1934 962 1994 Si
983 1942 1081 1995 taenea
1103 1930 1181 1993 lunc
1202 1931 1289 1993 ill-am
1310 1934 1454 2016 reeepaiaae

403 2041 423 2068 “
438 2031 600 2096 dicendum
622 2040 684 2101 eet,-
716 2031 881 2094 nauseavit
897 2054 1021 2115 quoque
1044 2040 1078 2095 et
1100 2032 1191 2094 malae
1214 2032 1333 2115 absque
1355 2033 1452 2096 dubio

402 2145 422 2172 “
438 2134 552 2221 origini
566 2133 745 2219 adscripsit,
761 2135 846 2218 quod
862 2134 1059 2198 Novatianus
1073 2149 1259 2196 consuetum
1274 2134 1304 2195 in
1321 2134 1452 2198 ecclesia

403 2246 423 2274 ‘⁴
439 2235 670 2322 obsignationis
699 2235 796 2299 ritum
824 2234 999 2320 neglexerit
1022 2244 1120 2318 atque
1146 2235 1359 2299 contemserit.
1412 2237 1451 2300 In

403 2345 422 2374 “
438 2338 499 2402 hoc
519 2337 640 2422 impetu
661 2337 757 2399 animi
773 2337 869 2399 verba
889 2336 953 2413 illa,
970 2336 1173 2420 hyperbolica
1193 2337 1312 2420 utique,
1329 2337 1450 2412 effudit,

403 2448 422 2475 “
437 2462 455 2504 a
471 2439 586 2524 quibus
605 2438 769 2502 lonnalem
790 2439 981 2502 sententiam
997 2445 1031 2502 et
1046 2438 1179 2501 haeresin
1195 2439 1362 2523 exculpere
1377 2439 1452 2504 licet

403 2548 422 2576 “
438 2541 597 2605 minime.”
619 2540 687 2604 Sec.
704 2540 748 2603 iii.
767 2546 792 2620 §-
813 2543 858 2603 16.
871 2563 901 2619 4.
922 2563 954 2624 p.
971 2561 1040 2624 254.
1089 2542 1282 2625 Episcopum
1305 2542 1451 2605 benedic·

401 2645 489 2709 tione
512 2666 571 2707 sua
597 2643 749 2729 perficere
774 2665 794 2706 a
819 2643 953 2706 diacono
980 2653 1106 2707 tantum
1139 2644 1332 2727 baptizatos,
1357 2644 1450 2727 jubet

401 2768 503 2810 canon
534 2744 752 2809 Eliberitanus
775 2763 826 2826 77.
883 2744 970 2807 Dum
999 2766 1073 2807 vero
1099 2746 1139 2807 de
1169 2744 1233 2808 alia
1261 2766 1295 2806 re
1325 2754 1451 2808 contro-

401 2869 504 2924 versa,
545 2853 652 2910 utrum
693 2845 891 2930 consignatio
931 2868 987 2909 seu
1027 2845 1225 2909 confirmatio
1264 2845 1297 2908 in
1336 2845 1450 2910 ritibus

401 2949 553 3034 baptismi
576 2956 729 3032 tanquam
750 2969 823 3030 pars
844 2947 913 3031 ejus
936 2947 1010 3010 olim
1035 2947 1146 3011 habita
1166 2947 1217 3022 sit,
1240 2949 1450 3032 disputabant

400 3054 464 3115 duo
486 3051 546 3113 viri
568 3050 721 3135 primarii,
742 3048 974 3125 Hammondus‚
998 3050 1031 3112 in
1054 3049 1134 3112 libro
1152 3051 1203 3113 De
1221 3051 1450 3133 Coeptrmatioue

399 3162 548 3239 postumo
564 3151 710 3237 negantis
728 3159 837 3234 partes
854 3151 1023 3226 sustinens,
1040 3158 1073 3214 et
1089 3152 1229 3214 Dallaeus
1244 3153 1295 3214 Dc
1312 3151 1451 3216 Gallitae

400 3257 596 3330 Lotirmrmn,
625 3253 678 3338 qui
716 3253 802 3316 istud
836 3253 1068 3327 affirmaverat3
1105 3255 1339 3328 Hammondus‚
1375 3254 1450 3336 quia

402 3353 659 3440 Olarirloplrcraunt'
673 3356 769 3416 Lecti.
786 3353 906 3418 habent
921 3355 990 3416 οὐδὲ
1005 3361 1057 3416 τοῦ
1078 3360 1303 3435 σφραγισθῆναι
1323 3377 1381 3437 pro
1395 3362 1447 3418 τοῦ

398 3485 431 3522 τε
454 3461 690 3540 σφραγισθῆναι,
714 3456 800 3520 istud
822 3457 900 3528 οὐδὲ,
917 3455 965 3518 vcl
986 3457 1065 3530 οὔτε,
1081 3453 1201 3517 firmari
1225 3454 1292 3516 vult
1314 3476 1384 3516 curn
1408 3477 1448 3519 ox

399 3562 568 3625 verborum
590 3558 837 3633 constructione,
858 3565 928 3621 tum
948 3580 988 3621 ex
1007 3556 1247 3642 Nicephorione
1268 3557 1349 3631 istis,
1373 3560 1391 3619 ὅ
1412 3585 1448 3639 γε

399 3665 467 3726 οὐδὲ
486 3668 546 3724 τῶν
566 3664 680 3722 λοιπῶν
700 3663 751 3735 τῆς
774 3660 934 3737 ἐκκλησίας
957 3663 1121 3737 συμβόλων
1145 3658 1260 3736 ἠξίωτο,
1285 3661 1327 3721 ὦν
1350 3661 1448 3743 χρεὼν

398 3765 467 3830 τοὺς
480 3765 632 3828 τοιούτους
651 3759 896 3840 μεταλαμβάνειν
911 3765 986 3823 κατὰ
1007 3759 1059 3822 τὸν
1074 3763 1124 3836 τῆς
1144 3764 1301 3839 ἐκκλησίας
1323 3761 1447 3840 θεσμὸν,

399 3864 468 3928 ἀλλ’
487 3864 556 3926 οὐδὲ
576 3861 634 3925 ὑπὸ
650 3863 819 3924 ἐπισκόπων
836 3860 910 3942 (sic)
928 3863 981 3939 τὴν
997 3862 1090 3923 νόσον
1109 3864 1274 3943 διαφυγὼν,
1300 3864 1447 3945 ἐσφραγί-

399 3972 457 4045 σθη
475 3968 507 4033 ἔς
529 3967 666 4042 ὕστερον.
697 3962 775 4024 Vid.
800 3962 996 4026 Hammond.
1027 3963 1079 4025 De
1108 3964 1287 4048 Confirmat.
1314 3987 1382 4049 cap.
1406 3966 1446 4028 iv.

398 4075 514 4131 sectr.
560 4065 636 4141 Sed,
661 4086 739 4149 pace
766 4065 850 4129 tanti
876 4065 934 4127 viri
957 4064 1101 4140 dixerim,
1127 4064 1204 4125 nihil
1228 4087 1354 4127 necesse
1377 4087 1446 4128 esse

397 4168 473 4232 mihi
484 4167 619 4243 videtur,
636 4167 720 4230 utin
735 4174 827 4230 textu
843 4174 972 4250 recepto
988 4165 1065 4249 quid
1077 4186 1223 4238 moveas;
1246 4173 1378 4249 propter
1392 4166 1447 4230 illa

396 4271 479 4333 enim
501 4272 544 4333 ὧν
562 4269 621 4351 χρὴ
642 4266 888 4346 μεταλαμβάνειν
911 4271 984 4330 κατὰ
1006 4267 1059 4330 τὸν
1074 4271 1123 4343 τῆς
1145 4268 1304 4344 ἐκκλησίας
1324 4269 1444 4341 κανόνα,

396 4370 539 4455 sequitur
561 4369 660 4444 istud,
683 4373 735 4430 τοῦ
754 4394 788 4430 τε
808 4373 1041 4449 σφραγισθῆναι.
1088 4366 1219 4449 lataque
1240 4373 1331 4429 extat
1351 4365 1445 4429 lectio

395 4469 427 4532 in
441 4470 581 4534 editione
600 4468 752 4553 principe,
767 4490 822 4530 seu
839 4467 1058 4553 stephaniam,
1075 4466 1169 4529 aliter
1190 4473 1287 4550 atque
1309 4467 1445 4550 putabat

395 4571 459 4656 ipse
484 4572 637 4648 Dallaeus,
663 4570 716 4654 qui
742 4571 781 4633 de
809 4569 944 4633 lectione
970 4591 1068 4653 agens
1092 4576 1245 4652 tanquam
1270 4591 1290 4631 a
1314 4567 1445 4631 Valesio

396 4676 530 4758 primum
550 4675 679 4739 invecta
700 4673 801 4756 ipsam
823 4670 1020 4755 comprobat.
1066 4670 1147 4733 Tum
1171 4692 1245 4733 vero
1268 4668 1444 4732 incertioris
