3700 5667
482 659 548 725 246
830 661 1184 726 ANNOTATIONES

525 831 762 915 P.229.l.10.
782 830 1000 917 ἀποκόμνονσι]
1026 832 1101 895 Hoo
1124 853 1214 896 seeo
1237 830 1388 896 codicibus
1408 833 1536 919 scriptis

482 955 542 1020 pro
557 936 746 1013 ἂποκαμοΰσι
761 933 898 1018 reposui.

527 1035 610 1100 Ibid.
627 1035 647 1098 l.
667 1054 715 1099 12.
736 1032 755 1114 ῆ
777 1035 825 1098 καὶ
845 1032 1061 1120 τρυφήσαντες]
1078 1035 1263 1099 Notandum
1278 1041 1339 1112 est,
1355 1057 1464 1100 omues
1479 1058 1532 1100 oo-

482 1136 568 1201 dioes
588 1158 674 1201 meos
694 1136 830 1222 seriptor
850 1144 919 1201 tum
936 1136 1077 1201 Gallicos
1095 1158 1192 1221 quam
1210 1136 1362 1221 Anglioos
1381 1139 1464 1201 ἀλλὰ
1485 1139 1534 1201 καὶ

482 1264 527 1320 τρ.
554 1239 606 1303 hic
628 1247 782 1324 praestsre
806 1247 925 1323 praetor
949 1260 1046 1301 unum
1069 1238 1252 1322 Boet158.
1276 1238 1533 1323 Gentianumqus

481 1340 661 1406 Hervetum
685 1342 798 1406 οοθὶιθς
827 1340 954 1405 Titiani
978 1339 1196 1425 interpretem,
1222 1340 1270 1404 οοθ
1293 1341 1386 1404 otium
1413 1340 1533 1405 Latino

481 1449 668 1508 vertentem.

525 1544 608 1608 Ibid.
625 1545 644 1608 l.
666 1566 713 1624 14.
741 1545 793 1607 δύο
821 1544 869 1606 καὶ
890 1544 984 1622 μόνας
1007 1542 1127 1627 ἡμέρας]
1152 1541 1287 1607 Habent
1308 1543 1420 1624 ἡμέρας
1442 1544 1530 1621 editi,

481 1648 566 1733 quod
583 1647 677 1733 jussu
699 1646 839 1710 omnium
865 1645 1008 1709 oodioum
1031 1644 1319 1730 manuscriptorum
1342 1646 1531 1730 ejiciendum

482 1756 576 1815 osset.

526 1851 610 1915 Ibid.
625 1851 646 1914 l.
669 1867 714 1934 17.
736 1851 789 1914 οὐκ
809 1851 890 1928 οἶμαι
911 1850 966 1930 τῆν
984 1852 1053 1927 ἴσην
1069 1850 1199 1928 ἄθλησιν
1215 1850 1321 1917 αὐτοὺς
1335 1853 1529 1935 πεποιῆσθαι]

482 1955 565 2018 Cum
587 1953 621 2016 in
639 1954 724 2017 codd.
744 1952 910 2037 antiquiss,
929 1956 980 2016 26.
996 1960 1030 2018 et
1047 1954 1098 2016 86.
1121 1973 1141 2016 a
1162 1973 1214 2016 ms
1235 1952 1353 2016 lectum
1375 1962 1460 2018 esset
1482 1955 1533 2021 οθς

481 2057 535 2120 οὐκ
554 2055 636 2136 οἶμαι
656 2055 723 2118 sino
743 2055 849 2120 αὐτοὺς
867 2062 943 2118 ante
963 2058 1156 2134 πεποιῆσθαι,
1172 2061 1206 2117 et
1220 2055 1349 2134 ἄσκησιν
1366 2076 1426 2140 pro
1442 2057 1533 2135 ἄθλη-

481 2182 541 2230 σιν,
565 2158 686 2224 τούτους
707 2177 764 2240 per
785 2155 941 2220 incuriam
963 2155 1038 2219 olim
1061 2178 1129 2240 ego,
1153 2155 1269 2220 omisso
1292 2156 1405 2232 αὐτοὺς,
1429 2156 1532 2220 verbis

480 2257 650 2344 praeposui.
695 2257 735 2321 In
755 2257 853 2321 codiee
873 2279 998 2341 quoque
1014 2261 1089 2343 625.
1105 2256 1193 2341 prius
1213 2257 1367 2341 seriptum
1386 2266 1458 2322 eret
1476 2258 1532 2321 eli·

481 2361 558 2447 quid
580 2368 656 2425 ante
679 2360 731 2423 οὐκ
752 2359 844 2439 οἶμαι,
863 2360 940 2423 dum
961 2359 1040 2422 illud
1062 2360 1167 2426 αὐτοὺς
1188 2359 1272 2423 infru
1293 2360 1413 2424 reoenti
1435 2382 1531 2424 manu
1573 2348 1576 2354 ¹

481 2462 626 2528 additum
642 2469 701 2526 est.
747 2461 865 2526 Itidem
879 2461 979 2525 habet
993 2461 1073 2524 ι’θοηι
1088 2461 1151 2524 oud.
1166 2462 1304 2540 ἄσκησιν.
1349 2461 1413 2526 Sed
1434 2462 1532 2547 serip-

481 2570 600 2640 tursm‚
614 2585 685 2649 quae
701 2571 830 2649 reoepto
845 2569 905 2637 ost,
922 2564 1052 2640 ἄθλησιν
1066 2561 1222 2626 invenisse
1237 2562 1269 2624 in
1283 2563 1449 2627 oodioibus
1467 2564 1532 2628 suis

481 2665 625 2729 Zouuros
640 2673 673 2729 et
688 2664 837 2728 Balsumo
852 2664 1009 2728 ridentur.
1040 2662 1267 2747 Praestontque
1283 2666 1417 2729 eandem
1430 2665 1532 2730 Pado·

481 2765 559 2831 bium
572 2789 609 2830 ao
625 2766 742 2850 Syllopo
756 2788 852 2852 supro
866 2771 1054 2830 memorato.

525 2871 563 2933 P.
577 2889 649 2952 230.
665 2868 686 2932 l.
701 2888 727 2933 2.
745 2871 907 2949 ταῦταμὲν
922 2867 991 2953 οὖν]
1009 2867 1206 2932 Particulom
1221 2870 1275 2933 οὗν
1289 2890 1307 2933 ο
1321 2891 1423 2933 novem
1436 2871 1532 2954 semp

481 2971 521 3035 θὶι
535 2971 651 3055 recepi.

525 3073 610 3137 Ibid.
629 3074 650 3137 Ι.
664 3093 694 3157 3.
719 3073 866 3158 ἔγραψα]
894 3071 976 3137 Post
1001 3073 1071 3138 haeo
1097 3073 1315 3138 oollooandum
1340 3072 1530 3136 breviarium

481 3175 587 3240 ourevi
604 3176 772 3240 verborum
792 3174 947 3260 Dionysii,
964 3175 1049 3258 quod
1066 3175 1142 3240 feeit
1164 3183 1277 3239 euotor
1297 3196 1370 3239 oum
1384 3173 1529 3237 Aristoni

480 3278 708 3342 commentario
728 3277 854 3352 editus3
880 3299 955 3341 nsm
976 3277 1049 3341 huio
1072 3277 1277 3362 epitomaton'
1303 3276 1360 3341 soli
1380 3277 1530 3345 debemus

480 3379 574 3465 hujus
596 3380 698 3464 pertis
718 3379 922 3464 Dionysinnae
946 3380 1089 3464 epistolae
1111 3381 1272 3455 notitiem,
1290 3379 1352 3444 etsi
1373 3401 1413 3442 ox
1434 3379 1530 3442 titulo

480 3481 513 3544 in
528 3482 626 3545 oodioe
640 3483 768 3545 Barooo.
785 3483 837 3545 86.
859 3482 965 3566 posito
984 3483 1072 3546 haud
1087 3483 1246 3568 integram
1265 3480 1433 3567 epistolam
1450 3502 1530 3557 esse,

480 3590 518 3648 ut
532 3582 622 3646 initio
638 3582 715 3659 dixi,
731 3590 817 3647 reete
831 3583 935 3668 colligi
951 3583 1062 3669 possit.
1111 3583 1272 3647 Praemisit
1290 3590 1399 3646 autem
1418 3589 1531 3646 sueton

480 3692 554 3768 poet
578 3684 692 3768 prioris
715 3683 818 3769 partis
844 3684 987 3769 epistolae
1014 3684 1205 3749 breviarium
1228 3684 1296 3747 haeo
1320 3684 1437 3747 verbo:
1469 3689 1531 3746 Ταῦ

481 3786 570 3851 αὐτοῦ
593 3786 764 3870 (Dionysii)
786 3789 853 3868 περὶ
875 3794 934 3851 τῶν
956 3786 1161 3866 ἆκοινωνῆτων
1181 3787 1238 3864 μὲν
1260 3787 1364 3862 ὄντων,
1387 3787 1476 3869 φόβῳ
1499 3788 1531 3848 δὲ

481 3888 610 3953 θανάτου
637 3891 869 3966 κοινωνούντων,
895 3889 959 3953 εἶτα
986 3891 1193 3968 ἐπιβιοθντων.
1233 3892 1343 3952 'scm
1369 3890 1532 3972 προσδοκία

480 3990 608 4055 θανάτου
629 3993 685 4055 διο.
718 3990 882 4074 Ejusdem,
897 3992 947 4054 De
964 3991 1013 4064 ι’θο,
1034 3992 1089 4075 qui
1108 4012 1177 4054 oum
1195 3991 1445 4055 οποοτνηιινιὶοαιὲ
1458 3990 1532 4073 fue

479 4094 555 4172 rint,
571 4104 598 4158 et
608 4116 681 4179 prce
693 4103 772 4156 metu
787 4095 891 4156 mortis
904 4094 950 4157 ad
966 4094 1199 4158 communiorem
1212 4092 1340 4157 οθοιιὶςςί
1347 4103 1451 4178 postea
1466 4113 1531 4155 oon·

479 4195 640 4259 valescunt.
677 4194 760 4258 EOS
781 4195 835 4278 qui
856 4217 923 4279 prae
945 4196 1167 4280 expectatione
1181 4195 1294 4259 mortis
1309 4195 1366 4259 &o
1407 4193 1531 4257 Deinde

480 4296 623 4382 sequitur
633 4297 760 4372 lemma,
772 4298 840 4376 περὶ
855 4298 1048 4377 ἀκαθαρσίας.
1080 4300 1219 4384 Propter
1234 4298 1391 4362 variatum
1406 4302 1528 4380 postea,

480 4405 518 4461 ut
531 4397 660 4462 solitum
675 4406 734 4474 est,
750 4398 783 4460 in
799 4421 896 4462 onusn
910 4400 1197 4466 eonsuleseentium
1212 4399 1457 4466 ecelesiasticam
1469 4398 1531 4460 dis-

480 4498 627 4584 oiplinom
643 4499 769 4564 videtur
785 4499 903 4564 omissa
917 4523 993 4584 pars
1008 4502 1097 4566 istaeo
1113 4503 1266 4588 epistolae.

525 4600 607 4664 Ibid.
634 4600 655 4664 1.
682 4622 731 4664 10.
761 4606 899 4669 πλείονος
929 4606 1067 4683 δεόμενος
1097 4607 1294 4689 ἐπιστροφῆς]
1333 4602 1528 4687 Hujusmodi
