3700 5667
391 659 456 720 510
737 650 1093 716 ANNOTATIONES

393 848 468 891 num
484 847 599 912 papam
614 832 648 889 et
662 825 704 889 ud
719 822 894 908 complures
911 823 991 886 alios
1005 822 1206 886 eeclesiarum
1222 823 1387 887 antistites
1404 824 1445 887 do

393 929 467 992 fidei
483 951 548 993 suoe
564 928 688 991 ratione
703 926 857 1010 Origenes
872 925 1054 1009 scripserat,
1070 924 1248 989 inseruisse.

438 1031 474 1093 P.
491 1051 565 1113 499,
581 1030 601 1093 l.
620 1032 666 1091 16.
682 1029 847 1113 ἀπολογίας]
864 1031 1030 1111 Quotquot
1045 1033 1146 1112 agunt
1161 1033 1285 1091 veteres
1300 1029 1340 1091 de
1358 1028 1445 1114 Apo

394 1133 478 1216 logia
507 1155 527 1195 a
553 1129 721 1215 Pamphilo
751 1137 848 1214 utque
875 1129 1014 1193 Eusebio
1043 1129 1235 1213 conscripta,
1261 1152 1315 1193 eos
1346 1153 1446 1215 supra

394 1234 552 1297 sistendos
570 1255 638 1296 esse
657 1233 777 1316 putavi.
824 1231 1011 1295 Gallendius
1030 1231 1062 1293 iu
1078 1237 1166 1295 tomo
1181 1230 1221 1294 iv.
1242 1253 1308 1296 suae
1326 1232 1445 1297 Billie

394 1336 485 1400 thece
504 1336 579 1399 PP.
601 1335 703 1418 ipsam
725 1333 806 1411 libri,
823 1333 878 1418 qui
900 1339 1012 1410 restat,
1029 1334 1182 1418 Apolepiae
1204 1333 1444 1418 interpretatio-

393 1461 465 1502 nem
483 1461 523 1503 ex
543 1438 682 1502 editione
701 1437 860 1501 Dolaruaei
881 1458 946 1500 una
966 1458 1038 1499 cum
1058 1437 1143 1500 netis
1163 1436 1305 1521 ejusdem
1324 1437 1382 1501 viri
1404 1439 1443 1502 cl.

393 1542 594 1626 desumptam
622 1539 813 1615 collocavit3
847 1540 931 1603 idem
957 1561 1032 1602 vcro
1058 1539 1253 1624 opusculum,
1280 1541 1444 1625 egregium

394 1644 468 1706 licet
487 1641 690 1725 antiquitatis
710 1649 959 1713 monumentum,
977 1650 1108 1726 proptor
1127 1664 1239 1705 causas
1256 1642 1324 1726 jam
1340 1644 1446 1708 dictas

394 1745 444 1807 hio
461 1744 588 1828 quidem
603 1742 800 1827 praetormisi.

440 1846 522 1910 lbid.
540 1847 560 1909 l.
579 1848 629 1912 28.
647 1845 823 1929 habuerunt]
840 1844 920 1909 Haec
939 1844 1090 1908 Auctoris
1105 1845 1337 1921 Proedestiuuli,
1353 1847 1444 1930 eujus

395 1947 521 2031 quidem
537 1946 650 2008 librum
673 1945 830 2025 ambiguae
854 1944 926 2007 fidoi
951 1944 1071 2028 primus
1093 1945 1193 2010 edidit
1207 1945 1350 2009 lacobus
1374 1948 1441 2010 Sir·

395 2049 538 2121 mondus‚
549 2053 660 2131 utpote
675 2046 778 2109 minus
793 2046 897 2122 firma,
912 2046 1025 2110 ultima
1040 2046 1139 2130 posui.
1171 2046 1233 2109 Sed
1245 2047 1329 2111 enim
1345 2050 1444 2113 etiam

394 2151 481 2224 illud,
498 2151 583 2234 quod
598 2150 702 2213 fateor
716 2149 795 2213 alios
811 2171 935 2233 quoquo
953 2155 1101 2212 auctores
1119 2149 1300 2226 tradidisse,
1317 2152 1358 2215 dc
1372 2174 1442 2215 cor-

394 2254 541 2338 ruptione
556 2253 706 2316 librorum
729 2251 884 2337 Origenis,
900 2251 1057 2315 incertum
1077 2258 1146 2324 est;
1169 2251 1359 2335 quinimmo
1380 2256 1444 2319 duo

395 2357 447 2420 isti
462 2356 603 2419 haeretici
620 2354 766 2439 Origenis
786 2353 912 2417 nomine
932 2354 1095 2439 appellati,
1111 2355 1297 2438 antiquitati
1312 2379 1444 2441 prorsus

395 2460 494 2545 ignoti
522 2466 605 2522 sunt.
652 2457 746 2520 Alius
773 2458 899 2541 quidem
924 2457 1020 2519 homo
1046 2456 1243 2540 cognominis
1267 2458 1339 2537 luit,
1362 2459 1444 2524 illius

394 2562 503 2626 {etatis
519 2583 582 2644 qua
597 2561 664 2645 ipso
680 2560 847 2645 Origenes,
862 2560 918 2623 sed
934 2558 1079 2623 ethnicus
1093 2559 1308 2643 philosophus.

439 2667 592 2727 (feretrum
614 2669 706 2727 extat
722 2684 793 2725 cum
815 2662 848 2724 in
870 2660 1088 2745 Stephaniena
1102 2668 1171 2725 tum
1191 2663 1224 2725 in
1245 2664 1353 2727 multis
1374 2664 1444 2727 aliis

397 2767 476 2830 Novi
498 2763 696 2828 Testamenti
717 2763 908 2828 editionibus
919 2762 1070 2840 Ἔκθεσις,
1086 2763 1150 2826 sive
1169 2765 1327 2848 Expositie
1351 2768 1444 2851 Cepi-

394 2879 458 2931 ium-
472 2872 608 2931 deleum
627 2866 849 2950 Apostolorum,
864 2867 953 2949 eujus
976 2864 1161 2950 Pamphilus
1183 2867 1312 2952 Martyr
1330 2878 1444 2933 auctor

395 2971 580 3054 designatur
602 2968 634 3030 in
658 2968 765 3031 codice
785 2974 909 3031 vetusto
932 2969 1072 3031 Actuum
1096 2982 1128 3031 et
1149 2967 1252 3053 Epist.
1274 2970 1399 3035 (lathol.
1423 2994 1444 3034 a

397 3071 629 3135 tlontsaucono
655 3091 726 3153 pag.
752 3087 803 3153 75.
830 3068 1024 3133 Billiellwcee
1052 3070 1250 3134 Colelinieuce
1274 3074 1441 3138 recensito

396 3175 506 3259 Neque
520 3173 647 3237 dubitat
662 3172 747 3235 idem
761 3172 810 3235 vir
824 3172 1065 3245 eruditissimus,
1079 3173 1153 3256 quin
1170 3174 1238 3238 haec
1253 3175 1356 3260 opella
1371 3199 1442 3240 vere

394 3276 490 3342 suerit
506 3275 672 3360 'Pamphili
697 3274 870 3359 Martyris3
895 3275 1090 3339 assentiente
1112 3298 1236 3361 quoquo
1260 3277 1443 3340 Fontauino

396 3381 426 3443 in
443 3381 525 3443 Ilisl.
543 3380 606 3443 Lu.
626 3378 826 3462 Aquileiensi,
842 3378 895 3441 lib.
913 3400 941 3441 v.
958 3400 1027 3462 cap.
1044 3396 1075 3460 5.
1099 3380 1126 3459 ξ.
1143 3399 1174 3461 5.
1191 3401 1262 3463 pag.
1280 3400 1352 3462 259.
1368 3388 1443 3464 post

396 3483 505 3546 initam
529 3504 550 3545 a
572 3504 616 3556 se,
638 3480 694 3556 ait,
717 3479 934 3564 Expositienis
956 3502 1028 3542 cum
1051 3480 1209 3565 Apologia
1232 3482 1443 3565 comparatio-

395 3606 477 3660 nem,
502 3584 576 3647 licet
597 3583 708 3656 latina,
732 3594 769 3646 ut
793 3583 860 3667 ipse
886 3581 973 3658 dicit,
998 3589 1124 3646 tuntum
1150 3584 1316 3667 Apologiae
1341 3585 1443 3647 versio

395 3693 493 3749 extet.
550 3688 611 3748 Sed
635 3687 673 3750 cl.
694 3686 882 3769 Zacagnius,
907 3686 959 3769 qui
983 3685 1015 3748 in
1042 3686 1233 3749 Collectoncis
1255 3688 1441 3751 Mene-ment.

404 3790 466 3850 Vel.
493 3810 528 3850 ee
553 3784 740 3850 Bibliotheca
774 3789 871 3851 Velie.
898 3810 971 3872 pag.
996 3790 1071 3867 428.
1098 3810 1161 3852 una
1186 3811 1258 3851 cum
1285 3790 1443 3854 nonnullis

395 3888 536 3952 Euthelii
563 3890 712 3973 AEgyptii
737 3891 894 3973 opusculis
922 3891 1004 3955 hesic
1030 3891 1173 3955 ediderat
1199 3892 1442 3976 expositionem,

394 3992 495 4076 ipsam
530 4012 654 4075 quoquo
689 3992 791 4054 eidem
822 3991 974 4056 Euthalio
1007 3992 1165 4057 attribuit.
1225 3997 1334 4078 Atque
1372 4018 1443 4058 eam

399 4092 538 4156 llutlralii
568 4115 647 4170 esso,
674 4093 725 4178 qui
753 4095 878 4179 quidem
905 4094 1013 4158 floruit
1039 4095 1143 4157 medio
1173 4096 1288 4158 seculo
1318 4096 1441 4179 quinto,

394 4197 593 4260 sentiendum
624 4219 691 4260 csso
721 4198 767 4261 ait
796 4198 999 4262 Wetstonius
1031 4208 1162 4282 propter
1194 4197 1444 4281 subscriptiones

394 4300 529 4362 duorum
551 4299 694 4363 codicum
716 4301 1015 4384 manuscriptorum,
1039 4322 1171 4383 quorum
1196 4322 1277 4362 unus
1303 4309 1352 4363 ost
1376 4302 1441 4384 opi-

394 4398 546 4461 stolarum
572 4400 673 4472 Pauli,
694 4401 777 4464 ulter
800 4402 940 4464 Aetuum
964 4408 996 4464 et
1022 4402 1236 4485 Epistularum
1260 4401 1442 4466 Catholica-

394 4521 482 4574 rum;
505 4501 577 4565 indo
598 4504 680 4566 enim
701 4511 805 4566 ortum
825 4526 892 4566 esso
913 4525 1053 4567 errorem
1069 4503 1282 4579 librariorum,
1300 4503 1352 4586 qui
1370 4526 1442 4566 enm
