3700 5667
504 678 555 740 IN
580 674 892 740 THEOGNOSTI
919 672 1241 736 FRAGMENTA.
1331 674 1391 735 421

349 859 368 879 ‘¹
385 845 589 930 Theognosto
613 852 765 928 tanquam
789 843 916 908 homine
938 842 1030 907 valde
1052 842 1233 907 orthodoxo
1254 842 1397 927 loquitur

349 957 368 985 ·‘
386 948 595 1024 Athanasius,
611 955 645 1012 et
657 970 728 1032 quae
742 969 782 1011 ex
797 969 836 1011 ee
850 945 942 1024 oitat,
959 945 1077 1009 Filium
1092 947 1255 1024 ὁμοούσιον
1268 966 1336 1008 esso
1350 943 1397 1008 di·

350 1063 368 1083 ‘'
385 1057 471 1114 serto
490 1051 637 1136 probant,
654 1050 802 1136 ipsosque
824 1047 965 1112 Arianos
987 1046 1055 1131 ejus
1076 1045 1261 1111 testimonio
1280 1046 1397 1132 premit

349 1152 632 1235 proiooatque
663 1149 854 1231 Quinetiam
870 1149 908 1213 el.
922 1147 1103 1212 Maranus
1095 1171 1126 1211 m
1142 1169 1238 1233 opere
1248 1147 1317 1232 jam
1330 1146 1398 1212 lau-

348 1253 425 1316 dato
447 1274 613 1316 censuram
636 1251 740 1315 levare
763 1249 918 1315 Photii
894 1272 939 1313 sro
959 1249 1073 1335 pergit
1118 1250 1192 1312 ‘In
1209 1248 1270 1312 hoo
1289 1246 1397 1312 Photii

348 1355 566 1419 “testimonio
589 1353 664 1416 illud
692 1360 732 1416 1⁰.
754 1352 985 1416 observandum
1008 1362 1069 1428 est,
1089 1351 1205 1415 Filium
1227 1373 1248 1415 a
1270 1350 1396 1436 Theog-

348 1465 366 1493 “
384 1465 477 1520 noste
499 1463 678 1520 ereaturam
700 1454 829 1518 minime
850 1476 925 1518 voea
929 1462 997 1517 tum
1019 1453 1139 1526 suisse;
1167 1453 1290 1517 latetur
1312 1453 1395 1517 enim

348 1564 366 1594 “
385 1557 531 1632 Photius‚
553 1555 668 1619 Filium
692 1556 734 1619 ab
756 1578 794 1619 ee
817 1554 981 1639 appellari,
1003 1555 1059 1618 sed
1082 1576 1117 1617 re
1142 1560 1322 1617 ereaturam
1346 1575 1396 1617 os·

353 1670 372 1697 ·‘
388 1660 475 1723 teudi
492 1658 664 1722 existimat.
683 1667 725 1721 2⁰.
751 1657 865 1722 Seeum
884 1663 1006 1742 pugnat
1023 1656 1170 1732 Plrotius,
1184 1677 1256 1719 eum
1271 1656 1395 1738 Theog-

350 1772 368 1801 “
386 1770 513 1826 nostum
538 1761 585 1825 ait
610 1768 799 1846 argumenta
827 1760 985 1844 colligere,
1010 1780 1067 1823 our
1092 1757 1193 1820 Filius
1219 1758 1395 1821 necessario

349 1878 368 1898 ‘¹
384 1865 530 1942 exsistat,
545 1887 603 1928 nee
618 1872 727 1928 tamen
746 1864 788 1928 ab
807 1885 845 1927 eo
865 1864 1041 1927 increatum
1062 1860 1236 1925 existimari
1257 1882 1395 1945 pronun-

349 1980 367 2000 “
385 1969 457 2032 tiat.
498 1967 575 2030 Non
591 1966 721 2031 dubium
737 1966 811 2051 quin
828 1966 913 2029 inter
926 1973 1128 2049 argumenta,
1144 1963 1257 2048 quibus
1273 1963 1396 2048 Theog-

348 2077 367 2103 “
383 2077 495 2131 noetus
511 2064 583 2129 Filii
598 2064 812 2129 aeternitatem
831 2064 990 2148 probavit,
1005 2065 1138 2129 allatum
1156 2066 1198 2129 ab
1214 2065 1396 2130 Athanasio

346 2181 368 2208 ‘⁶
385 2168 601 2234 testimonium
631 2167 741 2231 referri
771 2168 898 2244 debeat,
925 2168 958 2232 in
987 2190 1050 2252 quo
1078 2167 1194 2231 Filium
1220 2190 1260 2231 ex
1287 2168 1396 2232 Patris

348 2281 369 2309 ‘⁶
385 2269 630 2345 substantiam
649 2270 848 2355 splendorem
868 2292 908 2334 ex
929 2270 1008 2347 luae,
1023 2270 1163 2355 genitum
1185 2271 1395 2334 demonstrat.

348 2383 366 2410 “
383 2381 426 2457 3⁰.
445 2373 580 2437 Fatetur
596 2371 732 2435 Photius
748 2372 987 2457 Theognostum
1007 2371 1040 2436 in
1060 2372 1141 2435 libro
1157 2372 1207 2435 vii.
1224 2371 1326 2456 magis
1344 2371 1396 2457 pie

348 2486 367 2513 “
385 2477 424 2539 de
443 2474 567 2539 oaeteris
585 2474 679 2538 rebus
698 2497 737 2538 ao
759 2475 896 2538 maxime
912 2476 951 2537 de
969 2474 1050 2538 Filio
1065 2474 1230 2538 disserere.
1257 2481 1302 2554 4⁰.
1318 2473 1342 2536 J
1343 2494 1395 2536 anr

316 2604 319 2609 ·
348 2588 368 2616 “
384 2578 519 2641 vidimus
533 2577 566 2639 in
578 2576 724 2661 Origenis
739 2575 927 2661 explicanda
942 2576 1098 2648 doctrina,
1111 2598 1175 2659 quo
1187 2597 1280 2639 sensu
1294 2575 1395 2639 Filius

348 2690 367 2709 “
384 2676 538 2741 creaturis
571 2675 694 2739 ratione
726 2676 890 2740 utentibus
921 2677 1059 2740 maxime
1088 2698 1225 2762 praeesse
1258 2676 1393 2740 dicatur.

346 2789 366 2815 ‘⁶
383 2779 488 2842 Addit
504 2777 650 2854 Photius‚
665 2777 746 2840 hano
762 2777 956 2863 Theognosti
973 2778 1160 2843 defendendi
1175 2779 1341 2856 rationem,
1357 2786 1394 2843 ut

348 2894 367 2912 ‘¹
384 2879 620 2944 exereitationis
643 2901 739 2943 eausa
758 2879 883 2943 locutus
904 2879 1042 2958 dioatur,
1062 2880 1094 2943 in
1114 2880 1247 2965 dialogis
1265 2880 1392 2964 quidam

346 2992 364 3019 “
382 2982 496 3059 valere,
513 2996 548 3046 at
566 2982 598 3045 in
615 2981 686 3045 aliis
703 2982 791 3045 libris
807 2982 964 3046 infirmam
983 3006 1069 3047 esse:
1094 2984 1149 3046 sod
1165 3005 1228 3046 non
1243 2983 1392 3048 memine-

345 3096 363 3122 “
382 3095 434 3150 rat
454 3085 501 3149 ita
521 3084 682 3147 defensum
698 3085 794 3148 luisse
813 3086 855 3148 ab
871 3086 1053 3150 Athanasio
1069 3086 1319 3171 Theognostum,
1334 3108 1392 3151 aee

345 3197 364 3224 ‘⁶
381 3188 460 3252 satis
474 3186 665 3249 attendebat
681 3185 712 3248 in
727 3186 824 3259 libris,
842 3188 894 3270 qui
911 3187 1107 3271 dialogorum
1126 3209 1214 3250 more
1233 3210 1296 3251 non
1317 3189 1390 3251 seri-

344 3298 363 3325 “
381 3290 511 3363 buntur,
534 3288 634 3351 multa
660 3288 898 3351 subdubitando
925 3288 1057 3372 proponi
1084 3288 1193 3365 solere,
1219 3297 1391 3372 antequam

345 3400 362 3425 “
380 3389 578 3453 verisimilior
592 3389 751 3453 sententia
766 3388 981 3452 confirmetur.
1009 3389 1181 3472 Vituperat
1196 3389 1295 3453 etiam
1310 3388 1392 3453 The·

345 3503 364 3528 “
382 3499 550 3576 egnostum
581 3489 727 3563 Photius,
759 3488 845 3574 quod
875 3488 980 3552 dioere
1013 3488 1131 3552 audeat
1161 3491 1207 3551 ὅτι
1236 3490 1290 3551 τὸν
1317 3489 1393 3552 ‘sidu

346 3606 364 3623 ‘¹
381 3592 592 3673 ψανταζόμεθα
610 3592 722 3654 ἄλλοτε
738 3593 773 3653 ἐν
788 3590 894 3656 ἄλλοις
908 3592 1010 3657 τόποις
1028 3592 1300 3672 περιγραφόμενον,
1315 3591 1392 3676 μόνῃ

344 3704 363 3729 “
382 3697 413 3756 δὲ
435 3697 471 3781 τῇ
494 3694 628 3777 ἐνεργείᾳ
649 3692 688 3770 μὴ
710 3694 983 3774 περιγραφόμενον,
1000 3693 1088 3773 Quod
1100 3692 1222 3757 Filiam
1241 3692 1392 3777 imupim·

344 3806 362 3832 ‘⁴
380 3818 450 3858 ννιιν
468 3795 549 3859 alios
563 3795 597 3858 in
615 3794 689 3858 aliia
708 3794 779 3858 heis
798 3795 1068 3882 circumscriptum,
1083 3796 1146 3860 sola
1165 3805 1264 3859 autem
1283 3816 1390 3880 opau-

344 3908 364 3935 ⁴‘
380 3899 458 3961 tione
471 3920 529 3961 νον
544 3898 812 3983 νὶνονιηεσνὶρτινν.
858 3898 978 3963 Fateor
992 3899 1069 3962 mihi
1083 3921 1146 3962 noa
1161 3899 1291 3983 liquere,
1305 3897 1390 3982 quod

344 4013 362 4036 ⁸¹
380 4001 438 4063 sibi
460 4000 556 4064 velint
578 4001 645 4064 haee
665 4001 771 4077 verba,
792 4000 912 4064 Filium
930 4001 1138 4086 imapinamur
1153 4003 1210 4065 &a
1229 4000 1290 4064 nisi
1307 3999 1390 4065 sorte

344 4113 363 4139 “
380 4104 462 4167 idem
485 4102 582 4178 dieat,
597 4102 681 4187 quod
702 4102 793 4166 multi
813 4102 876 4176 alii,
895 4102 1009 4167 Filium
1024 4125 1045 4167 a
1062 4106 1160 4167 Patre
1181 4102 1311 4165 missum
1330 4102 1389 4165 sub

345 4220 362 4237 ¹¹
380 4205 474 4268 variis
495 4203 605 4267 formis
625 4203 723 4267 videri
743 4212 777 4267 et
796 4204 828 4266 in
847 4205 916 4267 loeo
937 4204 1086 4267 inveniri:
1115 4204 1171 4268 sed
1193 4224 1391 4288 quocumque

343 4320 364 4344 ‘⁶
381 4307 476 4369 modo
492 4305 808 4389 iuterp1·eteris‚eurn
829 4327 900 4369 eum
920 4304 1066 4390 potentia
1080 4314 1114 4369 et
1129 4304 1314 4390 operatione
1331 4303 1391 4368 eir·

345 4422 362 4444 ‘⁴
379 4409 607 4493 eumsoriptum
637 4416 742 4493 neget,
769 4408 846 4471 nihil
875 4409 915 4470 do
946 4407 1014 4491 ejus
1044 4406 1210 4471 divinitate
1240 4408 1391 4473 detrahit.

344 4527 361 4544 ‘¹
380 4513 619 4598 Theognosturn
656 4511 739 4575 idem
775 4510 909 4574 l'hotius
947 4531 1010 4572 non
1047 4510 1158 4574 melius
1195 4511 1234 4575 de
1272 4510 1392 4595 Spiritu

344 4623 365 4652 “
384 4616 514 4687 Sancto,
543 4636 638 4698 quam
664 4615 704 4677 de
731 4613 814 4677 Filio
845 4614 979 4678 sensisse
1009 4613 1170 4698 opinatur.
1221 4613 1280 4679 Ait
1308 4615 1392 4678 onim
