3700 5667
717 675 904 739 concm.
929 643 1178 740 canusso,
1200 678 1248 741 11.
1466 684 1508 750 aa

462 837 620 922 pientibus
638 860 706 902 esse
729 840 841 916 tutela,
857 862 936 923 quos
959 848 1048 904 tutos
1071 864 1140 905 esse
1160 851 1273 906 contra
1292 843 1508 908 adversarium

461 947 614 1023 volumus,
626 947 822 1011 munimento
835 949 1009 1013 Dominicae
1025 951 1206 1016 saturitatis
1220 974 1387 1016 armemus.
1425 954 1509 1018 Nam

461 1056 617 1139 quomodo
654 1057 802 1120 docemus
831 1064 889 1121 aut
925 1080 1133 1143 provocamus
1167 1083 1222 1124 eos
1251 1062 1283 1124 in
1313 1063 1509 1128 consessione

461 1166 595 1229 nominis
613 1167 800 1251 sangninem
814 1187 905 1229 suum
921 1166 1063 1245 fundere,
1080 1169 1106 1232 si
1127 1170 1172 1233 eis
1190 1170 1374 1236 militaturis
1389 1174 1508 1238 Obristi

432 1277 644 1362 5sanguinem
662 1278 875 1361 denegamus?
919 1281 991 1342 Aut
1006 1281 1164 1362 quomodo
1184 1282 1226 1344 ad
1247 1283 1389 1365 martyrii
1411 1305 1506 1367 poeu-

460 1388 524 1451 lum
550 1389 680 1453 idoneos
706 1389 849 1465 iacimus,
873 1389 899 1452 si
927 1411 990 1453 non
1016 1412 1071 1454 eos
1097 1392 1185 1475 prius
1210 1393 1251 1455 ad
1278 1392 1449 1456 bibendum
1474 1393 1508 1456 in

459 1499 590 1562 ecelesia
618 1499 765 1583 poculum
791 1498 920 1561 Domini
946 1499 1019 1583 jure
1048 1501 1340 1565 communicationis
1365 1503 1507 1567 admitti-

458 1612 548 1672 mus?
591 1608 750 1674 Interesse
772 1609 877 1682 debet,
896 1609 999 1673 frater
1020 1611 1189 1688 carissime,
1210 1611 1295 1675 inter
1315 1634 1370 1675 eos
1390 1613 1442 1696 qui
1458 1613 1506 1677 vel

458 1726 722 1802 apostataverunt
741 1726 775 1783 et
796 1720 839 1783 ad
863 1720 1012 1783 saeculum
1035 1721 1084 1783 cui
1106 1721 1367 1785 renuntiaverant
1390 1722 1506 1786 reversi

414 1830 619 1915 10gentiliter
635 1829 754 1907 vivunt,
771 1831 819 1893 vel
839 1831 881 1894 ad
901 1830 1069 1895 haereticos
1089 1832 1263 1915 transfugas
1284 1832 1369 1908 lacti,
1394 1842 1507 1896 contra

456 1939 620 2004 ecclesiam
645 1939 847 2024 parricidalia
872 1940 1014 2024 quotidie
1039 1963 1130 2003 arma
1155 1941 1341 2025 suscipiunt,
1363 1948 1397 2004 et
1421 1941 1507 2005 inter

456 2049 579 2132 eosqui
601 2048 642 2112 ab
658 2048 796 2112 ecolesiae
819 2048 926 2112 limine
946 2071 1010 2112 non
1032 2050 1217 2112 recedentes
1240 2057 1273 2112 et
1299 2050 1505 2133 implorantes

451 2159 573 2243 jugiter
594 2180 632 2221 ac
654 2158 799 2222 dolenter
821 2158 926 2222 divina
948 2166 983 2222 et
1004 2167 1140 2244 patema
1162 2159 1285 2236 solatia,
1303 2181 1385 2223 nunc
1407 2183 1441 2224 se
1462 2162 1504 2224 ad

456 2290 594 2353 pugnam
616 2277 747 2353 paratos
761 2291 830 2333 esse
845 2278 878 2333 et
893 2291 952 2354 pro
967 2269 1096 2332 Domini
1111 2269 1158 2332 sui
1175 2269 1300 2333 nomine
1315 2291 1353 2333 ao
1373 2293 1432 2354 pro
1447 2292 1505 2334 sua

411 2377 659 2451 1ssalutestare
676 2379 804 2444 fortiter
819 2387 852 2442 et
867 2401 1009 2465 pugnare
1027 2379 1228 2463 profitentur.
1275 2382 1349 2442 Hoc
1371 2379 1403 2442 in
1421 2387 1501 2443 tem-

454 2510 531 2572 pore
548 2510 658 2572 pacem
681 2510 739 2553 nos
759 2511 822 2552 non
837 2488 1068 2552 dormientibus
1090 2489 1144 2552 sed
1161 2489 1364 2574 vigilantibus
1379 2491 1503 2566 damus,

454 2619 563 2682 pacem
582 2620 646 2662 non
666 2599 783 2663 delitiis
806 2600 861 2663 sed
883 2600 981 2662 armis
1000 2600 1124 2674 damus,
1141 2620 1250 2683 pacem
1270 2621 1334 2662 non
1354 2601 1396 2664 ad
1417 2601 1502 2684 quie·

453 2716 519 2772 tem
542 2710 598 2773 sed
625 2710 666 2773 ad
688 2709 788 2774 aciem
812 2711 934 2774 damus.
980 2710 1015 2774 Si
1038 2711 1208 2774 secundum
1232 2712 1317 2795 quod
1339 2733 1393 2775 eos
1412 2711 1502 2775 audi·

436 2838 523 2881 mus
537 2825 571 2881 et
587 2825 735 2902 optamus
749 2826 783 2881 et
802 2818 971 2895 eredimus,
986 2818 1114 2882 fortiter
1133 2819 1292 2894 steterint,
1309 2826 1342 2882 et
1355 2819 1501 2882 adversa·

406 2927 533 2989 aerium
552 2926 715 2990 nobiscum
734 2926 767 2989 in
787 2926 1008 3011 congressione
1026 2927 1266 3011 prostraverint,
1283 2949 1345 2991 non
1365 2928 1501 3011 poenitet

452 3058 562 3121 pacem
585 3036 776 3101 concessisse
799 3043 867 3100 tam
890 3036 1035 3113 fortibus,
1057 3036 1153 3099 immo
1176 3037 1378 3120 episcopatus
1400 3037 1500 3101 nostri

451 3147 552 3211 honor
574 3148 704 3232 grandis
723 3156 757 3211 et
777 3146 947 3232 gloriaest
966 3169 1076 3231 paoem
1097 3148 1221 3211 dedisse
1242 3148 1445 3231 martyribus,
1464 3156 1500 3212 ut

450 3256 632 3319 sacerdotes
654 3255 708 3339 qui
729 3255 882 3319 sacrificia
904 3256 967 3319 Dei
990 3255 1132 3341 quotidie
1152 3256 1358 3331 celebramus,
1378 3255 1499 3318 hostias

450 3366 523 3429 Deo
546 3373 579 3429 et
601 3364 746 3429 victimas
767 3386 989 3450 praeparemus.
1036 3364 1071 3428 Si
1095 3373 1214 3440 autem,
1237 3364 1322 3448 quod
1343 3362 1499 3426 Dominus

403 3483 574 3559 asavertat
595 3498 616 3539 a
638 3475 791 3539 fratribus
816 3475 945 3550 nostris,
965 3474 1079 3558 aliquis
1103 3474 1262 3558 lapsorum
1285 3471 1440 3548 fefellerit,
1462 3481 1498 3536 ut

448 3608 559 3670 pacem
573 3585 704 3650 subdole
727 3591 828 3669 petat,
844 3591 878 3648 et
900 3584 1113 3669 impendentis
1128 3583 1227 3668 praelii
1248 3591 1392 3666 tempore
1410 3603 1495 3645 com-

447 3695 692 3759 municationem
722 3715 786 3758 non
816 3694 1017 3780 praeliaturus
1046 3693 1194 3778 accipiat,
1221 3715 1256 3756 se
1285 3693 1388 3777 ipsum
1414 3692 1496 3757 lallit

447 3812 481 3869 et
507 3804 637 3890 decipit,
662 3803 717 3888 qui
742 3804 828 3868 aliud
853 3804 949 3867 eorde
975 3803 1126 3879 occultat,
1153 3810 1187 3866 et
1211 3801 1296 3866 aliud
1324 3824 1399 3866 voce
1424 3824 1496 3886 pro-

446 3913 583 3978 nuntiat.
637 3912 714 3990 Nos,
740 3911 773 3975 in
800 3919 956 3995 quantum
986 3911 1077 3975 nobis
1103 3918 1136 3975 et
1161 3911 1268 3974 videre
1293 3919 1326 3975 et
1351 3911 1495 3995 judicare

398 4050 437 4106 30
445 4023 637 4099 conceditur,
667 4023 779 4087 faciem
810 4022 1005 4107 singulorum
1034 4022 1186 4098 videmus,
1212 4044 1267 4084 cor
1296 4021 1432 4085 scrutari
1461 4028 1495 4084 et

445 4140 583 4197 mentem
603 4133 781 4217 perspicere
801 4153 865 4195 non
887 4153 1062 4215 possumus.
1108 4131 1158 4194 De
1178 4130 1227 4193 his
1245 4129 1370 4213 judicat
1391 4129 1493 4191 occul·

443 4252 550 4308 torum
574 4251 736 4308 scrutator
758 4251 790 4308 et
817 4243 962 4328 cognitor
986 4242 1051 4306 cito
1073 4247 1225 4306 venturus
1247 4248 1281 4302 et
1307 4241 1347 4302 de
1369 4240 1494 4303 arcanis

443 4354 547 4418 cordis
576 4360 674 4437 atque
705 4353 823 4417 abditis
856 4352 1067 4436 judicaturus.
1129 4350 1249 4415 Obesse
1279 4357 1386 4413 autem
1417 4349 1492 4412 mali

443 4464 533 4528 bonis
549 4485 613 4527 non
636 4463 764 4538 debent,
779 4463 833 4525 sed
854 4461 956 4545 magis
978 4461 1051 4524 mali
1075 4483 1096 4523 a
1116 4459 1207 4521 bouis
1227 4458 1379 4541 adjuvari.
1426 4458 1492 4519 Nec

393 4598 430 4657 35
443 4573 514 4638 ideo
538 4573 728 4658 martyrimn
750 4573 882 4637 iacturis
902 4593 966 4656 pax
988 4571 1134 4655 neganda
1154 4578 1203 4633 est
1226 4568 1301 4652 quia
1324 4575 1398 4631 sunt
1423 4566 1489 4649 qui-
