3700 5667
497 656 563 719 ete
832 651 1209 716 ANNOTATIONES

497 825 615 908 prodit,
633 823 673 885 de
696 844 759 905 quo
782 821 909 885 uberius
932 821 1163 904 disputavimus
1185 819 1227 881 ad
1253 817 1427 880 Herodiani
1449 816 1501 880 lib.
1519 837 1547 876 v.

496 949 565 1009 cup.
586 946 618 1008 5.
651 924 783 987 Srnorn.
829 923 977 986 Valesius
1000 924 1046 985 itu
1068 922 1309 1004 interpretatur,
1326 919 1416 1001 quusi
1439 919 1470 980 in
1493 917 1549 980 ali-

497 1050 560 1111 quo
575 1027 682 1091 codiee
698 1026 827 1109 legisset
849 1023 1092 1104 ἔξορκισάμενον.
1114 1025 1168 1084 Ec
1181 1022 1364 1105 corriperetis
1381 1020 1426 1082 cd
1439 1019 1549 1082 calcem

496 1130 567 1192 edit.
586 1127 731 1191 antatr.
778 1126 965 1190 Lectionem
981 1125 1107 1208 quidem
1124 1122 1284 1205 vulgatam
1305 1121 1456 1184 exhibent
1472 1143 1548 1202 quo

499 1252 567 1313 que,
580 1228 742 1312 Syncellus
764 1238 798 1291 et
818 1228 848 1289 N
850 1228 1035 1311 icephorus:
1059 1226 1114 1287 sed
1132 1225 1192 1286 vim
1208 1224 1292 1287 vocis
1308 1222 1548 1304 ἐξορχησάμενον

498 1328 577 1391 satis
599 1328 755 1409 expressit
774 1327 917 1390 Valesius
938 1327 1042 1390 verbis
1065 1326 1136 1400 illis,
1154 1326 1279 1409 prodite
1301 1326 1445 1406 eripeterie.
1493 1325 1548 1384 ln·

498 1430 760 1513 terpretutionem
784 1430 952 1493 confirmat
975 1429 1114 1491 Budaeus
1136 1450 1176 1490 ex
1198 1428 1338 1489 Lucieno
1361 1437 1394 1490 et
1417 1426 1548 1510 Synesio

498 1531 530 1594 in
554 1531 730 1595 Comment.
752 1532 790 1592 L.
811 1533 850 1594 G.
868 1554 896 1594 v.
917 1532 1136 1612 Ἐξορχεῖσθαι.
1182 1530 1232 1592 De
1254 1530 1324 1592 aliis
1347 1530 1440 1612 hujus
1463 1528 1547 1590 vocis

498 1633 734 1716 acceptionibus
754 1632 824 1695 vide
844 1633 887 1695 sis
908 1631 1102 1714 Hesychium
1126 1632 1201 1695 edit.
1224 1632 1337 1694 noviss.
1355 1654 1384 1692 v.
1402 1630 1546 1710 Ἐξορχή-

498 1760 599 1810 σομαι.
617 1732 782 1816 (χλευάσω,
798 1735 930 1815 ὑβρίσω)
947 1733 999 1794 ubi
1023 1741 1128 1795 tamen
1151 1743 1267 1816 praeter
1289 1754 1356 1794 rem
1377 1754 1416 1795 ex
1437 1740 1548 1794 nostra

497 1835 632 1918 epistola
647 1835 798 1918 synodice
813 1835 899 1897 locus
915 1835 975 1898 iste
991 1834 1152 1898 laudatur.
1184 1834 1294 1916 Neque
1311 1834 1443 1897 omittas
1456 1833 1548 1895 velim

499 1937 787 2020 Harpocrationem
811 1959 840 1999 v.
859 1935 1131 2017 Ἐξορχησάμενος,
1155 1936 1196 1998 ad
1221 1958 1314 2018 quem
1340 1936 1417 1999 item
1444 1937 1548 1998 locum

497 2039 589 2123 pluru
612 2047 721 2101 noster
744 2037 896 2100 Valesius.
943 2037 1007 2100 Adi
1031 2060 1167 2121 quoquo,
1191 2037 1216 2100 si
1240 2037 1340 2109 lubet,
1366 2038 1497 2100 Suidam
1519 2059 1546 2098 v.

495 2138 733 2222 Ἐξορχησάμην.
759 2142 922 2202 chcxun.
959 2138 1039 2201 Haec
1060 2138 1246 2201 Gulleudius
1268 2138 1300 2202 in
1323 2147 1401 2202 nota
1423 2161 1481 2201 suu
1504 2139 1546 2201 od

500 2241 582 2303 hane
607 2240 781 2323 epistolam.
827 2238 976 2302 Ceterum
1005 2237 1142 2320 spectari
1167 2237 1217 2300 hie
1242 2245 1350 2300 monet
1376 2237 1547 2311 Semlerus,

498 2343 585 2405 Hice.
602 2340 685 2403 Eecl.
702 2340 804 2403 Select.
823 2340 922 2422 Capit.
945 2338 1004 2402 vol.
1021 2338 1040 2400 i.
1061 2361 1133 2422 pag.
1151 2341 1201 2421 85.
1222 2338 1371 2422 Apostoli
1392 2338 1494 2401 locum
1514 2339 1546 2399 in

497 2445 560 2527 Ep.
575 2441 682 2527 priori
701 2441 751 2503 ad.
774 2439 905 2503 Timetll.
921 2461 990 2523 cap.
1007 2439 1048 2500 iii.
1072 2460 1184 2501 comm.
1206 2442 1253 2501 16.
1274 2440 1322 2502 καὶ
1342 2439 1545 2519 ὁμολογουμέ-

499 2569 555 2608 νως
570 2545 649 2623 μέγα
666 2543 730 2604 ἐστὶ
745 2542 779 2604 τὸ
795 2545 845 2619 τῆς
860 2540 1018 2617 εὐσεβείας
1035 2539 1207 2618 μυστήριον,
1225 2541 1306 2607 Θεὸς
1322 2542 1495 2620 ἐφανερώθη
1513 2544 1546 2604 ἐν

499 2647 596 2725 σαρκί.
640 2645 680 2707 In
696 2645 790 2706 Mslo
807 2651 915 2706 cutem
933 2641 1022 2704 Bedl.
1039 2663 1096 2725 per
1109 2663 1271 2726 apocopen
1291 2643 1440 2707 scribitur
1454 2643 1506 2706 τὸν
1521 2643 1545 2706 δ’

500 2748 599 2828 ἑξορχ.

545 2847 628 2909 Ibid.
648 2847 885 2927 ἐμπομπεύοντα]
906 2846 1153 2921 ἐκπομπεύσαντα
1168 2844 1213 2907 et.
1229 2843 1331 2927 Sept.
1351 2844 1547 2928 Nicephorus

499 2955 533 3009 et
556 2945 717 3029 Syncellus
739 2945 859 3007 habent
882 2945 1142 3021 ἔμπομπεύσαντα.
1189 2943 1250 3006 Sed
1274 2944 1306 3005 in
1329 2944 1435 3007 codice
1460 2945 1544 3007 Μαι.

500 3046 527 3108 F
529 3048 581 3109 uk.
598 3069 635 3109 uo
654 3046 743 3109 Med.
760 3047 986 3124 ἐμπομπεύοντα
1005 3044 1154 3107 scribitur
1174 3047 1300 3109 rectius.
1346 3046 1493 3110 Ceterum
1514 3047 1547 3108 in

499 3148 593 3231 hujus
608 3146 667 3210 loci
683 3146 825 3210 versione
840 3146 1045 3228 corrigendus
1060 3153 1109 3208 est
1124 3145 1258 3209 Rufinus
1272 3147 1332 3210 boo
1348 3149 1450 3210 modo.
1483 3147 1548 3210 Hic

499 3271 566 3311 uero
585 3250 639 3331 qui
658 3246 796 3330 abjurato
809 3247 889 3328 fidel
910 3247 1046 3327 mysterio
1065 3246 1110 3308 ed
1123 3246 1358 3330 pollutissimam
1374 3270 1403 3311 se
1417 3251 1548 3311 Artemce

498 3351 636 3413 heresim
656 3348 787 3411 eontulit.
833 3347 878 3411 Et
898 3346 993 3430 paulo
1015 3354 1089 3430 pust
1110 3348 1163 3409 ubi
1183 3348 1332 3428 leguntur
1351 3350 1418 3413 brec
1439 3351 1546 3413 verba.

500 3452 569 3514 Hie
589 3473 657 3514 ecre
676 3452 730 3535 qui
752 3451 896 3535 indictus
917 3447 1038 3511 heduus
1059 3459 1101 3511 est
1122 3471 1178 3511 esse
1197 3451 1231 3512 ie
1251 3451 1371 3514 eeclesia
1390 3451 1545 3527 catholieo,

499 3553 659 3615 anathema
673 3550 833 3614 scribatur.
880 3549 967 3632 Lego
983 3552 1113 3612 Arteruoe
1126 3549 1248 3625 scettet,
1263 3565 1299 3614 ut
1314 3553 1379 3614 fere
1394 3553 1547 3636 scriptum

499 3653 620 3715 hebent
635 3653 698 3714 duo
714 3651 917 3715 vetustissimi
934 3651 1065 3714 codices.
1108 3652 1158 3713 Ex
1173 3652 1286 3736 quibus
1302 3654 1399 3716 etiem
1414 3676 1547 3737 sequen·

499 3753 546 3815 tiu
570 3752 756 3834 corrigendo
779 3761 854 3814 sunt
878 3753 909 3813 in
933 3753 1015 3815 hune
1038 3752 1176 3815 modum.
1221 3755 1353 3817 Artemce
1373 3754 1495 3830 scribat,
1518 3766 1547 3818 et

499 3852 585 3915 illius
610 3851 733 3914 heresis
758 3860 911 3913 sectatores
936 3853 963 3914 ei
989 3855 1210 3927 eemrnunicent.
1262 3853 1312 3916 Sic
1339 3855 1421 3917 enim
1447 3856 1547 3919 habet

500 3956 647 4019 Graecum
673 3952 835 4036 exemplar
860 3953 1014 4036 epistolae,
1040 3977 1079 4016 ex
1103 3977 1166 4038 quo
1190 3954 1256 4017 haec
1283 3977 1433 4019 conversa
1459 3966 1544 4020 sunt.

500 4056 609 4138 Atque
625 4055 671 4118 itu
690 4054 807 4117 diserte
830 4053 986 4137 scriptum
1001 4055 1099 4117 habet
1114 4055 1345 4118 vetustissimus
1365 4058 1465 4120 codex
1481 4058 1546 4121 Ru-

498 4157 553 4218 fini
569 4157 600 4218 in
616 4155 807 4219 bibliotheca
823 4154 854 4217 S.
868 4156 1030 4218 Germani.
1056 4154 1220 4218 Vxnssrus.
1247 4160 1498 4236 ἑμπομπεύσαντα
1513 4161 1547 4224 in

498 4257 668 4319 editionem
689 4277 778 4318 suam
799 4256 919 4339 recepit
941 4256 1112 4328 strothius,
1130 4259 1263 4320 testibus
1283 4258 1412 4342 insuper
1426 4260 1547 4325 adduc·

498 4357 551 4430 tis,
574 4357 696 4419 Codicis
724 4357 828 4418 Veneti
851 4357 1170 4441 Chriemptorseeique
1192 4361 1289 4421 Lectt.
1305 4368 1338 4422 et
1360 4361 1548 4444 Interpreta-

498 4458 574 4520 te'ene
586 4458 705 4538 Rufini.
736 4456 830 4518 Addo
845 4479 941 4541 rucey.
954 4458 1024 4520 edit.
1041 4461 1139 4543 Stcplr.
1156 4461 1229 4523 olim
1238 4481 1330 4543 penes
1345 4461 1546 4544 Sceliyerum.

497 4556 561 4619 Sed
577 4556 752 4620 Valesicnae
772 4556 898 4620 lectioni
915 4559 1158 4641 patrocinantur
1173 4563 1273 4623 MSS.
1291 4561 1383 4624 Bodl.
1401 4571 1434 4625 et
1449 4565 1547 4648 Ners.
