3700 5667
408 650 474 714 374
683 650 932 726 RELiQUIAE
960 650 1137 714 SACRAE.

407 829 499 925 τρεῖς
523 820 637 905 θεοὺς
662 821 797 922 τρόπον
814 820 893 899 τινὰ
916 822 1161 925 κηρύττουσιν,
1181 830 1229 907 είς
1253 833 1350 928 τρεῖς
1376 830 1471 908 ὑπο·-

406 955 555 1040 στοίσεις
593 959 696 1063 ξένας
724 954 910 1055 ἀλλήλων,
940 957 1151 1036 παντάπασι
1184 963 1469 1062 κεχωρισμεῖιας,

408 1095 621 1193 διαιροῦντες
649 1089 714 1189 τὴν
738 1093 845 1190 ἁγίαν
873 1088 1020 1187 μονάδα.
1052 1092 1212 1189 ἡνῶσθαι
1230 1092 1304 1195 γὰρ
1324 1097 1469 1199 ἀνάγκη

406 1231 457 1330 τῷ
485 1230 567 1332 Θεῷ
590 1231 662 1303 τῶν
683 1224 779 1303 ὅλων
803 1223 866 1303 τὸν
902 1231 1009 1305 Θεῖον
1033 1224 1165 1327 Λόγον·
1195 1230 1467 1336 ἐμφιλοχωρεῖν

406 1357 521 1465 tkrp}
545 1365 628 1465 θεῷ
658 1367 716 1438 καὶ
744 1363 985 1438 ἐνδιαιτᾶσθαι
1014 1359 1131 1441 δεῖτὸ
1160 1362 1264 1463 ἁγίον
1292 1369 1489 1466 Πνεῦμας

405 1492 473 1592 ἤδη
495 1497 553 1572 καὶ
582 1490 649 1591 τὴν
671 1494 782 1571 θείαν
806 1492 944 1594 Τριαίδα
967 1499 1015 1575 είς
1040 1490 1112 1590 ἕνα,
1131 1493 1257 1598 ὥσπερ
1276 1502 1325 1580 εἷς
1349 1534 1461 1602 κορυ-

404 1626 479 1734 φήν
507 1662 587 1708 τινα
619 1624 696 1724 (τὸν
725 1625 821 1705 θεὸν
852 1633 924 1704 τῶν
963 1625 1060 1706 ὅλων
1090 1627 1153 1707 τὸν
1184 1633 1464 1738 παισοκράτορα

405 1762 518 1869 λε’γω)
548 1761 913 1866 συγκεφαλαιοῦσθαί
939 1794 977 1839 τε
1005 1765 1063 1839 καὶ
1097 1761 1322 1865 συνάγεσθαι
1353 1775 1463 1850 πᾶσα

404 1895 554 1997 ἀνάγκη.
597 1895 811 1996 Μαρκίωνος
829 1893 901 1997 γὰρ
925 1893 989 1973 τοῦ
1012 1896 1275 2002 ματαιίφρονος
1298 1900 1462 2002 δίδαγμα

404 2036 452 2112 είς
478 2036 571 2131 τρεῖς
602 2029 715 2132 ἀρχὰς
743 2034 806 2127 τῆς
833 2030 1028 2133 μοναρχίας
1055 2028 1168 2130 τομὴν
1195 2034 1253 2110 καὶ
1281 2034 1507 2136 διαίρεσινιο

405 2167 484 2272 (for.
505 2184 613 2242 excidit
646 2164 819 2271 διορίζει),
846 2167 1024 2263 παίδευμα
1051 2163 1092 2243 ὃν
1123 2164 1345 2260 διαβολικῖνν,
1377 2173 1459 2278 οὐχὶ

404 2300 442 2380 δὲ
467 2307 540 2379 τῶν
567 2299 678 2383 ὅντως
711 2305 881 2398 μαθητῶν
907 2307 972 2378 τοῦ
995 2305 1160 2401 Χριστοῦ
1186 2304 1342 2381 καὶτῶν
1368 2308 1453 2406 ἀρε-

403 2434 589 2533 σκομένων
614 2441 686 2516 τοῖς
714 2441 777 2511 τοῦ
807 2437 974 2533 Σωτῆρος
1001 2429 1223 2530 μαθήμασιν.
1258 2434 1457 2542 αὗταιγὰρ

403 2566 543 2671 Τριάδα
575 2564 640 2665 μὲν
673 2563 933 2668 κηρυττομένην
973 2562 1041 2644 r‘nrd
1079 2569 1143 2664 τῆς
1180 2568 1275 2649 θείας
1307 2576 1456 2677 γραφῆς

402 2709 534 2807 σαφῶς
550 2702 772 2792 ἐπίστανται,
792 2707 885 2800 τρεῖς
904 2699 942 2779 δὲ
961 2698 1075 2784 θεοὺς
1093 2702 1173 2780 οὔτε
1191 2702 1352 2781 παλαιὰν
1372 2708 1453 2786 οὔτε
1469 2743 1477 2781 ι
1482 2738 1500 2801 5

401 2834 524 2934 καινὴν
541 2834 711 2934 διαθήκην
730 2834 986 2938 κηρύττονσαν.

457 2972 516 3050 Οὐ
537 2978 636 3068 μεῖον
655 2971 683 3047 δ
711 2969 755 3048 α’ίν
773 3003 827 3053 τις
849 2969 1115 3074 καταμέμψαιτο
1132 2971 1191 3048 καὶ
1208 2968 1290 3054 τοὺς
1312 2975 1450 3073 ποίημα

399 3104 462 3183 τὸν
485 3103 560 3184 vida
584 3101 669 3183 εἶναι
694 3103 916 3209 δοξάζοντας,
936 3107 993 3183 καὶ
1012 3105 1195 3204 γεγονέναι
1217 3105 1281 3184 τὸν
1301 3106 1447 3209 Κύριον,

398 3241 521 3344 ὥσπερ
540 3241 577 3320 ἕν
596 3275 630 3319 τι
649 3240 759 3322 ὅντως
778 3239 987 3339 γενομένων,
1002 3240 1219 3342 νομίζοντας·
1248 3248 1320 3319 τῶν
1338 3245 1442 3324 θείων

397 3506 457 3554 tres
474 3494 554 3552 Deos
573 3492 697 3569 quodam
717 3490 803 3548 modo
821 3510 892 3568 proe·
945 3491 1141 3549 monarchiam
1170 3501 1248 3551 secat
1273 3503 1303 3550 et
1328 3492 1443 3562 dividit,
1456 3504 1493 3543 ²0

397 3575 504 3641 dicant,
520 3574 589 3631 dum
607 3581 733 3629 sanctam
750 3571 892 3627 unitatem
945 3570 1086 3628 diabolica
1108 3592 1176 3630 sane
1194 3583 1248 3638 est,
1269 3592 1327 3629 non
1346 3585 1445 3632 autem

396 3655 501 3711 intres
518 3652 645 3709 diversas
663 3652 841 3729 hypostases,
856 3650 893 3708 ab
945 3670 1078 3708 verorum
1095 3652 1204 3709 Christi
1224 3651 1444 3728 discipulorum,

396 3733 518 3789 invicem
541 3731 659 3787 omnino
681 3740 826 3807 separatas
847 3730 890 3787 di·
943 3731 990 3788 vel
1019 3750 1119 3789 eorum
1149 3733 1254 3807 quibus
1284 3730 1445 3792 Salvatoris

396 3811 511 3869 vidant.
538 3809 666 3866 Necesse
677 3820 721 3867 est
732 3809 808 3866 enirn
820 3810 892 3867 divi-
944 3809 1097 3885 disciplina
1132 3813 1236 3889 placet.
1290 3810 1328 3867 Hi
1365 3812 1443 3870 enim

395 3911 464 3949 nurn
476 3890 607 3948 Verbum
618 3889 683 3946 Deo
693 3890 892 3947 universorum
944 3892 1034 3968 probe
1055 3901 1164 3949 norunt
1182 3891 1358 3949 Trinitatem
1377 3893 1488 3968 qui-25

394 3992 456 4030 ease
467 3970 594 4034 unitum,
605 3980 635 4027 et
647 3969 789 4048 Spiritum
803 3969 893 4027 Sanc.
944 3969 1009 4027 dem
1029 3970 1058 4026 in
1077 3970 1177 4028 divina
1198 3971 1350 4049 Scriptura
1368 3991 1442 4049 prcc-

393 4063 457 4111 tum
479 4052 510 4109 in
533 4051 598 4108 Deo
618 4069 735 4108 manere
757 4060 787 4107 et
809 4048 891 4106 inha-
945 4049 1044 4114 dicari,
1066 4061 1127 4109 tres
1150 4061 1247 4109 autem
1273 4069 1336 4109 ease
1361 4050 1443 4110 Deos

393 4133 504 4192 bitare:
528 4131 657 4208 adeoque
677 4130 803 4189 divinam
823 4129 890 4185 Tri·
943 4148 1037 4206 neque
1055 4130 1086 4187 in
1101 4132 1193 4189 veteri
1206 4150 1301 4207 neque
1316 4130 1346 4187 in
1364 4151 1442 4189 novo

393 4214 514 4271 nitatem
549 4212 580 4268 in
615 4231 716 4279 unum,
746 4210 827 4286 quasi
859 4211 889 4265 in
942 4209 1130 4268 Testamenta
1145 4211 1251 4269 doceri.

393 4293 545 4370 quomdam
561 4292 708 4360 verticem,
722 4291 777 4347 hoc
797 4300 841 4347 eat
858 4289 888 4345 iu
982 4289 1041 4347 Sed
1064 4310 1159 4366 neque
1181 4290 1279 4349 minus
1302 4290 1439 4368 culpandi
1450 4308 1488 4364 30

393 4374 489 4431 Deum
521 4372 722 4429 universorum
755 4371 887 4447 omnipo·
940 4380 1018 4436 aunt,
1034 4371 1083 4446 qui
1102 4371 1209 4428 Filiam
1225 4389 1440 4448 opuseaseex-

392 4462 501 4509 tentem
533 4451 632 4509 reduci
662 4461 749 4527 atquc
781 4449 886 4526 colligi.
940 4450 1079 4515 intimant,
1095 4460 1125 4507 et
1148 4450 1307 4507 Dominum
1328 4450 1439 4508 facturn

392 4531 561 4608 Incipientia
606 4532 684 4588 enim
727 4530 888 4587 Marcionis
939 4549 1011 4594 esse,
1035 4531 1110 4588 sicut
1134 4550 1224 4588 unum
1249 4549 1348 4588 eorum
1373 4548 1439 4606 quac

390 4611 532 4676 doctrina,
548 4630 613 4686 quac
630 4610 659 4666 in
676 4611 731 4666 tria
745 4609 888 4686 principia
940 4629 1006 4667 vero
1031 4611 1107 4668 facta
1135 4622 1212 4675 sunt,
1237 4610 1436 4668 arbitrantur:
