3700 5667
515 646 580 713 216
867 647 1220 713 ANNOTATIONES

515 813 650 899 epistola
672 813 723 877 82.
743 812 783 877 al.
806 813 858 876 80.
875 812 1061 898 Cyprianus,
1087 813 1159 877 lites
1180 814 1251 878 istae
1274 815 1448 900 consopitae
1468 818 1565 882 fuisse

514 918 671 982 videntur.
717 916 780 979 Sed
802 915 870 979 haec
890 916 1053 979 hactenus.
1100 918 1239 980 Constat
1261 917 1370 1000 utique
1385 920 1564 1002 patrocina-

515 1028 585 1083 tum
605 1039 673 1081 esse
694 1016 860 1102 praesulem
875 1017 1054 1081 Romanum
1069 1019 1167 1082 veteri
1188 1018 1301 1083 saltem
1322 1021 1562 1085 occidentalium

515 1116 744 1195 consuetudini,
762 1140 825 1181 non
840 1120 935 1182 modo
950 1120 1143 1198 traditionis,
1159 1143 1255 1212 quam
1271 1122 1478 1205 apostolicam
1494 1146 1563 1187 esse

514 1222 659 1294 credidit,
676 1223 898 1285 conservandae
919 1244 1025 1294 causa,
1042 1223 1097 1286 sed
1117 1223 1215 1287 etiam
1235 1233 1324 1290 metu
1344 1227 1563 1310 rebaptizandi

514 1348 570 1390 seu
594 1326 713 1389 frustra
737 1325 873 1387 iterandi
897 1325 1104 1409 baptismum,
1127 1347 1220 1410 quem
1244 1331 1273 1391 cl
1296 1330 1464 1410 ὁμόφρονες
1491 1330 1562 1392 Ste

513 1427 610 1512 phani
626 1448 720 1489 acum
734 1448 802 1489 esse
820 1426 950 1490 aiebant
965 1428 1137 1489 secundum
1157 1450 1264 1492 sacras
1279 1428 1399 1505 literas,
1415 1432 1498 1514 quod
1515 1454 1563 1494 re-

513 1528 576 1592 sert
596 1527 772 1613 Cyprianus
791 1526 823 1589 in
846 1527 989 1611 Epistola
1007 1528 1052 1590 ad
1074 1529 1227 1606 Quintum.
1245 1552 1275 1614 p.
1295 1533 1364 1595 126.
1386 1539 1419 1595 et
1436 1531 1563 1595 aliunde

513 1637 650 1694 constat.
695 1630 743 1693 At
761 1628 884 1693 utinam
907 1630 1088 1715 Stephanus
1110 1631 1143 1694 in
1163 1654 1206 1709 re,
1230 1640 1267 1696 ut
1289 1655 1360 1696 cum
1381 1634 1563 1718 Augustino

513 1732 637 1817 loquar,
666 1754 686 1796 a
714 1739 787 1796 tota
816 1731 949 1796 ecclesia
978 1733 1118 1796 nondum
1148 1735 1263 1810 decisa,
1288 1735 1435 1799 similiter
1463 1759 1501 1800 ac
1530 1737 1562 1801 S.

515 1834 686 1920 Dionysius
708 1832 957 1911 Alexandrinus,
981 1834 1016 1896 ic
1038 1836 1193 1919 Cypriaci
1218 1846 1246 1900 et
1269 1838 1435 1919 Africana
1456 1839 1564 1922 synodi

514 1938 632 2022 ἅοριιιο,
665 1936 861 2019 Hieronymo
894 1934 1061 2011 referente,
1091 1937 1281 2012 consentiens,
1312 1939 1424 2002 eadem
1457 1940 1498 2002 de
1528 1962 1563 2003 ro

514 2062 610 2126 agere
635 2059 740 2103 seeum
767 2037 882 2100 statuit
907 2037 941 2098 in
964 2037 1100 2122 epistola
1124 2039 1165 2102 ad
1190 2039 1407 2104 Philemonem
1432 2041 1562 2127 scripta,

514 2165 647 2228 magnas
665 2149 698 2205 et
716 2139 985 2223 frequentissimas
1002 2139 1150 2204 ecclesias
1169 2144 1211 2208 εἰς
1229 2143 1291 2222 ἔριν
1310 2146 1358 2206 καὶ
1375 2149 1564 2223 φιλονεικίαν

516 2248 664 2326 ἐμβαλεῖν
678 2263 741 2305 nou
761 2240 975 2304 sustinuisset.
1020 2241 1122 2305 Porro
1142 2244 1190 2307 ita
1204 2251 1278 2328 post
1300 2246 1434 2310 sensisse
1457 2248 1497 2310 de
1512 2256 1561 2311 to·

515 2345 652 2410 lerantia
663 2344 882 2429 oppositarum
897 2343 957 2406 sibi
969 2344 1108 2426 partium
1121 2345 1204 2409 hunc
1216 2346 1431 2410 Philemonem
1445 2348 1562 2413 Roma-

516 2470 603 2524 num,
625 2446 823 2529 alterumque
845 2444 1076 2530 presbyterum,
1099 2454 1212 2530 postea
1236 2447 1346 2512 Romae
1370 2449 1562 2532 episcopum,

516 2549 718 2635 Dionysium,
735 2568 867 2631 quorum
884 2546 1001 2610 litteris
1016 2548 1232 2632 rescripserat,
1248 2549 1425 2634 significare
1439 2552 1564 2615 videtur

516 2651 755 2716 Alexandrinus
777 2648 949 2734 Dionysius
974 2649 1007 2713 in
1033 2649 1168 2734 epistola
1194 2652 1235 2715 ad
1258 2650 1290 2714 S.
1308 2653 1451 2736 Xystum
1477 2656 1562 2738 apud

517 2753 689 2818 Eusebium
705 2751 793 2814 Hm
809 2749 860 2812 vii.
876 2769 909 2834 5.

560 2858 599 2921 P.
617 2874 687 2938 131·
702 2852 721 2914 l.
740 2869 768 2932 7.
784 2849 918 2934 epistola
934 2873 1004 2934 quse
1019 2852 1061 2915 ad
1076 2850 1099 2913 J
1101 2852 1286 2939 ubaianum]
1304 2853 1407 2918 Graeci
1422 2876 1481 2938 pro
1495 2856 1562 2940 epi·

516 2957 599 3020 stola
621 2957 663 3019 ad
683 2956 706 3017 J
710 2952 889 3027 ubahcnnm,
910 2953 995 3017 illam
1016 2956 1058 3017 ad
1078 2956 1268 3019 «Ianuarium
1290 2957 1370 3040 (sive
1390 2957 1564 3021 Concilium

516 3057 668 3142 Uarthag.
696 3059 740 3142 v.)
770 3078 971 3140 supposuere,
1003 3063 1036 3120 et
1069 3065 1222 3141 tanquam
1256 3080 1409 3122 canonem
1441 3059 1564 3123 concilii

516 3161 621 3244 hujus,
644 3181 714 3224 eam
736 3167 839 3223 totam
861 3159 1044 3222 inserebant
1066 3160 1131 3222 suis
1153 3159 1322 3224 codicibus.
1368 3161 1421 3226 Ita
1443 3162 1564 3238 dicunt,

516 3265 671 3350 synodum
693 3262 775 3325 hanc
798 3266 905 3324 πασῶν
928 3267 986 3323 τῶν
1010 3263 1143 3324 συνόδων
1165 3262 1415 3345 προγενεστέρου,
1432 3271 1466 3327 et
1485 3265 1564 3327 ccle-

516 3367 644 3431 bratam
660 3367 708 3429 ἐπὶ
724 3365 833 3427 Δεκίου
847 3365 1008 3442 βασίλεως.
1046 3363 1148 3426 Porro
1163 3364 1328 3428 Novatum
1344 3366 1564 3448 presbytorum

517 3468 705 3544 Romanum,
730 3466 916 3530 Novatiauae
939 3465 1051 3529 haeresi
1075 3466 1227 3551 originem
1249 3481 1346 3551 atque
1368 3489 1483 3530 nomen
1506 3469 1562 3531 de-

516 3569 609 3632 disse.
656 3568 710 3632 lta
724 3589 862 3631 errorem
881 3566 981 3631 errori
997 3567 1168 3644 cumulant,
1185 3569 1270 3632 inter
1283 3569 1372 3641 alios,
1389 3567 1562 3631 Balsamon

516 3678 550 3733 et
565 3672 729 3745 Zonaras3
752 3681 785 3734 et
806 3670 933 3733 solenne
954 3679 1003 3732 est
1026 3668 1242 3734 Orientalibus
1265 3671 1330 3734 lere
1351 3670 1513 3747 universis,
1530 3672 1563 3734 in

516 3774 611 3836 rebus
641 3773 892 3836 Occidentalium
920 3782 1076 3856 perpetuo
1105 3772 1299 3836 hallucinari.
1334 3773 1464 3836 Faunus.
1511 3774 1563 3836 De

516 3873 641 3936 nomine
661 3873 787 3957 quidem
807 3873 1026 3937 haeresiarchae
1042 3872 1188 3946 Romani,
1204 3896 1278 3937 uam
1296 3874 1457 3938 Novatum
1477 3896 1564 3958 pres·

515 3975 663 4059 byterum
683 3975 976 4060 Carthaginiensem
998 3976 1103 4039 Graeci
1128 3976 1213 4038 haud
1236 3976 1432 4060 cogitabant,
1456 3984 1563 4039 utrum

515 4077 612 4140 suerit
626 4079 774 4153 Nocctcs,
789 4099 830 4140 an
851 4077 957 4161 potius
971 4077 1176 4148 Nocmiaacs,
1193 4077 1312 4141 dictum
1332 4100 1429 4162 supra
1451 4085 1501 4141 est
1522 4078 1563 4141 ad

516 4180 551 4245 S.
576 4180 726 4243 Coauemr
748 4179 912 4263 Epistolas
934 4201 1007 4263 pag.
1023 4200 1076 4263 33.
1112 4179 1261 4243 Ceterum
1286 4179 1424 4264 epistola
1445 4180 1499 4243 illa
1522 4181 1564 4243 ad

515 4282 706 4346 Januarium
732 4282 774 4345 ad
799 4280 924 4344 conen„
948 4302 978 4342 v.
1005 4279 1279 4345 (lanruacmranse
1304 4282 1455 4366 pertinet,
1481 4303 1562 4364 quae,

516 4406 587 4448 cum
617 4384 739 4448 concilii
768 4382 895 4446 nomine
924 4382 1046 4467 scripta
1072 4384 1180 4460 fuerit,
1209 4407 1230 4448 a
1260 4406 1311 4447 me
1339 4406 1437 4469 supra
1464 4383 1564 4447 allata

515 4497 643 4651 OStlbid.
667 4588 686 4650 l.
711 4608 740 4671 9.
767 4587 966 4651 adversarios
993 4587 1127 4672 Christi]
1157 4588 1297 4652 Addidit
1323 4586 1512 4672 particulam
1537 4595 1565 4649 ct
