3700 5667
574 667 625 729 IN
650 667 682 729 S.
700 665 931 730 CORNELII
956 664 1276 728 FRAGMENTA.
1407 667 1450 730 at

400 832 551 897 stitueret
565 831 599 893 in
614 830 772 894 Marciani
788 827 986 894 Arelatensis
1001 829 1139 914 episcopi
1153 828 1266 905 locum,
1282 828 1342 892 sibi
1356 850 1451 914 qnam

400 934 539 1018 primum
565 931 769 1016 significaret.
791 928 965 994 Oonsrssr.
1012 932 1066 994 Ad
1089 929 1339 1014 deprivntionem
1365 931 1449 1012 quod

399 1040 528 1120 spectat
549 1032 707 1097 Marciani
730 1032 833 1116 hujus,
858 1031 981 1096 monuit
997 1030 1195 1114 Stephanum
1210 1030 1398 1115 Cyprianus,
1415 1037 1453 1096 ut

400 1136 552 1201 adversus
567 1133 770 1197 Marcianum
786 1131 1052 1206 Novatiunistam,
1070 1154 1205 1215 quocum
1220 1132 1453 1197 communicare

396 1237 466 1322 J'am
480 1243 557 1301 ante
571 1241 795 1299 recusaverunt
807 1234 889 1310 Alri,
901 1235 1011 1298 literas
1021 1234 1063 1297 ad
1075 1232 1282 1297 Arelatenses
1297 1235 1451 1312 mitteret,

399 1337 508 1423 quibus
526 1335 656 1400 abstenta
671 1336 837 1400 Marciano
858 1335 940 1399 aliae
961 1336 996 1398 in
1018 1335 1113 1399 baem
1136 1337 1200 1418 epira
1219 1334 1450 1414 substerneretur,

400 1439 462 1503 boc
477 1445 537 1511 est,
557 1444 736 1521 exponente
754 1436 854 1514 Fello,
875 1437 1013 1522 “ibique
1032 1436 1218 1500 hortaretur
1234 1436 1452 1512 Arelatenses,

402 1548 423 1576 “
437 1548 476 1603 ut
496 1540 538 1603 ad
557 1537 695 1622 episcopi
716 1537 901 1601 electionem
920 1537 1157 1622 procederent.”
1178 1540 1241 1623 Ep.
1259 1540 1310 1617 68,
1332 1539 1373 1602 al.
1390 1541 1452 1620 673

400 1640 462 1716 vel,
478 1640 564 1726 quod
579 1639 663 1702 idem
678 1646 738 1716 est,
753 1640 888 1703 docente
902 1640 977 1703 olim
992 1638 1141 1703 Richerio
1158 1639 1192 1702 in
1207 1639 1393 1724 Appendice
1408 1641 1450 1704 ad

401 1743 463 1807 vol.
474 1742 503 1806 I.
516 1742 604 1805 Hist.
620 1742 730 1806 Omrcil.
744 1742 951 1818 Gmteraiimn,
963 1748 983 1777 “
992 1747 1201 1804 exauctorato
1213 1739 1381 1804 Marciano
1395 1741 1451 1806 ali·

402 1851 423 1881 “
433 1865 487 1907 unr
502 1843 544 1908 ab
558 1843 612 1906 illo
627 1843 767 1907 omnium
781 1865 935 1906 consensu
946 1843 979 1905 in
994 1841 1062 1925 ejus
1072 1842 1176 1905 locum
1191 1841 1452 1921 substituerent,”

400 1967 432 2030 p.
446 1947 519 2011 802.
566 1945 694 2009 Interea
708 1944 894 2008 auctoritati
909 1944 1089 2007 litterarum
1104 1942 1260 2026 Stephani
1275 1943 1372 2019 favet,
1389 1966 1453 2008 non

400 2052 530 2110 tantum
545 2047 712 2109 verborum
727 2047 829 2109 forma
843 2046 929 2130 apud
941 2043 1137 2129 Cyprianum
1153 2044 1268 2128 posita,
1283 2047 1338 2109 sed
1354 2045 1452 2110 etium

400 2148 582 2232 exemplum
600 2147 677 2211 illud
697 2145 934 2211 substitutionis
956 2147 1177 2210 nonnullorum
1197 2147 1416 2233 episcoporum
1431 2172 1452 2214 a

400 2250 549 2315 Cornelio
571 2250 667 2313 modo
686 2256 853 2313 narratum
873 2270 946 2333 pag.
963 2268 1012 2333 23.
1037 2249 1093 2312 lin.
1110 2273 1140 2333 9.
1185 2248 1280 2314 Certe
1304 2258 1451 2335 apparet,

400 2373 511 2416 euram
530 2351 670 2436 aliquam
685 2350 921 2414 Arelatensium
941 2353 983 2416 ad
1000 2352 1135 2415 Romani
1154 2351 1293 2437 episcopi
1313 2353 1450 2417 officinm

400 2451 599 2538 pertinuisse.
657 2453 819 2537 Synodnm
848 2459 956 2516 autem
985 2454 1071 2518 illam
1102 2454 1257 2531 Italicam,
1286 2477 1382 2540 quam
1410 2478 1451 2520 ex

401 2555 533 2620 Eusebii
544 2555 648 2621 verbis
663 2577 759 2641 supra
775 2578 805 2640 p.
817 2557 870 2636 48.
885 2554 992 2619 allatis
1007 2556 1067 2619 sibi
1081 2555 1208 2640 collegit
1223 2555 1449 2640 Hieronymus,

401 2679 431 2742 p.
449 2677 459 2720 r
465 2677 496 2742 3.
511 2658 544 2720 in
559 2656 608 2720 lii.
620 2659 669 2720 De
685 2657 770 2720 Viris
780 2657 834 2720 Ill.
846 2663 958 2721 tuetur
972 2656 1100 2740 quidem
1114 2664 1228 2720 contra
1241 2657 1450 2721 Pearsonium

400 2757 443 2821 de
465 2759 577 2823 eedem
600 2757 801 2822 dubitantem
829 2758 1008 2842 Basnagius
1037 2759 1078 2822 ud
1108 2780 1183 2822 ann.
1209 2775 1283 2842 252.
1307 2764 1388 2823 sect.
1409 2760 1448 2822 vi.

400 2881 435 2944 p.
450 2862 524 2944 366.
545 2859 740 2932 Annalimnr
775 2881 819 2923 an
843 2880 918 2923 vero
942 2859 1084 2937 feliciter,
1108 2859 1254 2943 judicent
1284 2859 1348 2924 alii.
1404 2860 1450 2924 Et

399 2969 571 3046 postquam
591 2960 652 3024 hoe
675 2960 797 3045 scripsi,
820 2961 987 3025 nonnullos
1012 2961 1115 3025 inveni
1137 2961 1222 3024 viros
1245 2960 1358 3026 doctos
1377 2983 1450 3027 cum

401 3063 578 3127 Pearsouio
600 3062 705 3127 adbuc
728 3063 912 3127 sentientes.

444 3164 589 3251 Denique
609 3186 682 3228 cum
696 3165 841 3229 veritatis
862 3173 931 3229 tum
955 3164 989 3228 S.
1005 3164 1142 3230 Cornelii
1164 3167 1260 3228 causi
1277 3166 1374 3230 verba
1389 3168 1449 3251 Cy·

399 3266 503 3350 priani
523 3266 642 3351 apponi
659 3266 778 3329 debent
799 3288 864 3330 nna
884 3287 957 3330 cum
979 3266 1093 3330 ceteris
1115 3266 1271 3351 episcopis
1286 3267 1449 3332 Africanis

398 3366 460 3431 hoc
474 3367 549 3431 olim
566 3367 751 3443 statuentis,
764 3367 871 3431 omnia
892 3367 1019 3453 integra
1041 3367 1232 3431 reservanda
1254 3388 1334 3444 esse,
1349 3368 1449 3430 donee

398 3453 497 3554 ¹egsti
526 3468 586 3545 sui,
610 3467 664 3532 alii
691 3467 803 3532 itidem
832 3468 982 3554 episcopi,
1005 3490 1084 3554 pace
1111 3469 1264 3532 restituta
1287 3477 1345 3533 aut
1371 3469 1450 3532 veri.

398 3575 469 3633 tate
483 3577 647 3654 comperta
657 3568 760 3632 Romst
770 3568 931 3646 redirent;
946 3570 973 3633 is
988 3569 1072 3633 enim
1084 3569 1126 3633 ad
1139 3568 1321 3633 Cornelium
1336 3577 1450 3654 postca

398 3669 467 3734 lraec
490 3668 619 3733 scribit:
651 3667 739 3748 Quod
759 3669 910 3734 divinitus
934 3671 1063 3734 semisse
1083 3679 1111 3734 et
1136 3669 1293 3734 manlium
1315 3679 1449 3733 meterem

391 3771 589 3856 providenter
594 3770 770 3855 praemisse
781 3770 954 3855 pandemus.
1000 3772 1058 3836 Sic
1077 3772 1158 3835 enim
1171 3792 1252 3834 amre
1264 3772 1449 3856 piscepatm

396 3872 444 3935 rat
456 3881 485 3935 et
498 3872 611 3935 ueritas
617 3871 743 3956 pariter
755 3879 782 3934 et
795 3871 932 3956 dipsitas
944 3873 1136 3957 apertissime
1149 3872 1213 3937 luce
1225 3882 1253 3937 ct
1266 3873 1448 3957 manifestis-

396 3973 475 4037 sima
488 3983 516 4036 et
523 3972 706 4055 firmusima
723 3971 956 4058 comprobatione
966 3974 1109 4057 fundata
1122 3984 1172 4049 est,
1188 3984 1221 4038 ut
1240 3996 1276 4038 ea
1293 3974 1448 4057 rescriptis

395 4073 577 4158 mlhpamnn
589 4082 769 4150 maranen,
782 4074 837 4159 qui
858 4074 903 4138 acl
922 4096 975 4138 nos
993 4075 1097 4139 literas
1119 4076 1189 4139 inde
1200 4076 1353 4158 fecerunt,
1368 4082 1397 4137 et
1410 4095 1447 4136 aa

394 4175 540 4240 salmiene
559 4197 597 4239 aa
616 4175 792 4240 testimoniis
811 4176 1045 4261 cepmeepmum
1060 4177 1198 4260 Pompeii
1216 4184 1243 4238 et
1257 4175 1407 4258 Stephani
1420 4183 1448 4237 et

398 4276 545 4341 Caldenii
564 4299 602 4341 aa
615 4277 783 4342 Fortunati
801 4278 1004 4342 ordinationes
1022 4287 1084 4341 tum
1101 4287 1130 4341 et
1143 4277 1226 4361 cripe
1241 4277 1406 4339 necesaria
1419 4285 1448 4340 et

396 4378 478 4442 ratic
483 4378 572 4462 justa
584 4387 613 4441 et
624 4377 756 4462 pbriesa
769 4401 881 4465 quoqne
895 4379 1066 4443 innocentia
1075 4378 1114 4442 ab
1128 4376 1262 4442 enms‘bus
1271 4386 1447 4442 numeretur.

396 4479 498 4564 Epist.
509 4496 564 4564 45.
579 4499 636 4543 seu
647 4478 701 4558 48.
718 4500 750 4562 p.
761 4496 814 4565 59.
838 4479 914 4543 Vid.
929 4486 963 4544 et
973 4479 1075 4564 Epist.
1089 4479 1135 4543 ad
1147 4479 1361 4542 Antonianum
1374 4501 1446 4564 pag.

397 4581 449 4644 68.
487 4581 635 4665 Insuper,
652 4578 729 4663 qnid
743 4581 784 4646 de
800 4581 984 4647 Noratiano
997 4588 1095 4665 utque
1111 4602 1208 4645 causa
1227 4580 1295 4664 ejus
1313 4580 1448 4644 senserit
