3700 5667
475 672 524 735 IN
551 671 861 734 THEOGNOSTI
890 671 1207 734 FRAGMENTA.
1301 673 1365 735 417

317 863 348 924 p.
364 860 438 925 334.
479 843 527 904 At
543 863 616 903 vero
632 841 836 925 Theognosto
851 841 917 905 τοὺς
932 841 1155 919 τελειουμένους
1169 862 1266 926 supra
1280 862 1364 903 eorn-

318 943 505 1007 memoranti
530 944 650 1007 venisse
673 944 704 1005 in
727 952 866 1007 nrentenr
890 943 1076 1027 peritiorum
1100 943 1363 1020 Christianorum,

317 1064 379 1106 non
406 1045 640 1129 baptizatorum
667 1045 779 1119 solum,
804 1044 967 1108 dubitabit
992 1067 1095 1120 nemo,
1120 1046 1169 1108 oui
1197 1053 1274 1109 nota
1300 1045 1364 1110 sint

317 1146 437 1232 scripta
458 1148 658 1212 alumnorum
681 1148 796 1211 schola²
817 1146 1042 1210 Alexandrinae
1065 1148 1262 1233 propriaeque
1284 1148 1364 1231 ipso-

317 1269 384 1310 rum
400 1251 576 1315 sententies.

361 1351 397 1414 P.
413 1371 487 1428 411.
504 1352 523 1414 l.
542 1370 569 1413 2.
593 1353 656 1413 Οὐκ
680 1351 790 1429 ἔξωθέν
812 1353 855 1416 τίς
878 1354 961 1414 ἔστιν
982 1353 1052 1433 ista]
1072 1352 1182 1415 Verba
1200 1352 1267 1415 haec
1286 1374 1365 1437 prae-

317 1453 403 1516 misit
430 1454 646 1517 Athanasius:
680 1455 720 1515 Οἱ
743 1455 799 1529 μὲν
825 1454 878 1515 οὖν
905 1455 938 1515 ἐν
963 1458 998 1539 τῇ
1026 1456 1135 1537 Nisaia
1162 1457 1361 1521 συνελθόντες

316 1556 424 1633 ταύτην
446 1556 568 1637 ἔχοντες
588 1556 641 1631 τὴν
656 1554 802 1630 διάνοιαν,
818 1557 954 1620 τοιαύτας
970 1556 1084 1621 καὶτὰς
1100 1555 1197 1632 λέξεις
1212 1556 1361 1637 ἔγραψαν·

316 1655 362 1716 ὅτι
386 1657 418 1717 δὲ
443 1656 499 1737 οὐχ
523 1658 638 1721 ἑαυτοῖς
661 1654 833 1721 πλάσαντες
856 1657 1026 1734 ἐπενόησαν
1048 1659 1164 1722 ταύτας
1193 1658 1296 1734 ἐπειδὴ
1316 1659 1364 1721 καὶ

317 1758 403 1816 τοῦτο
419 1756 663 1835 προφασίζονται·
689 1755 759 1817 ἀλλ’
772 1757 888 1818 ἄνωθεν
905 1760 986 1834 παρὰ
1006 1762 1065 1818 τῶν
1082 1757 1139 1835 πρὸ
1158 1756 1253 1818 αὐτῶν
1271 1781 1364 1835 παρα-

316 1858 465 1933 λαβόντες
481 1856 623 1936 εἰρήκασι,
641 1855 715 1936 φέρε
736 1858 783 1919 καὶ
802 1862 887 1918 τοῦτο
906 1856 1120 1938 διαλέγξωμεν,
1135 1859 1184 1920 ἵνα
1200 1860 1272 1935 μηδὲ
1292 1860 1364 1934 αὕτη

318 1958 417 2024 αὐτοῖς
446 1959 464 2036 ἡ
493 1960 644 2038 πρόφασις
670 1958 884 2036 περιλείπηται.
917 1958 1026 2037 μάθετε
1050 1960 1163 2034 τοίνυν,
1188 1956 1212 2021 ὦ
1238 1961 1365 2040 Χριστό-

316 2085 407 2141 μαχοι
421 2058 582 2139 Ἀρειανοὶ,
602 2061 647 2121 ὅτι
668 2062 868 2139 Θεόγνωστος
881 2063 947 2137 μὲν,
966 2061 1040 2141 ἀνὴρ
1055 2062 1218 2141 λόγιος,σύ
1232 2060 1362 2146 παρῃτή-

317 2185 392 2223 σατο
414 2161 448 2222 τὸ
470 2158 532 2223 ἘΚ
559 2166 644 2223 ΤΗΣ
668 2165 819 2224 ΟΎΣΙΑΣ
842 2165 948 2225 εἰπεῖν.
980 2162 1105 2243 γράφων
1129 2166 1187 2243 γὰρ
1211 2164 1279 2242 περὶ
1300 2164 1365 2226 υἱοῦ

317 2264 350 2325 ἐν
365 2264 405 2346 τῷ
421 2262 545 2346 δευτέρῳ
564 2269 622 2326 τῶν
636 2261 883 2335 Ὕπατυπόσεων,
897 2268 989 2330 οὕτως
1005 2267 1130 2344 εἴρηκεν·
1154 2268 1237 2327 ΟΎΚ
1253 2261 1365 2341 ἔξωθέν

317 2366 359 2429 τίς
383 2366 465 2427 ἐστιν
489 2367 544 2428 διο.
590 2366 698 2449 Itaque
719 2385 786 2427 eura
809 2366 922 2427 Patres
944 2365 1087 2428 Nieoeuce
1107 2365 1215 2448 synodi
1235 2366 1282 2429 ita
1302 2385 1367 2429 serr-

238 2464 242 2471 “
317 2463 417 2539 tirent
433 2464 603 2547 bajzauuedi
616 2464 759 2527 dictiones
773 2464 839 2528 iilia
852 2463 979 2529 seribere
994 2467 1091 2529 visum
1105 2476 1154 2530 est.
1200 2466 1288 2545 Quod
1299 2488 1366 2529 οιιο

316 2564 378 2647 ipsi
399 2588 449 2629 ees
469 2588 528 2629 ιιοιι
549 2564 608 2629 sibi
629 2568 870 2651 σσιοριιαοσνίοι,
887 2575 920 2630 ut
939 2567 989 2631 ill-i
1007 2567 1126 2652 quidem
1147 2567 1301 2650 objicienti,
1316 2568 1368 2631 sed

317 2666 355 2730 αό
375 2668 449 2731 aliis
466 2690 496 2732 se
514 2666 737 2752 emiquieribas
756 2670 932 2753 σααοροιόιιί,
954 2691 1018 2754 aye,
1039 2670 1076 2732 id
1095 2692 1210 2755 queque
1231 2670 1365 2733 οαονόα

316 2791 389 2843 rrius,
405 2792 442 2833 ue
463 2770 509 2833 eei
529 2770 591 2833 Ιιασ
611 2771 680 2856 ipsa
699 2771 846 2834 increatio
866 2770 930 2834 iliis
943 2772 1082 2855 supersit.
1127 2772 1244 2835 Discite
1258 2772 1364 2857 initur,

319 2872 344 2932 O
369 2872 482 2935 stunt
503 2872 596 2936 hostes
618 2873 747 2945 Ariani,
776 2872 984 2957 Τόοοριιοοιιιιιι
1008 2874 1110 2936 σι’-ενοι
1132 2874 1285 2938 eruditum
1309 2876 1366 2937 mi·

315 2975 395 3037 aiere
418 2975 564 3060 resueiase
586 2974 624 3039 αό
647 2974 704 3039 liae
726 2977 798 3061 ipse
822 2975 962 3051 dictione,
981 2997 1021 3038 ex
1043 2975 1234 3040 substantia.
1280 2978 1366 3040 Nam

315 3078 498 3141 insecundo
523 3079 758 3163 Ηρρονρροοαον
782 3078 845 3141 Ιιισσ
871 3079 908 3141 de
935 3078 1019 3142 Filio
1043 3077 1166 3142 sem'bit:
1197 3065 1295 3143 NON¹
1312 3101 1365 3142 ex-

316 3180 471 3244 trinsecus
486 3181 659 3243 adinventa
674 3189 723 3243 est
739 3182 794 3243 &a
827 3180 952 3242 Confer.
968 3180 1153 3263 Dionysium
1168 3181 1260 3243 Alex.
1279 3203 1364 3244 num·

320 3305 350 3344 x·
368 3306 396 3367 r·
414 3304 489 3366 399·
507 3283 527 3344 ¹-
545 3284 574 3343 ⁶·
1065 3288 1067 3293 ’

362 3384 447 3446 [bid.
464 3385 482 3445 l.
502 3405 530 3463 7.
548 3386 595 3445 καὶ
610 3387 678 3448 οὔτε
694 3385 780 3448 αὐτός
796 3383 1100 3466 ἐστιν-ἀλλότριος]
1117 3383 1197 3447 Cum
1217 3384 1366 3448 abessent

316 3486 358 3549 ab
373 3485 459 3548 edito
475 3484 655 3547 Athanasio
671 3484 778 3557 verba,
795 3485 923 3547 saisire
940 3483 1026 3548 αιἰτός
1042 3485 1156 3545 ἐστινό
1175 3485 1281 3563 πατὴρ,
1297 3488 1365 3549 οὔτε

316 3589 482 3666 ἀλλότριος,
495 3585 563 3648 hoee
578 3606 648 3669 quae
664 3593 848 3668 sequuntur,
861 3585 934 3647 olim
951 3584 1071 3668 scripsi.
1095 3584 1282 3648 ‘Whitbeio
1297 3587 1365 3670 qui-

317 3688 389 3751 dem
411 3687 647 3751 assentiendum
669 3709 738 3752 esse
760 3698 838 3771 puto
860 3687 893 3751 in
916 3686 1062 3751 Modestis
1084 3687 1364 3772 Disquisitienibre‚

317 3812 344 3853 ο.
361 3790 392 3854 ii.
417 3793 445 3872 ξ.
464 3809 493 3854 2.
514 3812 584 3875 pag.
601 3792 653 3854 68.
677 3789 840 3868 scribenti,
855 3790 1047 3855 sententium
1066 3788 1116 3852 hie
1134 3788 1227 3874 plane
1248 3789 1366 3855 claudi-

317 3914 402 3965 care,
419 3898 452 3955 et
467 3913 615 3976 magnam
629 3891 804 3956 emissionis
817 3890 950 3977 alieujus
968 3891 1117 3955 indueere
1133 3890 1363 3975 suspicionem

318 3996 374 4059 seri
390 3994 422 4057 in
438 3995 612 4078 quaestione
627 3996 666 4059 de
681 3995 809 4059 vocibus
829 4017 908 4080 quas
926 3994 1060 4058 omissas
1077 3993 1174 4058 fuisse
1187 3994 1366 4059 arbitratur

318 4097 400 4162 idem
416 4097 464 4160 vir
478 4097 689 4171 doctissimus,
705 4099 747 4162 ab
767 4120 805 4161 οο
826 4119 921 4183 quarn
944 4097 1082 4161 maxime
1104 4095 1266 4160 dissentio.
1313 4095 1367 4161 Ita

318 4199 401 4262 enim
424 4200 528 4263 locum
551 4199 697 4284 supplere
722 4200 748 4261 is
772 4199 880 4275 voluit,
906 4201 990 4262 “Ut
1012 4197 1096 4261 enim
1118 4219 1175 4260 nee
1197 4217 1296 4281 vapor
1315 4209 1365 4263 est

319 4310 338 4335 ‘⁶
353 4322 446 4385 aqua,
464 4323 521 4364 nee
537 4301 635 4385 jubar
656 4302 739 4364 idern
760 4322 831 4364 eum
852 4300 926 4376 sole,
944 4300 999 4363 sed
1018 4320 1057 4360 ex
1073 4296 1149 4380 ipsis
1169 4296 1303 4372 sffluvia,
1320 4299 1367 4365 ita

319 4412 340 4439 “
358 4424 415 4465 nee
438 4401 511 4465 Filii
531 4401 671 4466 essentia
691 4411 741 4466 est
760 4402 871 4465 eadem
891 4422 964 4464 curn
985 4399 1124 4463 essentia
1148 4399 1265 4477 Patris,
1284 4404 1367 4467 ἀλλὰ

318 4514 337 4539 “
355 4506 508 4585 ἀπόῤῥοια,
535 4506 591 4569 sed
620 4504 778 4568 effluvium
808 4526 828 4566 a
858 4502 967 4567 Patris
996 4500 1164 4565 essentia.'’
1209 4502 1262 4567 sio
1292 4526 1367 4569 vero

318 4627 447 4690 prorsus
462 4606 674 4691 negligeretur
684 4608 752 4670 οὔτε
767 4606 939 4685 ἀλλότριον,
949 4603 1039 4688 cujus
1053 4603 1201 4668 diationis
1214 4605 1367 4691 repetitio

362 4731 428 4771 vor.
446 4731 488 4771 ιιι.
827 4728 885 4792 3¹¹
