3700 5667
494 658 558 720 138
825 656 1204 719 ANNOTATIONES

494 851 624 895 amuum
643 828 828 913 adigendus,
848 828 890 891 ad
905 850 985 912 quas
1000 828 1074 890 dum
1090 827 1233 912 praelium
1251 827 1355 890 adhuc
1369 826 1543 911 gerebatur

494 933 563 1017 cogi
580 932 726 995 debebat.
772 930 929 1006 Secundo,
946 930 978 993 in
994 929 1175 993 difficillimo
1189 929 1349 1014 lapsorum
1368 951 1443 992 casu
1463 928 1542 991 nihil

493 1043 565 1098 erat
579 1055 619 1098 ex
634 1031 766 1118 privatis
779 1031 928 1116 auspiciis
943 1031 1155 1095 innovandum
1168 1057 1177 1105 ς
1202 1038 1236 1095 et
1253 1031 1323 1095 ideo
1339 1031 1388 1094 fas
1402 1053 1465 1094 non
1480 1031 1541 1094 luit

493 1158 533 1200 ex
548 1135 682 1200 arbitrio
696 1134 862 1220 singularis
877 1134 1015 1219 episcopi
1035 1133 1140 1218 lapsos
1160 1133 1353 1209 admittere3
1376 1133 1431 1197 sed
1454 1142 1540 1218 post·

493 1259 588 1323 quam
613 1260 651 1300 ex
677 1237 797 1300 concilii
819 1237 947 1300 decreto
967 1258 1031 1320 pax
1049 1236 1087 1298 iis
1105 1245 1176 1299 erat
1196 1257 1355 1308 concessa,
1373 1235 1450 1297 nihil
1470 1256 1541 1319 pro-

493 1339 624 1403 hibebat
657 1338 811 1423 temporis
845 1359 979 1414 moram,
1007 1337 1236 1401 interveniente
1273 1337 1383 1421 utique
1419 1336 1540 1400 concilii

492 1441 695 1518 auctoritate,
720 1440 761 1503 ob
787 1460 916 1503 causam
942 1439 1038 1503 etiam
1065 1438 1223 1514 idoneam,
1246 1445 1448 1522 expectatam
1474 1437 1538 1501 scil.

492 1543 752 1628 persecutionem,
783 1541 981 1625 aliquantum
1011 1541 1165 1605 contrahi.
1215 1540 1334 1616 Tertio,
1365 1540 1444 1624 lapsi
1471 1541 1539 1623 jam

492 1645 716 1729 peridoneum
740 1644 892 1726 temporis
914 1645 1081 1707 decursum
1105 1643 1137 1705 in
1160 1643 1350 1727 poenitentia
1369 1642 1474 1726 positi,
1491 1643 1538 1705 sui

491 1746 664 1831 specimina
682 1746 834 1823 lecerunt,
853 1746 939 1830 quod
962 1746 1048 1830 prius
1070 1768 1134 1809 non
1156 1745 1315 1809 fecissent.
1361 1745 1462 1808 Porro
1485 1767 1539 1808 uo-

490 1850 636 1926 tandum,
647 1849 732 1933 quod
748 1849 908 1932 lapsorum
923 1847 1089 1910 commoda
1104 1847 1215 1909 cedere
1230 1845 1390 1909 debebant
1406 1845 1538 1909 utilitati

491 1948 651 2021 ecclesiae;
675 1955 709 2012 et
729 1956 889 2030 utcunque
905 1947 1081 2030 optandum
1097 1946 1192 2009 suerit
1206 1946 1267 2009 illis
1282 1945 1440 2009 dominica
1453 1953 1540 2009 satu-

489 2051 588 2115 ritate
602 2050 729 2135 perlrui‚
746 2059 779 2114 et
801 2051 848 2113 ita
862 2050 905 2113 ad
927 2049 1105 2133 passionem
1128 2049 1266 2123 armari;
1291 2048 1359 2111 haec
1382 2048 1413 2111 in
1434 2049 1537 2111 oonsi-

491 2152 689 2216 deratiouem
711 2173 774 2214 non
796 2150 966 2214 veniebant
989 2150 1089 2213 donec
1113 2150 1284 2234 disciplinae
1307 2150 1537 2226 ecclesiastieae,

491 2276 549 2338 per
566 2275 679 2338 poenas
704 2253 737 2315 in
763 2252 983 2334 delinquentes
1004 2250 1174 2335 irrogatas,
1196 2252 1306 2316 luisset
1329 2252 1538 2317 satisfactum.

492 2356 562 2419 Imo
577 2356 736 2440 lapsorum
759 2355 932 2418 commodis
946 2363 1014 2419 tam
1030 2355 1128 2418 crudo
1148 2363 1181 2418 et
1197 2355 1378 2439 importuno
1396 2364 1539 2440 tempore

489 2479 553 2521 non
569 2457 759 2521 conduceret
778 2465 816 2522 ut
831 2457 998 2540 saniferae
1015 2457 1162 2519 idolorum
1178 2456 1254 2520 cibos
1273 2457 1373 2520 adlcc
1380 2480 1458 2542 pene
1472 2480 1537 2521 rac·

489 2569 594 2636 taates,
623 2557 829 2623 ecbolactibse
851 2560 944 2623 etiam
968 2559 1060 2623 scelus
1083 2581 1170 2622 suam
1187 2558 1344 2641 scaettae,
1369 2570 1397 2623 et
1413 2562 1540 2643 funesta

489 2663 628 2748 contagia
657 2660 864 2738 redolentem,
894 2662 1023 2724 Domini
1052 2683 1158 2746 corpas
1187 2662 1373 2725 incederent.
1430 2663 1540 2728 Verba

490 2772 565 2829 sunt
591 2765 740 2849 Cypriani
766 2764 821 2828 lib.
847 2765 887 2828 de
913 2764 1037 2847 Lapsis.
1085 2765 1147 2828 Sed
1172 2766 1416 2851 expectandum,
1444 2772 1477 2829 et
1501 2773 1539 2829 ut

493 2886 506 2928 1
526 2864 601 2929 Cor.
621 2867 662 2929 xi.
680 2868 730 2929 28.
742 2866 835 2949 jubet
850 2865 1035 2949 Apostolus,
1047 2865 1130 2928 temo
1143 2887 1173 2928 se
1183 2866 1297 2950 probet,
1311 2877 1339 2930 et
1352 2868 1397 2931 aio
1411 2867 1447 2930 de
1454 2888 1540 2951 puae

488 2967 558 3031 edet
571 2977 599 3030 et
612 2968 650 3030 do
665 2968 758 3031 calice
772 2966 861 3031 bibet.
888 2967 1020 3030 Fames.

535 3069 572 3133 P.
589 3091 640 3154 94.
662 3069 683 3131 l.
707 3089 754 3131 10.
781 3070 900 3132 crebris
922 3078 1021 3152 atque
1043 3070 1179 3133 assiduis
1201 3071 1447 3156 ostensionibus]
1474 3072 1540 3135 Sub

488 3171 584 3235 finem
609 3171 782 3256 Epistolae:
808 3172 875 3235 Hoc
895 3171 978 3235 aclis
999 3173 1149 3235 divinitus
1161 3174 1341 3256 frequenter
1362 3173 1537 3237 scanditur.

492 3274 585 3338 ldem
596 3282 824 3338 commemorat
835 3273 983 3356 Epistola
993 3274 1034 3336 ad
1048 3274 1285 3350 Thibaritanos‚
1297 3298 1376 3359 quos
1387 3276 1483 3340 etiam
1499 3277 1540 3339 de

488 3375 706 3461 persecutione
720 3375 907 3460 gravissima
922 3376 1082 3440 admonet.
1107 3375 1238 3438 Risum.
1257 3398 1278 3439 a
1294 3375 1383 3439 Fello
1398 3376 1522 3440 allatus.

534 3477 616 3541 Ibid.
641 3478 662 3540 l.
681 3499 728 3556 14.
766 3478 993 3562 praeparemus]
1025 3476 1132 3561 Vulgo
1155 3499 1312 3562 parom-as.
1373 3478 1437 3541 Sed
1465 3479 1538 3542 edit.

482 3580 640 3667 prtrzoipie
661 3579 822 3664 Cypriani,
848 3602 969 3643 necnon
994 3580 1206 3656 Omecilimam,
1229 3580 1405 3656 lectionem,
1428 3581 1540 3645 sullia-

487 3682 638 3766 gantibus
654 3682 810 3744 nonnullis
825 3683 964 3767 scriptis,
981 3681 1134 3746 revocavi.

534 3783 617 3845 lbid.
641 3781 661 3844 l.
689 3801 739 3864 25.
771 3783 917 3867 infirmis]
950 3787 1105 3848 Erasmus
1134 3784 1270 3861 addidit,
1298 3787 1327 3849 si
1354 3787 1408 3870 qai
1436 3796 1537 3850 eseam

487 3884 580 3966 Quod
606 3884 639 3946 in
663 3883 748 3947 nullo
772 3906 880 3948 eorum
904 3895 1047 3949 veterum
1070 3887 1298 3972 exemplarium
1325 3889 1439 3973 quibus
1464 3895 1540 3952 utor

487 3986 599 4070 reperi,
626 4007 728 4069 neque
753 3985 786 4049 in
811 3986 881 4050 aliis
905 3987 1106 4051 editionibus.
1143 3989 1310 4052 Banozms.
1356 3992 1469 4074 Neque
1493 3991 1540 4054 af.

487 4087 590 4153 fertur
612 4088 697 4152 istud
720 4088 753 4151 in
775 4088 962 4153 lectionibus
984 4090 1078 4153 variis
1100 4093 1186 4173 apud
1204 4092 1275 4155 edit.
1294 4094 1412 4166 Ococ.;
1437 4115 1539 4178 neque

487 4200 580 4257 extat
594 4191 628 4254 in
643 4191 792 4276 quinque,
809 4191 922 4277 quibus
938 4207 1020 4268 utor,
1038 4192 1179 4258 MSStis.

532 4293 616 4357 Ibid.
639 4292 658 4356 l.
674 4312 726 4378 32.
757 4294 956 4378 protectione
982 4295 1143 4380 sanguinis
1173 4303 1206 4359 et
1232 4298 1373 4382 eorporis
1399 4297 1536 4384 Christi]

489 4395 530 4457 Iu
559 4395 763 4478 sequentibus
791 4397 886 4473 dicet,
916 4397 1116 4462 Eucharistio
1142 4410 1259 4484 recepto
1276 4400 1382 4481 fideba
1408 4401 1487 4485 cripi
1512 4411 1539 4464 ct

488 4496 620 4559 ασεοηώἱ.
665 4496 747 4560 Jure
776 4498 810 4560 id
840 4498 977 4582 quidem.
1024 4500 1107 4564 Nam
1136 4523 1157 4565 a
1186 4501 1329 4565 convivio
1360 4502 1539 4580 Dominico‚

487 4618 642 4661 memores
665 4597 823 4663 Dominici
846 4602 1017 4686 sanguinis,
1041 4610 1170 4689 sumpto
1193 4614 1404 4683 sacramente,
1430 4627 1537 4689 quem-
