3700 5667
399 696 501 759 SYN.
517 696 749 760 ANTIOCH.
764 696 873 759 ADV.
891 696 1097 761 PAULUM
1120 696 1286 761 SAMOS.
1330 697 1395 763 307

348 877 412 958 τὸν
429 878 554 982 μηρὸν,
573 885 632 959 καὶ
648 879 691 960 τὸ
709 885 811 979 βῆμα
834 878 998 982 ἀράττων
1015 887 1089 964 τοῖς
1112 882 1212 961 ποσί·
1242 884 1301 959 καὶ
1322 886 1397 964 τοῖς

349 1012 400 1112 μὴ
431 1016 625 1112 ἐπαινοῦσι,
655 1014 745 1114 μηδὲ
775 1014 899 1117 ὥσπερ
926 1018 964 1094 ἐν
991 1022 1065 1099 τοῖς
1097 1014 1256 1118 θεάτροις
1282 1049 1393 1096 κατα·

350 1148 490 1228 σείουσι
508 1157 585 1232 ταῖς
604 1148 754 1245 ὀθόναις,
773 1151 854 1249 μηδ’
875 1152 1032 1244 ἐκβοιῦσι
1049 1184 1088 1229 τε
1110 1153 1168 1229 καὶ
1187 1153 1398 1249 άναπηδῶσι

351 1280 513 1362 κατὰτὰ
538 1281 629 1362 αὐτὰ
653 1290 725 1366 τοῖς
751 1285 840 1388 ἀμφ’
861 1281 969 1363 αὐτὸν
999 1283 1219 1366 στασιώταις
1244 1282 1399 1386 ἀνδράσι

325 1442 390 1500 5τε
417 1421 476 1495 καὶ
504 1420 669 1519 γυναίοις,
699 1419 869 1516 ἀκόσμως
899 1420 1010 1503 οὕτως
1041 1418 1287 1520 ἀκροωμένοις·
1325 1424 1399 1501 τοῖς

352 1553 381 1631 δ’
402 1554 465 1631 οῦν
488 1556 535 1636 ὡς
561 1557 599 1632 ἐν
625 1553 709 1661 οἴκῳ
735 1559 831 1633 θεοῦ
857 1560 1115 1656 σεμνοπρεπῶς
1140 1557 1198 1631 καὶ
1224 1550 1399 1637 εὐτάκτως

352 1685 553 1781 ἀκούουσιν,
591 1689 761 1785 ἐπιτιμῶν
798 1691 856 1766 καὶ
891 1685 1092 1790 ἐνυβρίζων·
1137 1691 1196 1765 καὶ
1233 1693 1280 1770 είς
1317 1684 1399 1770 τοῦς

353 1818 576 1904 ἀπελθόντας
603 1823 641 1900 ἔκ
667 1831 730 1900 τοῦ
755 1824 838 1917 βίον
863 1820 991 1901 τούτου
1017 1828 1197 1924 παροινῶν
1224 1820 1400 1927 ἐξηγητάς

352 1964 416 2035 τοῦ
442 1957 565 2058 λόγου,
585 1961 763 2061 φορτικῶς
787 1960 825 2036 ἐν
844 1963 895 2065 τῷ
918 1962 1024 2063 κοινῷ
1046 1960 1104 2035 καὶ
1122 1958 1396 2059 μεγαλοῤῥημο-

309 2098 424 2170 ιονιῦν
445 2094 527 2193 περὶ
548 2094 683 2188 ἑαυτοῦ,
702 2095 863 2195 καθάπερ
891 2095 954 2173 οῦκ
980 2094 1187 2189 ἐπίσκοπος,
1205 2090 1305 2170 ἀλλὰ
1328 2126 1397 2170 σο-

353 2220 488 2328 φιστὴς
519 2228 578 2302 καὶ
610 2222 709 2325 γόης·
752 2223 925 2331 ψαλμοὺς
959 2224 998 2303 δὲ
1030 2224 1113 2309 τοῦς
1149 2224 1215 2322 μίν
1251 2230 1300 2309 είς
1336 2223 1401 2304 τὸν

355 2357 489 2460 Κύριον
516 2360 616 2457 ἡμῶν
632 2360 777 2459 Ἰησοῦν
804 2358 968 2462 Χριστὸν
995 2359 1151 2455 παίσας,
1170 2364 1218 2443 ὡς
1242 2357 1286 2458 δὴ
1309 2394 1397 2439 νεω-

352 2492 474 2595 τέρους
498 2496 557 2572 καὶ
582 2491 759 2595 νεωτέρων
782 2495 921 2596 ἀνδρῶν
943 2493 1222 2595 συγγράμματα·
1252 2499 1300 2576 είς
1319 2495 1399 2574 ἔαυ-

353 2625 417 2706 τὸν
442 2626 479 2706 δὲ
504 2630 542 2705 ἐν
564 2626 659 2731 μέσῃ
683 2634 729 2729 τῇ
753 2628 938 2734 ἐκκλησίᾳ,
957 2634 1003 2733 τῇ
1025 2626 1168 2733 μεγάλῃ
1190 2637 1254 2709 τοῦ
1271 2627 1402 2733 πάσχα

310 2804 321 2841 ι
328 2760 466 2867 ςὴμέριρ
497 2766 711 2868 ψαλμιρδεῖν
742 2768 911 2862 γυναῖκας
943 2762 1234 2866 παρασκευάζων,
1262 2760 1313 2841 ὧν
1341 2765 1400 2841 καὶ

355 2894 513 2979 ἀκούσας
540 2896 586 2975 άν
614 2929 667 2979 τις
695 2896 862 3002 φρίξειεν.
896 2896 953 2976 οἷα
981 2901 1040 2977 καὶ
1067 2895 1149 2982 τοῦς
1177 2896 1403 2980 θωπεύοντας

355 3029 463 3111 αὐτὸν
488 3030 704 3116 ἐπισκόπους
729 3039 802 3113 τῶν
824 3031 964 3136 ὁμόρων
987 3036 1109 3135 άγρῶν
1127 3067 1166 3112 τε
1184 3035 1242 3111 καὶ
1260 3030 1403 3112 πόλεων

356 3169 414 3246 καὶ
441 3166 718 3270 πρεσβυτέρους,
746 3170 784 3245 ἐν
812 3175 889 3252 ταῖς
918 3166 1011 3270 πρὸς
1039 3168 1103 3248 τὸν
1131 3166 1223 3249 λαῦν
1250 3167 1407 3266 ὁμιλίαις

357 3442 777 3522 nalpedibuspulsaresolitus.
794 3443 856 3501 Eos
906 3442 1024 3518 quidam
1053 3453 1083 3501 et
1111 3442 1261 3519 impostor.
1308 3443 1405 3515 Quin·

309 3531 425 3581 20vero
438 3524 489 3600 qui
505 3543 562 3581 non
578 3523 739 3591 laudarent,
754 3543 808 3583 nec
821 3534 856 3581 ut
906 3521 993 3579 etiarn
1030 3521 1135 3580 culmos
1148 3523 1179 3580 in
1193 3522 1332 3582 honorem
1343 3523 1406 3581 Do·

356 3603 386 3660 in
416 3603 537 3661 theatris
566 3603 628 3662 fieri
658 3603 733 3662 solet
763 3603 857 3661 oraria
907 3601 979 3658 mini
993 3543 1066 3661 Jpesu
1086 3602 1195 3660 Christi
1212 3603 1276 3660 cani
1293 3601 1405 3669 solitos,

356 3693 554 3751 concuterent,
582 3704 677 3761 neque
704 3703 763 3742 una
789 3702 856 3743 cum
907 3682 989 3758 quasi
1007 3680 1137 3740 novellos
1155 3694 1220 3741 eta
1237 3682 1407 3741 recentiori.

356 3762 520 3821 fautoribus
534 3763 544 3819 i
565 3764 634 3831 sius,
650 3763 718 3821 viris
739 3785 772 3822 ac
791 3782 856 3820 ma.
907 3761 962 3819 bns
972 3762 1138 3821 hominibus
1152 3763 1327 3841 compositos
1341 3764 1409 3823 abo-

356 3841 484 3900 liercnlis
506 3784 642 3902 inclecore
663 3843 855 3902 auscultanti·
906 3839 988 3900 levit.
1031 3840 1175 3901 Mulieres
1189 3853 1287 3900 autem
1303 3864 1408 3921 magno

309 3922 410 3989 25bus
429 3921 626 3982 exclamarent
647 3934 735 3999 atque
757 3924 855 3982 exsili·
906 3924 1018 3996 paschae
1042 3921 1089 3981 die
1114 3923 1144 3980 in
1167 3922 1263 3981 media
1287 3922 1408 3981 ecclesia

355 4011 438 4060 rent:
459 4002 509 4060 sed
519 4023 585 4061 cum
597 4005 739 4079 gravitate
750 4024 783 4061 ac
794 4024 855 4061 mo·
907 4000 1032 4095 psalmos
1043 4002 1182 4076 quosdam
1195 4022 1298 4061 canere
1311 4003 1348 4060 ad
1362 4002 1408 4059 sui

355 4081 449 4139 destia
463 4083 539 4140 sicut
553 4084 583 4140 in
598 4083 685 4141 domo
700 4083 757 4142 Dei
773 4083 856 4142 decet
908 4081 999 4156 ipsius
1020 4081 1134 4139 laudem
1156 4082 1307 4152 instituit;
1330 4080 1409 4157 quod

355 4161 500 4229 audirent,
516 4163 683 4240 increpabat
700 4174 730 4221 et
751 4174 856 4221 contu·
907 4161 1024 4236 quidem
1050 4159 1238 4218 audientibus
1260 4163 1407 4218 horrorem

355 4240 450 4299 meliis
464 4242 616 4301 afficiebat.
647 4243 689 4301 Et
704 4243 776 4301 alios
790 4243 854 4318 qui·
907 4242 1012 4298 merito
1037 4240 1202 4297 incusserit.
1245 4240 1409 4318 Episcopos

304 4332 345 4387 30
356 4320 420 4378 dem
436 4320 508 4399 legis
527 4334 634 4380 nostre
651 4322 784 4381 doctores
794 4322 855 4399 jam
907 4339 1024 4397 quoque
1039 4319 1199 4377 vicinorum
1219 4338 1359 4396 pagorum
1378 4328 1411 4376 et

355 4399 416 4457 vita
429 4402 547 4460 functos
561 4402 727 4481 petulanter
742 4402 771 4459 in
788 4423 856 4460 con·
908 4400 1070 4465 civitatum,
1086 4418 1198 4457 necnon
1213 4408 1244 4457 et
1258 4398 1407 4477 presbyte-

355 4480 438 4538 cione
459 4481 621 4540 lacerabat:
648 4482 684 4540 de
705 4503 736 4541 se
757 4493 855 4540 autem
907 4498 956 4536 ros
972 4489 1165 4539 assentatores
1183 4497 1252 4537 suos
1266 4478 1409 4544 submisit,

355 4558 417 4637 ipse
431 4561 585 4638 magnifice
599 4560 782 4639 loquebatur,
797 4581 855 4618 non
908 4558 1001 4634 quiin
1016 4560 1076 4618 suis
1090 4557 1127 4615 ad
1181 4557 1283 4635 pulum
1295 4558 1410 4617 concio-

354 4649 389 4697 ut
411 4642 575 4719 episcopus,
597 4639 649 4699 sed
670 4652 705 4700 ut
726 4640 858 4719 sophista
908 4638 995 4697 nibus
1013 4638 1113 4699 eadem
1132 4578 1179 4697 cieo
1189 4636 1253 4717 ipso
1271 4637 1409 4717 prodica-

936 4752 1020 4797 ΕΗ
