3700 5667
586 1118 1168 1224 THEOGNOSTUS.

772 1390 990 1439 -ο-

496 1589 590 1660 Guu.
609 1590 762 1675 GAVIUS,
780 1588 877 1662 Hist.
894 1590 966 1663 Lit.
985 1602 1071 1663 torn.
1090 1594 1112 1663 i.
1131 1616 1166 1686 p.
1184 1592 1266 1663 146.

357 1746 775 1874 THEOGNOSTUS,
799 1789 1075 1875 Alexandrinus,
1098 1814 1277 1863 sacrorum
1300 1791 1406 1863 libro-

358 1934 436 1980 rum
462 1913 635 2005 interpres
659 1915 753 2006 apud
780 1914 964 2001 Photium,
988 1916 1077 1986 God.
1097 1913 1180 1985 106.
1207 1918 1281 1999 ἀνὴρ
1303 1919 1407 2000 λόγιος

358 2036 566 2119 Athanasio,
592 2038 649 2108 De
674 2037 818 2109 Decret.
846 2040 979 2134 Synod.
1004 2039 1144 2110 Nicaen.
1172 2039 1232 2132 qui
1258 2048 1296 2109 et
1321 2039 1405 2109 alibi

358 2184 439 2232 eum
464 2164 631 2243 θαυμάσιον
650 2166 698 2230 καὶ
719 2172 883 2231 σπουδαῖον
901 2172 1015 2233 vocat.
1067 2162 1243 2233 Claruisse
1265 2162 1406 2232 videtur

357 2289 449 2357 circa
468 2311 524 2358 an.
543 2294 627 2359 283.
646 2286 811 2383 Origenis
833 2287 1038 2380 discipulus,
1055 2288 1183 2358 saltem
1206 2287 1242 2356 in
1266 2287 1405 2378 scriptis

357 2413 433 2503 ejus
447 2411 711 2482 versatissimus.
747 2412 855 2482 Certe
870 2413 922 2480 vir
938 2420 1014 2481 erat
1031 2434 1113 2481 cum
1131 2410 1178 2480 ob
1196 2411 1403 2492 doctrinam,

358 2548 435 2603 tum
454 2534 500 2604 ob
518 2536 603 2605 vitae
621 2536 890 2605 sanctimoniam
907 2535 1168 2605 celeberrimus.
1221 2532 1404 2626 Gymnesii

358 2658 576 2728 Catechetici
590 2658 682 2752 apud
696 2658 959 2730 Alexandrinos
972 2658 1161 2752 praefectus
1175 2666 1261 2728 erat.
1297 2643 1405 2727 Unde

358 2782 393 2849 in
411 2804 557 2874 operum
578 2805 721 2853 suorum
739 2783 967 2876 inscriptione
985 2784 1136 2867 ἐξηγητὴς,
1154 2804 1217 2852 seu
1233 2780 1404 2851 librorum

357 2929 533 2975 sacrorum
564 2907 747 2999 interpres,
778 2906 895 2976 dictus
929 2915 993 2986 est,
1027 2928 1113 2974 voce
1147 2903 1230 2973 hnic
1264 2904 1403 2973 muneri

358 3053 447 3121 pene
464 3032 615 3123 propria.
669 3030 834 3126 Origenis
857 3032 965 3103 fuisse
986 3031 1198 3124 discipulum
1217 3053 1322 3100 nemo
1340 3029 1405 3099 du-

358 3154 471 3224 bitare
505 3164 634 3248 potest,
665 3157 725 3246 qui
759 3155 930 3227 librorum
965 3156 1041 3248 ejus
1074 3162 1296 3247 argumenta,
1326 3174 1404 3242 quae

357 3278 504 3347 exhibet
532 3276 691 3358 Photius,
718 3300 837 3348 secum
868 3277 1073 3370 perpendet.
1126 3275 1233 3345 Certe
1260 3270 1404 3343 Arianis

357 3400 575 3491 temporibus
611 3401 840 3470 vetustiorem
878 3400 986 3471 fuisse
1022 3399 1107 3469 satis
1146 3398 1272 3491 arguit,
1309 3397 1403 3488 quod

357 3526 523 3595 adversus
554 3523 705 3594 Arianos
732 3524 834 3595 testis
864 3525 1064 3608 adhibetur,
1092 3522 1258 3614 quodque
1289 3520 1401 3612 ipsum

357 3649 518 3739 proxime
549 3658 627 3740 post
657 3646 849 3741 Origenem
880 3649 974 3718 inter
1002 3650 1093 3717 viros
1119 3646 1266 3740 priscos,
1294 3641 1404 3713 admi-

356 3770 493 3853 randos,
518 3771 679 3851 erud-itae,
704 3782 863 3842 recenset
888 3770 1116 3853 Athanasius,
1135 3771 1171 3840 in
1198 3768 1297 3850 illud,
1318 3766 1404 3857 Qui·

356 3919 486 3989 conque
503 3894 577 3967 dia.
632 3895 815 3989 Philippus
834 3894 976 3965 Sidetos
993 3918 1075 3965 euni
1094 3893 1212 3964 Pierio
1230 3894 1267 3963 in
1283 3891 1405 3963 schola

355 4018 599 4090 Alexandrina
621 4020 829 4089 successisse
851 4018 938 4088 dicit
962 4017 1014 4105 (in
1039 4017 1238 4110 fragmento
1261 4040 1283 4086 a
1307 4014 1405 4086 Dod-

356 4144 458 4213 wollo
481 4144 526 4212 ad
549 4143 657 4211 finem
680 4138 830 4210 Discat.
857 4140 895 4208 in
918 4137 1094 4208 Ircnoeum
1120 4137 1243 4228 edito).
1296 4134 1405 4207 Unde

355 4268 528 4357 conjicere
548 4266 598 4334 fas
619 4265 696 4345 orit,
713 4263 982 4356 Theognostum
1000 4262 1093 4331 circa
1110 4282 1191 4329 ann.
1210 4262 1294 4327 282.
1312 4256 1404 4328 hanc

355 4386 511 4458 scholam
530 4389 696 4468 tenuisse,
715 4387 809 4456 utin
831 4383 947 4452 Pierio
968 4382 1242 4453 observavimus.
1288 4378 1406 4472 Scrip-

355 4512 401 4577 sit
430 4510 520 4601 styio
550 4521 697 4579 vernrsto
727 4508 920 4578 admodum
949 4531 989 4577 ac
1020 4507 1214 4598 perspicuo,
1244 4500 1406 4597 Hypotp-
