3700 5667
397 641 464 703 830
733 639 1111 704 ANNOTATIONES

399 812 441 876 είς
463 810 531 876 τοὺς
552 811 669 882 αίῶνας,
692 811 764 888 μίαν
786 809 862 895 αὐτῷ
885 809 958 894 (ίαν.
982 809 1083 896 αὐτὸς)
1107 809 1154 873 καὶ
1178 808 1231 887 τὴν
1253 807 1348 886 αὐτὸν
1372 807 1457 890 ἔχων

399 911 524 990 θέλησιν
540 911 588 973 καὶ
603 909 768 992 ἐνέργειαν,
784 912 830 976 ἀεὶ
853 910 1028 991 κινουμένην
1047 915 1083 999 τῇ
1105 913 1275 992 φανερώσει
1294 915 1357 973 rav
1377 911 1456 991 ὸγα·

400 1017 469 1076 θῶν.

443 1113 498 1176 Ad
519 1113 588 1178 haec
610 1115 722 1178 θοιοηο
739 1114 772 1177 in
795 1115 985 1178 arwam
1006 1134 1027 1177 a
1048 1113 1087 1176 cl.
1099 1113 1250 1179 Gramato
1266 1111 1454 1197 nuperrime

398 1215 485 1279 edita
499 1215 532 1279 in
547 1238 619 1302 pag.
638 1234 676 1301 23
679 1237 710 1300 5.
727 1216 788 1280 hoc
802 1223 947 1300 praestat.
978 1217 1043 1296 Χρὴ
1065 1219 1098 1280 δὲ
1120 1218 1279 1299 paeana
1298 1217 1345 1278 ότι
1360 1217 1378 1278 ό
1392 1217 1453 1294 μὶν

401 1322 524 1385 Παῦλος
539 1321 555 1381 ό
571 1318 762 1397 Σαμοσατεὺς
776 1320 851 1381 niro
866 1319 970 1398 φησίν
986 1316 1121 1381 Ἔδωκεν
1132 1319 1210 1402 αὐτῷ
1227 1318 1324 1398 κρίσιν
1339 1322 1451 1392 ποιεῖν,

399 1419 445 1481 ότι
459 1419 522 1484 υίὸς
535 1419 691 1499 ὸνθρόπου
706 1421 790 1483 ἕστίν
807 1418 855 1497 (S.
864 1417 960 1482 Joan.
972 1440 1001 1482 v.
1015 1423 1084 1498 ορ).
1111 1418 1264 1482 Fortasse
1279 1417 1401 1482 Paulus
1416 1417 1451 1480 in

400 1520 520 1604 scripto
541 1520 648 1605 aliquo
674 1521 866 1584 sententiam
892 1541 982 1584 suam
1005 1520 1046 1584 de
1071 1542 1207 1605 persona
1230 1519 1352 1584 Christi
1375 1540 1450 1603 pro·

399 1642 544 1706 pugnans
568 1622 628 1687 hoc
653 1623 854 1708 evangelista
878 1622 966 1686 dicto
989 1643 1064 1687 usus
1093 1630 1175 1687 erat.
1220 1621 1283 1685 His
1309 1620 1449 1705 deniqne

400 1723 573 1788 Athanasii
602 1725 698 1789 verba
730 1727 929 1808 subjungam,
953 1747 1023 1809 quae
1055 1724 1095 1788 de
1125 1723 1216 1788 Pauli
1246 1723 1450 1808 opinionibus

398 1823 528 1910 agentia
542 1848 614 1889 cum
629 1826 842 1910 superioribus
857 1826 937 1889 bene
952 1825 1299 1903 conveniunt-tmen
1311 1826 1360 1888 καὶ
1374 1824 1449 1888 πόν-

399 1952 448 1992 τες
463 1929 600 2007 αίρετικοὸ
620 1933 706 1990 τοῦτο
726 1926 830 2009 λέγειν
850 1929 1002 2004 είιόθασιν,
1017 1928 1055 1993 ὦς
1074 1933 1198 1993 Παῦλος
1218 1928 1235 1989 ὁ
1256 1926 1450 2005 Σομοσατεὸς

400 2027 483 2091 Θεὸν
496 2029 528 2091 ἐκ
542 2032 592 2106 τῆς
606 2028 754 2108 παρθένου
769 2031 923 2109 ὁμολογεῖ,
935 2028 1018 2091 Θεὸν
1034 2031 1067 2091 ἑκ
1083 2031 1219 2108 Ναζαρὲτ
1232 2026 1377 2109 ὀφθέντα,
1399 2027 1449 2090 καί

399 2131 537 2193 ἐντεῦθεν
557 2135 608 2207 τῆς
627 2127 777 2210 ὑπάρξεως
798 2128 852 2206 τὴν
873 2129 969 2210 ἀρχὴν
990 2131 1148 2211 ἐσχηκότα,
1170 2131 1218 2192 καὶ
1237 2128 1334 2211 ὸρχὴν
1352 2134 1447 2207 βασι-

399 2229 484 2296 λείας
505 2234 721 2312 παρειληφότα,
738 2233 840 2311 Λόγον
861 2233 894 2294 ὸὸ
915 2230 1040 2313 ἐνεργὸν
1061 2233 1093 2308 ἐξ
1114 2232 1252 2311 οὐρανοῦ,
1268 2231 1316 2293 καὶ
1332 2227 1449 2309 σοφίαν

400 2332 434 2394 ἑν
456 2332 534 2415 αὐτῷ
552 2333 702 2413 ὁμολογεῖ,
719 2335 758 2416 τῷ
779 2334 836 2410 μὲν
855 2336 1026 2417 προορισμφ
1046 2333 1104 2412 πρὸ
1126 2334 1242 2395 οίιονῶν
1256 2332 1340 2406 ὄντα,
1358 2333 1395 2416 τῇ
1412 2331 1446 2394 dd

399 2431 521 2513 ὑπάρξει
544 2434 576 2495 ἑκ
598 2434 733 2512 Ναζαρὲτ
759 2433 985 2514 ἀναδειχθέντα,
1011 2434 1060 2496 ἵνα
1084 2434 1126 2498 είς
1149 2435 1203 2511 εἴη,
1227 2433 1332 2512 φησὶν,
1356 2433 1373 2494 ό
1396 2430 1446 2494 ἐπὶ

399 2533 497 2597 πάντα
512 2534 593 2600 Θεὸς
608 2537 624 2596 ὁ
639 2534 742 2615 πατήρ.
765 2537 895 2612 Τοιαύτη
910 2537 1015 2598 τούτου
1029 2535 1047 2613 ἡ
1063 2533 1200 2612 ἀσέβεια.
1227 2535 1340 2596 Contra
1348 2531 1447 2616 spot

399 2635 539 2714 limum,
555 2637 609 2701 lib.
625 2636 667 2699 xi.
683 2660 752 2721 cap.
769 2658 800 2721 3.
816 2659 888 2721 pag.
905 2657 978 2718 942.
995 2638 1043 2700 ed.
1062 2636 1279 2700 Montfauoon

444 2739 481 2802 P.
497 2739 606 2822 3021.
625 2757 654 2801 2.
678 2740 713 2801 οίν
731 2739 826 2802 πόλοι
845 2743 933 2801 τοῦτο
954 2738 1077 2824 ἔλεγον]
1096 2738 1136 2801 In
1150 2737 1308 2802 Versione
1324 2737 1446 2801 Latina

401 2838 527 2903 Leontii
547 2839 714 2922 Byzantini
734 2861 806 2924 pag.
823 2841 896 2924 636.
913 2839 991 2902 torni
1011 2839 1140 2902 secundi
1157 2841 1283 2903 Auctor.
1299 2837 1445 2902 Βὶόίίοιί.

400 2941 475 3002 ΡΡ.
494 2939 597 3002 Paris.
619 2939 748 3022 hujusce
770 2940 938 3023 fragmenti
962 2940 1007 3003 sic
1028 2963 1062 3005 se
1084 2940 1181 3005 habet
1203 2941 1308 3017 index,
1333 2942 1446 3026 Consa-

399 3042 474 3104 tatio
498 3063 534 3104 ac
559 3042 644 3103 Actis
667 3050 771 3104 contra
796 3040 936 3104 Paulam
964 3044 1190 3106 όοινοκονοιιιινη
1214 3065 1235 3106 α
1259 3042 1446 3121 Malchionis,

400 3144 511 3207 Graeoe
531 3143 563 3206 in
584 3142 700 3208 Codice
716 3142 814 3206 MSto
829 3142 1013 3220 Bodleiano,
1027 3142 1083 3207 Ἐκ
1101 3150 1160 3207 τῶν
1179 3145 1269 3208 αὐτοῦ
1285 3144 1356 3225 (for.
1376 3147 1446 3227 περὶ

400 3246 489 3309 αὐτοῦ
512 3251 548 3309 nt
570 3267 666 3330 supro
687 3247 772 3329 apud
794 3243 818 3306 J
820 3244 986 3326 ustinian)
1010 3246 1237 3328 πεπραγμένων,
1258 3248 1333 3329 πρὸς
1353 3246 1446 3312 αὐτὸν

399 3348 565 3430 (Paulum)
590 3352 670 3429 παρὸ
697 3347 898 3429 Μαλαχίονος
925 3349 1027 3427 (recte
1050 3347 1150 3411 codex
1172 3348 1205 3411 in
1230 3347 1446 3432 superioribus

399 3471 514 3513 nomen
531 3450 680 3532 Μαλχίων
693 3449 876 3534 scripserat)
894 3449 1085 3530 ἆντιρῤήσεις.
1134 3449 1230 3514 Unde
1249 3450 1444 3534 suspicabar,

401 3552 493 3616 Pauli
520 3551 775 3637 Disputationem
806 3551 892 3613 illam
921 3550 1072 3614 adversus
1103 3551 1328 3628 Malchionem,
1353 3553 1445 3638 cujas

399 3652 579 3736 fragmenta
599 3673 694 3735 supra
713 3651 868 3715 attulerat
890 3651 1053 3730 Leontius,
1068 3652 1220 3716 insertam
1235 3653 1365 3716 concilii
1386 3655 1444 3719 hu-

396 3753 449 3835 jus
479 3750 667 3814 Antiocheni
697 3751 790 3814 Actis
821 3750 917 3814 fuisse
946 3774 1018 3814 cnm
1048 3752 1239 3817 Malchionis
1272 3755 1443 3838 responsis.

401 3851 522 3915 Saeculo
551 3857 659 3913 autem
688 3850 826 3913 ecolesiae
855 3859 947 3915 sexto
978 3852 1130 3917 Leontius
1157 3854 1293 3939 scripsit.
1340 3856 1444 3919 Porro

400 3954 501 4037 ipsam
524 3952 606 4014 hanc
629 3950 887 4034 disputationem,
913 3960 969 4016 aut
992 3954 1117 4030 saltem,
1139 3964 1263 4040 partem
1286 3957 1441 4040 ejusdem,

398 4052 512 4118 saecnlo
538 4051 634 4115 etiam
661 4072 744 4113 nono
769 4052 873 4116 adhuc
899 4053 1052 4131 extitisse,
1077 4058 1244 4120 ostendero
1269 4056 1442 4122 videretur.

400 4153 595 4238 Freculphns
616 4153 821 4216 Lexoviensis
838 4153 870 4216 in
893 4154 1037 4219 Chronico
1056 4158 1141 4240 apud
1159 4166 1236 4221 tom.
1252 4180 1280 4221 v.
1294 4157 1442 4222 Βίόίίοιὸ.

398 4259 489 4321 Patr.
507 4256 613 4320 Poris.
628 4277 659 4338 p.
674 4274 749 4338 520.
765 4255 818 4318 ubi
838 4255 896 4332 ait,
910 4256 990 4320 hunc
1002 4258 1157 4343 όίοίοριιηι
1173 4281 1263 4344 acque
1277 4259 1364 4323 hodie
1385 4283 1441 4325 ex-

397 4370 478 4434 tare,
494 4358 552 4421 nisi
568 4357 673 4421 omnia
695 4378 753 4419 sua
770 4379 809 4419 ex
827 4357 1024 4441 Hieronymo
1039 4359 1122 4423 idem
1144 4362 1281 4446 scriptor
1295 4363 1442 4447 desump-

398 4461 500 4524 sisset.
546 4458 610 4522 Sed
636 4458 675 4521 de
700 4457 884 4521 Malchione
907 4459 976 4544 ipso
999 4471 1033 4525 et
1055 4462 1272 4546 disputatione
1294 4464 1362 4547 ejus
1383 4465 1442 4528 ad·

396 4581 505 4625 versus
531 4558 665 4621 Paulum
691 4558 860 4622 videantur
886 4559 1077 4634 Eusebiana,
1105 4586 1176 4648 quae
1206 4563 1297 4628 initio
1326 4564 1441 4629 harum
