3700 5667
562 662 822 725 DIONYSIUS
847 661 1090 725 ROMANUS.
1283 666 1346 731 375

303 836 437 937 λογίων
455 835 622 935 γε’ννησιν
641 833 820 939 αὐτῷτὴν
839 832 1090 937 ἁρμόττουσαν
1110 837 1165 912 καί
1186 835 1345 938 πρέπου-

301 1008 384 1067 σαν,
410 974 493 1049 ἀλλ’
518 972 596 1074 οὐχί
620 969 761 1049 πλάσιν
787 969 950 1048 τινὰκαὶ
979 970 1125 1068 ποίησιν
1151 1004 1343 1073 προσμαρ-

302 1105 512 1208 τυροῦντων.
547 1103 774 1209 βλάσφημον
803 1106 864 1183 οῦν
893 1107 934 1182 οῦ
961 1104 1004 1183 τὸ
1031 1103 1151 1209 τυχὸν,
1177 1104 1349 1206 με’γιστον

302 1241 365 1338 μὲν
385 1241 456 1334 οῦν,
471 1240 715 1342 χειροποίητον
734 1238 868 1341 τρόπον
887 1238 967 1319 τινὰ
985 1239 1103 1339 λέγειν
1120 1237 1184 1319 τὸν
1205 1238 1347 1341 Κύριον.

275 1381 332 1466 ssi
358 1373 430 1475 γὰρ
454 1372 601 1473 γε’γονεν
627 1373 710 1468 υίὸς,
727 1371 771 1472 ἦν
794 1373 851 1452 ὅτε
874 1375 938 1453 οῦκ
962 1372 1017 1472 ἦν·
1050 1376 1103 1453 ἀεὶ
1126 1372 1163 1452 δὲ
1186 1370 1241 1472 ἦν,
1260 1373 1292 1453 εί
1307 1408 1349 1473 γε

304 1513 368 1587 “e’v
393 1514 444 1614 τῷ
468 1509 581 1609 πατρί
605 1512 715 1605 ε’στιν,
741 1513 790 1594 ὡς
813 1509 920 1594 αὐτὸς
949 1511 1054 1615 φησί.
1096 1513 1154 1589 καὶ
1179 1516 1209 1589 εί
1237 1508 1348 1611 λόγος

303 1647 359 1721 καὶ
377 1645 494 1747 σοφία
518 1646 575 1721 καὶ
601 1640 747 1741 δύναμις
772 1645 792 1721 ό
818 1642 991 1745 Χριστός
1026 1644 1154 1742 (ταῦτα
1173 1642 1243 1745 γὰρ
1262 1640 1349 1722 εἶναι

301 1779 364 1857 τὸν
392 1777 556 1880 Χριστὸν
583 1785 619 1856 αί
647 1784 735 1857 θεῖαι
763 1779 915 1878 λε’γουσι
943 1781 1093 1882 γραφαὶ,
1115 1775 1239 1880 ὥσπερ
1271 1782 1348 1858 ε’πί-

302 1918 476 2018 στασθε)·
506 1921 619 1991 ταῦτα
650 1912 687 1991 δὲ
712 1912 874 2011 δυνάμεις
905 1914 1011 1992 οῦσαι
1041 1921 1104 1992 τοῦ
1137 1918 1233 1991 Θεοῦ
1263 1946 1350 2014 τυγ-

260 2045 487 2151 ιοχοίνουσιν·
529 2057 559 2125 εί
586 2047 704 2124 τοίνυν
731 2045 877 2145 γε’γονεν
905 2047 924 2122 ὁ
953 2045 1036 2142 υίὸς,
1055 2043 1100 2143 ἦν
1128 2046 1186 2125 ὅτε
1215 2048 1278 2125 οῦκ
1305 2044 1350 2143 ἦν

301 2191 425 2261 ταῦτα.
456 2180 500 2279 ἧν
525 2181 594 2283 ἄρα
621 2180 750 2283 καιρὸς,
769 2180 825 2259 ότε
852 2184 962 2286 χωρὶς
983 2181 1119 2261 τούτων
1136 2180 1181 2280 ἦν
1203 2185 1223 2261 ὁ
1243 2181 1347 2266 Θεός·

303 2317 531 2396 ἀτοπώτατον
564 2316 602 2396 δὲ
633 2326 751 2398 τοῦτο.
800 2321 858 2395 καὶ
889 2318 928 2394 τί
956 2315 1003 2395 ἂν
1036 2321 1093 2396 ἐπὶ
1124 2316 1238 2396 πλέον
1268 2321 1350 2419 περὶ

301 2451 436 2530 τούτων
459 2450 549 2554 πρὸς
575 2450 665 2551 ῦμῦις
691 2455 932 2553 διαλεγοίμην,
960 2452 1052 2555 πρὸς
1080 2451 1211 2554 ἄνδρας
1238 2486 1347 2532 πνευ-

303 2586 530 2689 ματοφόρους
565 2591 623 2664 καὶ
654 2593 784 2692 σαφῶς
816 2586 1074 2687 ἐπισταμένους
1106 2585 1170 2670 τὰς
1200 2587 1349 2670 ἀτοπίας

260 2717 366 2807 ι5τᾶς
389 2721 428 2797 εἰς
455 2729 519 2799 τοῦ
546 2723 682 2818 ποίημα
710 2722 828 2820 λέγειν
855 2718 919 2799 τὸν
949 2721 1023 2800 υἱὸν
1051 2718 1347 2813 &rosmarinum

301 2851 357 2935 αἶς
375 2887 435 2951 μοι
455 2857 602 2932 δοκοῦσι
621 2855 670 2952 μὴ
693 2856 981 2959 προσεσχηκέναι
1005 2853 1068 2933 τὸν
1087 2861 1171 2933 νοῦν
1189 2858 1222 2933 οἱ
1240 2859 1349 2952 καθη-

302 2986 499 3087 γησάμενοι
526 2993 588 3087 τῆς
615 2988 723 3095 δόξης
752 2991 892 3090 ταύτης,
919 2993 977 3069 καὶ
1003 2987 1062 3069 διὰ
1089 2996 1193 3068 τοῦτο
1222 2992 1348 3087 κομιδῆ

302 3133 365 3201 τοῦ
384 3125 541 3221 ἀληθοῦς
560 3127 840 3225 διημαρτηκεῦαι,
860 3126 985 3227 ἑτέρως
1008 3122 1030 3222 ἢ
1049 3119 1219 3216 βούλεται
1237 3121 1348 3225 ταύτῃ

301 3384 367 3424 curn
396 3364 479 3422 illum
507 3364 638 3439 genitum
667 3385 738 3433 esse,
762 3377 796 3422 ut
850 3365 994 3434 Quocirca
1013 3364 1036 3422 si
1057 3365 1154 3442 fuctus
1171 3374 1215 3421 est
1235 3362 1346 3432 Filium

254 3473 292 3510 20
302 3445 435 3520 congruit
454 3464 487 3501 ue
506 3443 600 3509 decet,
618 3464 676 3501 non
697 3444 797 3502 condi·
849 3444 907 3502 fuit
929 3454 1045 3518 tempus
1059 3441 1184 3519 quando
1205 3442 1266 3500 haee
1289 3461 1347 3500 non

302 3536 365 3582 tum
380 3535 431 3581 out
442 3525 561 3592 fuctum,
573 3522 671 3582 divina
684 3524 798 3601 eloquia
849 3535 953 3589 ernnt3
983 3522 1113 3599 adeoque
1138 3522 1196 3580 fuit
1220 3532 1346 3600 tempus,

301 3614 456 3662 testentur.
499 3602 570 3660 Non
595 3603 667 3662 levis
694 3605 797 3679 igitur,
849 3624 905 3680 quo
925 3604 988 3661 sine
1006 3603 1052 3661 his
1070 3613 1132 3661 eret
1146 3603 1245 3661 Deus:
1268 3601 1346 3679 quod

301 3683 352 3741 sed
371 3682 496 3740 maximo
515 3693 559 3741 est
577 3684 719 3761 impietus,
737 3685 798 3741 Do·
848 3684 1058 3760 perabsurdum
1086 3695 1139 3742 est.
1190 3682 1251 3742 Sed
1276 3681 1347 3758 qnid

301 3764 413 3821 minum
432 3762 530 3839 uliquo
544 3763 631 3821 modo
649 3765 798 3821 manufac.
849 3763 982 3842 pluribus
992 3763 1029 3823 de
1043 3764 1087 3822 his
1101 3762 1179 3842 apud
1190 3783 1243 3822 vos
1255 3763 1347 3821 disse-

253 3863 288 3918 25
302 3854 364 3902 tum
379 3843 485 3903 dicere.
513 3842 592 3902 Nem
606 3844 629 3901 si
645 3845 740 3902 faetus
754 3855 798 3901 est
849 3864 919 3910 rom,
941 3845 1020 3903 viros
1043 3844 1157 3922 Spiritu
1180 3843 1291 3924 plenos,
1316 3853 1346 3901 et

302 3923 388 3988 filius,
401 3935 463 3982 erat
478 3935 595 4001 tempus
608 3924 724 4000 quando
738 3943 797 3982 non
849 3925 979 4002 opprime
997 3923 1194 4002 intelligentes
1214 3944 1280 4001 quae
1301 3944 1346 3983 se·

301 4013 381 4060 erut:
404 4003 485 4079 utqui
496 4003 554 4061 fuit
569 4024 692 4082 semper,
704 4003 728 4061 si
740 4004 797 4062 uti·
848 4015 979 4080 quuntur
1003 4005 1127 4062 absurde
1150 4025 1187 4063 ex
1207 4004 1259 4062 illu
1280 4024 1344 4063 sen·

300 4102 357 4158 que
381 4093 435 4146 est,
459 4093 493 4140 ut
517 4083 580 4161 ipse
605 4083 742 4148 declarat,
766 4085 797 4140 in
848 4084 950 4149 tentia.
966 4103 1031 4160 quoe
1050 4083 1159 4141 Filium
1174 4084 1283 4142 factum
1301 4103 1345 4141 us-

302 4163 399 4222 Putre.
428 4163 469 4220 Et
483 4163 507 4222 si
519 4164 654 4222 Christus
667 4165 796 4229 verbum,
847 4164 939 4222 serit?
969 4162 1020 4220 Ad
1034 4162 1095 4220 haeo
1111 4163 1230 4221 minime
1250 4173 1347 4219 etten-

252 4243 442 4319 sosapientin
466 4254 496 4302 et
522 4244 614 4302 virtus
639 4255 683 4302 est
695 4267 704 4313 ;
736 4245 797 4301 hec
848 4244 923 4301 disse
947 4242 1018 4299 mihi
1042 4241 1176 4301 videntur
1199 4241 1346 4318 opinionis

300 4323 377 4380 enim
390 4323 539 4380 Christum
555 4343 616 4382 esse
627 4323 733 4381 divinae
745 4324 795 4382 do·
848 4324 936 4398 hujus
951 4323 1058 4391 duees;
1080 4321 1228 4381 etidcirco
1242 4321 1345 4379 sveri-

300 4411 367 4459 eent
395 4401 509 4467 litterae,
539 4414 573 4461 ut
601 4403 655 4481 ipsi
685 4404 776 4462 nostis
787 4426 796 4472 ;
848 4414 909 4460 tute
925 4421 1043 4481 prorsus
1059 4403 1212 4468 aberrasse,
1227 4401 1277 4478 qui
1292 4401 1344 4458 uli-

300 4482 360 4538 haec
388 4502 455 4539 sune
480 4481 603 4541 virtutes
633 4484 689 4540 Dei
718 4492 796 4540 sunt.
848 4493 903 4547 ter,
916 4503 1001 4559 qnam
1014 4481 1092 4559 quod
1106 4481 1160 4539 sibi
1172 4481 1235 4540 vult
1247 4481 1346 4539 divine

712 4643 726 4672 ι
739 4632 812 4679 Joun.
824 4633 874 4679 xiv.
891 4648 925 4680 ιι.
