3700 5667
490 664 533 724 62
824 661 1205 726 ANNOTATIONES

490 836 613 915 postea.
668 829 723 894 Ita
745 837 780 895 et
798 828 935 895 Libethra
954 828 1123 914 spondeos
1144 829 1230 914 apnd
1253 827 1383 892 Labbaei
1399 829 1542 895 Concilio

489 943 567 996 tom.
587 933 606 996 i.
628 955 659 1018 p.
677 950 750 1016 719.
776 935 906 1000 Σύνοδος
937 935 1003 996 θεία
1032 933 1081 995 καὶ
1107 935 1171 1012 ἱερὰ
1195 931 1299 1009 remed
1324 929 1543 1017 ἑνἈντιοχείη

489 1040 743 1116 συναθροισθεῖσα
757 1035 815 1099 ὑπὸ
827 1041 1036 1117 Δημητριανοῢ
1053 1040 1106 1098 τοῦ
1119 1037 1226 1112 ταύτης
1240 1033 1405 1116 ἃγιιοτθτου
1421 1037 1542 1099 ἐπισκό-

487 1163 545 1201 που
572 1137 741 1201 καθέλουσα
761 1140 912 1209 Ναύατον,
934 1140 973 1204 ὡς
991 1140 1065 1200 ὄντα
1087 1137 1345 1217 φιλομαρτήμονα.
1390 1137 1542 1201 Ceterum

488 1245 562 1323 post
583 1241 679 1303 verba
697 1241 729 1303 in
752 1248 905 1305 contextu
924 1242 974 1304 tvo
997 1243 1029 1303 δὲ
1055 1241 1143 1325 γνῷς,
1166 1240 1225 1303 tibi
1251 1239 1542 1324 interpungendum

490 1343 580 1417 foret,
598 1343 624 1404 si
644 1344 689 1405 ὅτι
704 1364 741 1406 ac
757 1344 854 1406 verba
869 1342 1034 1426 sequentia
1047 1343 1186 1427 pendere
1201 1341 1262 1405 illis
1278 1345 1374 1405 εἰπεῖν
1388 1343 1542 1422 βούλομαι

493 1443 621 1507 dixeris.

530 1545 569 1608 P.
585 1564 634 1609 ιο.
658 1545 679 1608 l.
697 1546 744 1608 18.
772 1544 936 1624 θαυμάσιος
957 1545 1055 1629 οὗτος]
1085 1546 1284 1610 Novatianus
1298 1545 1428 1622 scilicet,
1445 1566 1541 1630 quem

485 1669 566 1732 vago
588 1648 773 1732 pronomine
788 1648 954 1732 designare
969 1648 1133 1712 Cornelius
1153 1670 1211 1733 pro
1226 1669 1314 1712 mors
1329 1647 1408 1711 satis
1429 1647 1540 1712 habet.

486 1748 661 1813 (levemur.

531 1853 614 1916 lbid.
629 1851 651 1917 l.
665 1871 717 1916 22.
742 1852 877 1932 Μάξιμος
898 1853 1116 1935 πρεσβύτερος]
1143 1852 1193 1915 De
1216 1853 1276 1916 hoc
1293 1851 1439 1915 Maximo
1452 1872 1540 1936 pres-

486 1955 613 2038 hytero,
637 1954 772 2019 Urbano
793 1962 827 2018 et
849 1953 980 2017 Sidonio
1004 1953 1245 2029 confessoribus,
1266 1953 1403 2037 qualiter
1426 1953 1540 2018 relicto

486 2056 670 2120 Novatiano
690 2057 731 2121 ad
753 2056 916 2119 ecclesiam
936 2055 1125 2120 catholicam
1144 2055 1261 2120 reversi
1284 2056 1358 2133 sint,
1375 2056 1446 2120 vide
1462 2056 1539 2141 Epi·

485 2161 601 2224 stulam
617 2159 753 2224 Comelii
772 2160 870 2244 l‘npae
888 2159 930 2222 ad
946 2158 1150 2244 Cyprianum.
1198 2160 1291 2239 (Quae
1313 2181 1411 2243 supra
1433 2158 1540 2243 posita

484 2267 563 2343 est.)
603 2260 680 2324 Fuit
695 2260 792 2324 etiam
809 2260 920 2322 eodem
935 2268 1079 2346 tempore
1096 2260 1179 2324 alter
1192 2261 1357 2324 Maximus
1371 2261 1540 2345 presbyter

484 2361 623 2426 scolcsiae
640 2362 730 2424 Rom.
749 2383 842 2445 quem
859 2361 1058 2425 Novatianus
1077 2363 1218 2446 legatum
1237 2362 1268 2424 in
1285 2361 1428 2425 Africam
1450 2360 1538 2425 misit

484 2464 526 2527 ad
545 2463 739 2548 Cyprianum
762 2484 826 2526 nna
848 2485 920 2526 cum
942 2464 1089 2528 Machaeo
1111 2472 1145 2528 et
1166 2465 1254 2528 aliis:
1288 2465 1345 2527 sed
1360 2463 1538 2548 Cyprianus

484 2588 538 2630 eos
552 2589 572 2630 a
587 2566 805 2630 communione
819 2588 877 2629 sira
892 2567 1036 2629 removit.
1084 2568 1203 2630 Postea
1220 2565 1413 2629 schismatici
1432 2564 1538 2628 Maxi-

484 2690 570 2732 mum
585 2669 669 2732 hunc
690 2668 872 2753 episcopum
891 2668 925 2731 in
941 2668 1053 2731 Africa
1072 2668 1183 2744 secere,
1199 2675 1236 2731 ut
1250 2667 1344 2730 docet
1359 2667 1538 2751 Cyprianus

483 2770 514 2833 in
532 2770 678 2854 Epistola
693 2771 735 2834 ad
751 2770 941 2835 Cornelium.
968 2772 1127 2833 Vrnrsrns.
1174 2769 1224 2832 De
1242 2769 1291 2832 hie
1305 2770 1537 2834 consessoribus

482 2871 553 2935 vide
573 2871 723 2955 Cypriani
746 2871 907 2956 Epistolas
924 2888 975 2954 27.
991 2893 1042 2953 54.
1064 2873 1113 2934 ed.
1131 2871 1234 2934 Oxon.
1252 2873 1342 2933 Pam.
1361 2890 1411 2953 23.
1427 2891 1480 2954 5¹·
1502 2879 1537 2935 et

482 2972 618 3037 Cornelii
634 2972 675 3035 ad
691 2971 883 3055 Cyprianum
899 2993 952 3056 49.
968 2974 1017 3035 ed.
1035 2976 1138 3035 (lxon.
1157 2975 1247 3034 Pam.
1264 2974 1316 3051 46.
1340 2972 1497 3037 Itanumc.

525 3073 606 3136 lbid.
622 3073 642 3136 l.
657 3093 708 3152 24.
732 3075 880 3157 Σιδόνιος]
907 3077 1048 3140 Σιδώνιος
1063 3074 1110 3137 σθ.
1127 3073 1231 3158 Steph
1248 3075 1406 3158 probante
1425 3073 1534 3137 Βουθ-

481 3175 566 3257 ingio
579 3182 613 3239 et
625 3174 704 3238 aliis.
731 3174 794 3237 Sed
806 3174 913 3258 posuit
924 3175 1224 3253 ErtdvroeValesius,
1236 3175 1339 3259 jussu,
1350 3184 1387 3239 ut
1398 3175 1534 3253 ridetur,

483 3278 686 3353 MSStorum,
712 3299 783 3340 cnm
805 3276 887 3340 hanc
906 3278 1097 3363 scripturam
1117 3278 1256 3341 habeant
1277 3277 1401 3341 codices
1424 3299 1536 3342 omnes

477 3387 597 3465 praeter
621 3379 836 3444 Parisicnsam
862 3380 1001 3464 priorem
1026 3380 1296 3463 Nicephorusqna.
1353 3378 1536 3463 Stephanus

479 3482 676 3568 Byzantinus
704 3483 754 3545 Do
786 3480 927 3560 Urbibus,
955 3484 1049 3546 Σίδιον
1075 3484 1162 3547 πόλις
1187 3481 1335 3559 Φοινίκης·
1381 3478 1536 3548 Ἑκεταῖος

479 3585 578 3671 Ἀσίᾳ·
608 3586 624 3648 b
647 3586 770 3662 πολίτης
792 3587 942 3659 Σιδώνιος,
967 3589 1015 3649 διὰ
1039 3589 1088 3648 τοῦ
1109 3610 1132 3646 ω
1148 3584 1293 3664 μεγάλου,
1311 3585 1359 3647 καὶ
1376 3587 1425 3646 διὰ
1445 3589 1498 3648 τοῦ
1517 3610 1534 3647 ο

479 3694 592 3768 μικροῦ.

524 3788 607 3850 lbid.
634 3786 809 3871 Κελερῖυος]
847 3788 928 3851 Cum
962 3789 1149 3874 Cyprianus,
1189 3789 1314 3874 quoties
1350 3788 1533 3852 eorumdem

478 3889 694 3954 confessorum
721 3889 913 3953 mentionem
940 3892 1027 3968 facit,
1052 3891 1168 3976 ubique
1193 3891 1374 3954 Macarinm
1397 3889 1533 3953 Celerini

478 3992 573 4077 hujus
594 3992 664 4055 loco
685 4001 847 4069 memoret,
868 3994 1032 4059 existimet
1048 3994 1268 4058 'lillcmontius
1290 3993 1436 4057 eumdem
1459 4014 1533 4056 con·

478 4095 630 4158 sessorem
646 4095 773 4180 duplici,
791 4096 926 4160 Macarii
946 4097 1065 4161 scilicet
1080 4118 1118 4160 ac
1133 4097 1279 4175 Celerini,
1294 4096 1420 4159 nomine
1435 4095 1534 4158 dona-

478 4204 567 4259 tum:
593 4197 747 4281 simulque
769 4206 879 4262 monet
896 4199 980 4262 huno
1000 4199 1096 4262 alium
1116 4221 1185 4262 esse
1200 4221 1220 4261 ιι
1236 4198 1379 4263 Celerina
1395 4198 1533 4262 Cartha-

476 4297 616 4379 ginensis
635 4300 774 4364 ecclesiae
795 4301 911 4364 lectore
926 4301 1041 4384 saepius
1056 4303 1142 4386 apud
1158 4302 1351 4387 Cyprianum
1372 4321 1533 4364 commen-

477 4400 565 4463 dato.
592 4400 768 4464 Cousrnnr.

521 4500 557 4561 Ρ.
577 4519 628 4563 21.
654 4498 674 4560 l.
692 4519 719 4563 2.
754 4500 922 4585 διενέγκας]
956 4505 1097 4573 διανύσας
1128 4506 1178 4570 ed.
1208 4506 1248 4569 R.
1271 4504 1381 4587 Steph.
1412 4504 1468 4567 sed
1498 4504 1532 4568 in

475 4601 583 4666 codice
607 4600 765 4666 Medicaeo
788 4602 938 4666 scribitur
960 4607 1131 4689 ὅιενέγκαςτ
1161 4608 1247 4693 apud
1263 4605 1435 4690 Georgium
1452 4606 1532 4690 Syn-
