3700 5667
575 671 626 734 IN
651 672 881 736 CONCILIA
907 674 1155 738 CARTHAG.
1328 675 1392 741 165
1454 707 1456 712 ’

344 842 428 904 Cum
452 840 584 904 Pamelii
609 840 736 925 scriptis
760 843 995 908 consentientes
1017 843 1108 907 video
1132 844 1256 907 codices
1279 845 1394 929 quibus

343 964 419 1005 usus
434 963 515 1005 sum.
549 941 658 1024 Vulgo
672 941 789 1026 legitur
804 944 976 1025 ἔπίγνοντες
991 945 1058 1008 sine
1073 946 1231 1031 particula
1246 947 1395 1032 negativa

343 1043 428 1128 apud
444 1041 609 1126 opomolum
623 1042 721 1106 verba
736 1050 943 1126 repetentem.

388 1144 425 1208 P.
447 1146 516 1208 108.
539 1144 559 1207 Ι.
580 1160 613 1230 5.
635 1145 816 1208 nocentium
840 1145 1040 1209 contactibus
1062 1145 1258 1231 polluuntur]
1283 1147 1394 1211 Pacia-

344 1267 405 1308 nus
432 1245 524 1330 epist.
545 1245 589 1308 iii.
613 1246 734 1328 rejicm
755 1256 896 1323 nocentes,
919 1256 1049 1310 caoctus
1067 1248 1260 1332 peccantium
1275 1251 1392 1334 soporo.

345 1347 515 1410 chssrrcs
529 1369 550 1410 a
566 1347 655 1411 Fello
669 1349 795 1412 allatus.

389 1449 471 1513 Ibid.
486 1448 507 1513 l.
527 1470 574 1512 12.
591 1450 678 1533 Opto
694 1460 762 1531 vos]
781 1452 855 1514 Duo
870 1449 944 1513 libri
963 1458 1085 1514 veteres
1105 1458 1139 1515 et
1160 1452 1258 1515 editio
1275 1452 1393 1516 Moral-

343 1551 378 1615 lii
392 1552 513 1615 habent
530 1552 683 1636 Optamus.
729 1551 877 1636 Utraque
899 1553 994 1617 lectio
1017 1555 1101 1618 bona
1122 1562 1172 1618 est
1192 1563 1323 1640 propter
1338 1576 1390 1619 ra-

344 1654 448 1718 tiones
462 1653 537 1718 alibi
553 1653 667 1717 allatas
687 1653 829 1717 insimili
851 1655 1015 1719 occasione
1029 1677 1101 1740 pag.
1116 1674 1191 1741 393.
1223 1656 1392 1722 Bsuuzrus.

346 1755 419 1820 Scil.
435 1756 478 1819 ad
493 1756 593 1840 spiri.
612 1756 764 1839 Cypriani
779 1759 809 1818 6.
825 1757 880 1820 ubi
897 1758 939 1820 ad
958 1756 1108 1820 lectiones
1125 1767 1191 1841 opto
1205 1779 1264 1833 coc,
1279 1766 1313 1821 ot
1327 1767 1393 1843 opto

344 1868 380 1933 tc,
408 1857 477 1920 haeo
513 1864 588 1921 sunt
624 1878 645 1920 a
675 1857 806 1921 Baluzio
835 1860 1013 1922 adnotata:
1047 1859 1227 1922 “Tametsi
1258 1860 1394 1944 epistola

346 1967 367 1996 ‘⁶
383 1957 503 2042 scripta
531 1957 574 2021 sit
604 1957 646 2021 ad
676 1959 792 2042 plures,
819 1960 977 2044 praeeipue
1006 1967 1114 2023 tamen
1143 1967 1176 2023 et
1206 1961 1394 2024 nominatim

346 2069 366 2098 ‘¹
382 2059 502 2145 scripta
517 2066 567 2123 est
581 2060 623 2122 ad
639 2059 854 2144 Rogatianum
870 2082 1037 2144 personam
1052 2061 1214 2124 illustrem.
1261 2060 1306 2125 Et
1322 2062 1394 2126 ideo

347 2159 563 2246 “Cyprianus
584 2160 677 2223 finem
702 2161 731 2224 ei
754 2184 925 2247 opponens,
949 2162 1121 2226 clausulam
1144 2162 1392 2237 valedictoriam,

347 2273 366 2300 ‘⁸
381 2270 419 2327 ut
438 2263 532 2340 solet,
547 2263 588 2326 ad
610 2285 682 2326 cum
704 2264 839 2347 dirigere
861 2263 996 2348 potuit.”
1039 2264 1127 2327 Ante
1144 2264 1324 2327 Morellium
1340 2285 1393 2327 ex-

346 2366 493 2429 hibuerat
516 2375 652 2449 optamus
673 2387 722 2428 cos
745 2365 907 2429 Erasmus.
954 2366 1018 2429 Sed
1039 2365 1072 2429 in
1094 2366 1219 2450 aptistola
1241 2365 1394 2447 Syaodali

345 2467 489 2552 proxime
511 2475 672 2550 sequente,
690 2467 744 2560 ubi
767 2465 883 2551 legitur
904 2476 1050 2550 optamus,
1067 2467 1288 2530 vetustissimae
1309 2468 1391 2531 editt.

345 2571 428 2633 sicut
443 2569 503 2642 hio,
520 2569 640 2633 habent
655 2579 730 2654 opto.
755 2568 911 2631 Nimirum
926 2569 974 2632 ita
989 2570 1148 2632 interdum
1164 2570 1294 2653 ponitur
1309 2570 1391 2633 olau-

346 2670 415 2734 sula
428 2693 486 2755 per
499 2672 696 2754 compendia,
712 2671 772 2755 Op.
785 2671 826 2733 V.
841 2671 878 2734 F.
892 2671 963 2735 GH.
978 2672 1010 2735 S.
1026 2670 1063 2734 Β.
1074 2671 1116 2734 V.
1147 2673 1223 2756 Opto
1237 2678 1393 2755 praestant

346 2783 404 2836 tres
422 2774 480 2836 saei
499 2773 711 2856 inarimoipti.
747 2772 787 2834 In
802 2773 901 2836 coelico
915 2773 1000 2839 Nooi
1017 2772 1091 2835 Coll.
1109 2773 1217 2857 pri‘ors
1236 2773 1317 2849 Vale,
1334 2795 1392 2857 pro

347 2882 418 2940 tota
434 2875 573 2939 clausula
587 2883 689 2939 extat.
708 2876 738 2939 A
747 2876 910 2960 posteriori
924 2875 1179 2940 similaceus
1194 2876 1295 2940 abest.

439 3180 612 3247 OONCIL.
635 3181 863 3246 GARTHAG.
889 3181 977 3245 SUB
999 3183 1236 3248 OYPRIANO
1259 3185 1295 3246 V.

390 3385 428 3448 P.
457 3386 528 3448 108.
552 3384 572 3449 l.
602 3401 649 3467 17.
675 3386 772 3448 Anno
795 3386 891 3470 cona]
918 3386 993 3450 Hoc
1018 3386 1206 3463 Concilium,
1231 3400 1393 3473 praeeunte

348 3488 521 3552 Pearsonio
543 3487 576 3550 in
590 3488 710 3551 Anaol.
729 3489 878 3572 Cypriae.
894 3509 977 3552 anne
994 3505 1054 3572 255
1073 3496 1146 3572 post
1161 3490 1323 3553 Christum
1337 3512 1394 3575 ap-

346 3591 449 3676 posui.
484 3590 636 3653 Variatur
650 3589 734 3653 enim
752 3591 791 3653 do
806 3597 951 3673 tempore
971 3589 1065 3675 hujus
1085 3598 1183 3673 atque
1202 3590 1394 3675 reliquarum

347 3691 406 3754 sub
428 3690 589 3776 Cypriano
612 3692 803 3775 synodorum
826 3692 859 3754 in
883 3690 1026 3755 Consiliis
1047 3691 1145 3755 oditis.
1190 3693 1340 3757 Ceterum
1353 3694 1395 3757 de

347 3794 468 3877 synodo
494 3793 563 3878 ipsa
589 3794 636 3857 ita
662 3793 773 3857 scribit
798 3792 978 3876 Cyprianus
1003 3793 1035 3855 in
1061 3793 1151 3857 initio
1177 3795 1327 3879 Epistola
1351 3797 1397 3860 ad

348 3895 504 3973 Quintum.
528 3894 645 3958 Retulit
670 3895 714 3958 ad
736 3916 790 3966 mo,
812 3896 922 3977 frater
946 3893 1108 3971 caricam,
1136 3896 1295 3959 Litoioam
1319 3918 1394 3959 oom-

343 3995 499 4081 proclyter
523 4007 621 4060 caster
645 4007 673 4061 to
698 3997 889 4072 desiderasse,
917 4006 951 4059 at
975 3997 1214 4080 significaremus
1239 3997 1294 4061 tili
1319 3998 1396 4083 quid

346 4099 508 4161 sentiamus
527 4099 564 4162 de
583 4098 631 4162 lis
647 4100 702 4183 qai
714 4099 802 4183 epod
818 4098 967 4161 hereticos
981 4107 1008 4160 et
1026 4098 1227 4162 schismaticos
1245 4098 1395 4184 baptizati

346 4200 498 4263 videatur.
543 4201 595 4263 De
616 4223 676 4285 qao
698 4223 731 4264 rs
747 4201 824 4285 quid
839 4221 938 4284 nuper
951 4201 986 4262 ia
1003 4200 1135 4262 Concilio
1151 4199 1285 4282 plurimi
1299 4199 1395 4284 coepi·

345 4302 426 4386 scopi
445 4323 513 4365 oum
536 4301 776 4386 compresbyteris
798 4303 853 4386 qui
871 4303 1001 4366 adsim
1022 4302 1222 4365 minuatione
1240 4310 1274 4363 ot
1293 4301 1395 4376 coires,

346 4401 474 4484 quam
486 4403 635 4488 Epistola
649 4404 813 4488 simplum
826 4403 882 4468 tili
896 4404 976 4467 misi.
1012 4404 1093 4466 Hoec
1108 4402 1160 4465 ille
1174 4402 1216 4465 ad
1232 4400 1393 4482 Quintum.

349 4502 468 4568 Postea
487 4526 562 4567 vero
583 4506 626 4568 ad
649 4505 846 4591 Stephanum
870 4527 995 4589 quoque
1018 4503 1198 4567 Romanum
1220 4509 1254 4566 et
1274 4501 1317 4565 ad
1336 4500 1396 4563 Ju-

347 4606 496 4671 baianum
516 4608 644 4671 casdem
667 4608 761 4672 hasce
782 4607 949 4692 synodales
971 4606 1057 4669 misit
1075 4605 1185 4669 literas
1207 4602 1394 4688 Cyprianus,
