3700 5667
414 669 518 733 SYN.
537 670 769 735 ANTIOCH.
788 670 896 733 ADV.
916 671 1122 735 PAULUM
1144 673 1309 737 SAMOS.
1353 672 1417 737 805

369 838 435 938 τὴν
451 840 578 919 πίστιν
595 840 640 939 ἢν
658 845 716 919 καὶ
741 841 846 925 αὐτὸς
867 840 1042 944 πρότερον
1060 839 1131 945 εἶχε
1153 840 1203 941 μὴ
1223 841 1413 947 φυλάξαν-

369 998 441 1054 τος·
471 972 600 1071 ἔμελλε
619 972 732 1052 δὲκαὶ
752 982 814 1052 νῦν
833 976 853 1052 ό
872 974 1106 1077 Φιρμιλιανδς
1128 982 1175 1058 είς
1194 974 1259 1074 τὴν
1276 973 1417 1054 Ἀντιό-

369 1140 469 1210 χειαν
494 1105 749 1206 διαβήσεσθαι·
779 1111 837 1186 καὶ
863 1108 966 1212 μέχρι
992 1143 1033 1210 γε
1058 1115 1218 1212 Ταρσῶν
1242 1108 1335 1208 ἧκεν,
1355 1108 1416 1188 ἅτε

369 1244 431 1339 τῆς
457 1243 669 1344 ἀρνησιθέου
695 1244 803 1323 αύτοῦ
828 1245 951 1328 κακίας
973 1252 1098 1346 πεῖραν
1120 1244 1287 1348 εἰληφώς·
1317 1242 1418 1323 ἀλλὰ

343 1373 442 1476 ςγᾶρ
460 1375 596 1483 μεταξύ
613 1376 915 1476 συνεληλυθότων
936 1378 1037 1475 ἡμῶν
1055 1381 1114 1457 καὶ
1133 1378 1340 1458 καλούντων
1359 1384 1416 1458 καὶ

367 1509 613 1610 ἀναμενόντων
631 1511 734 1615 ἄχρις
752 1508 796 1589 ἂν
814 1510 917 1617 ἔλθη,
936 1512 1040 1596 τέλος
1058 1512 1144 1616 ἔσχε
1162 1521 1227 1592 τοῦ
1244 1514 1337 1608 βίον.

428 1644 506 1709 Μεθ’
526 1646 613 1726 ἔτερα
633 1644 658 1707 δ’
674 1645 757 1711 αὖθις
776 1646 829 1709 τὸν
851 1647 922 1725 βίον
943 1651 995 1708 τοῦ
1016 1646 1104 1709 αὐτοῦ
1121 1647 1231 1725 (iuquit
1257 1648 1416 1725 Eusebius)

370 1755 434 1821 olas
447 1756 614 1837 ἐτύγχανεν
629 1755 757 1835 ἀγωγῆς,
774 1754 993 1836 διαγράφουσιν
1008 1758 1042 1819 ἔν
1057 1756 1180 1821 τούτοις.

420 1863 606 1946 Ὅπουδέ
634 1864 798 1949 ἀποστὰς
826 1874 890 1945 τοῦ
918 1866 1066 1951 κανόνος
1093 1870 1150 1946 ε’πὶ
1178 1868 1333 1966 κίβδηλα
1361 1870 1420 1945 καὶ

326 1999 460 2080 ιονόθα
478 1999 677 2102 διδάγματα
696 2001 949 2101 μετελήλυθεν,
962 2001 1063 2081 οὐδὲν
1081 2007 1136 2081 δεῖ
1150 2009 1214 2081 τοῦ
1232 2000 1303 2107 ἔξω
1316 2000 1419 2084 ὄντος

370 2134 434 2218 τὰς
455 2131 603 2240 πράξεις
626 2136 766 2238 κρίνειν·
799 2138 871 2214 οὐδ’
892 2134 946 2215 ὅτι
971 2134 1145 2239 πρότερον
1163 2136 1269 2235 πένης
1289 2133 1340 2213 ὧν
1358 2136 1416 2213 καὶ

369 2268 522 2375 πτωχός·
550 2274 609 2349 καὶ
635 2268 724 2369 μήτε
750 2268 849 2373 παρὰ
874 2272 1037 2373 πατέρων
1061 2269 1286 2374 παραλαβὼν
1304 2273 1412 2368 μηδε-

369 2405 455 2501 μίαν
472 2405 649 2506 εύπορίαν,
667 2403 756 2503 μήτε
777 2408 815 2485 ἐκ
841 2405 967 2511 τέχνης
985 2407 1121 2505 ἤτινος
1142 2403 1415 2505 ἐπιτηδεύματος

370 2538 602 2640 κτησάμενος,
622 2549 685 2620 νῦν
712 2547 760 2625 είς
789 2540 1066 2644 ὑπερβάλλοντα
1093 2550 1253 2621 πλοῦτον
1276 2538 1411 2638 ἐλήλα-

326 2700 440 2770 15κεν,
468 2674 511 2779 ἐξ
540 2677 695 2772 ἀνομιῶν
726 2678 785 2753 καὶ
818 2680 1038 2778 ἱεροσυλιῶν,
1068 2679 1125 2756 καὶ
1158 2672 1207 2753 ὧν
1237 2680 1328 2754 αἰτεῖ
1353 2678 1412 2753 καὶ

369 2809 458 2886 σείει
484 2806 566 2891 τοὺς
594 2808 782 2913 ἀδελφούς,
809 2810 1090 2912 καταβραβεύων
1117 2806 1199 2893 τούς
1226 2806 1410 2906 ἀδικουμέ·

370 2977 450 3027 νους
478 2946 535 3021 καὶ
564 2943 845 3047 ὑπισχνούμενος
873 2943 1069 3044 βοηθήσειν
1095 2952 1238 3043 μισθοῦ.
1275 2942 1410 3049 ψευδό·

368 3112 473 3177 μενος
503 3075 540 3156 δὲ
570 3080 629 3156 καὶ
658 3078 812 3176 τούτους,
842 3084 901 3159 καὶ
932 3080 1048 3181 μάτην
1076 3080 1318 3184 καρπούμενος
1349 3076 1414 3175 τὴν

369 3217 441 3290 τῶν
459 3214 497 3290 ἐν
513 3211 728 3313 πράγμασιν
745 3212 859 3292 ὅντων
877 3213 1087 3315 ἑτοιμότητα
1107 3214 1197 3316 πρὸς
1219 3212 1261 3292 τὸ
1280 3209 1414 3291 διδόναι

324 3451 361 3490 20
370 3430 435 3488 dem
457 3450 543 3508 quam
568 3444 654 3491 antea
677 3433 867 3513 profitebatur
918 3432 1040 3493 t'eriuam
1060 3433 1219 3492 doctrinam
1238 3452 1268 3489 se
1286 3441 1414 3489 trauntu-

370 3509 536 3569 violaverat.
572 3512 662 3572 Nuuc
676 3533 792 3591 quoque
803 3513 867 3571 An·
918 3513 963 3579 lit,
985 3513 1110 3571 hominia
1133 3513 1168 3570 ab
1189 3512 1309 3571 ecclesia
1329 3509 1416 3569 alieni

370 3590 506 3648 tiochiam
523 3603 664 3651 venturus
683 3605 745 3652 erat
763 3594 854 3651 Firmi
918 3604 1001 3653 actus
1019 3594 1183 3651 examinare
1201 3591 1273 3649 nihil
1288 3590 1414 3648 attinet:

370 3670 483 3729 lianus:
506 3682 536 3730 et
552 3672 612 3749 jam
633 3674 756 3732 Tarsum
776 3694 868 3751 usque
918 3693 1013 3750 neque
1028 3673 1186 3751 quodcum
1206 3683 1291 3730 antea
1307 3690 1418 3749 pauper

370 3763 550 3830 pervenerat.
593 3754 713 3833 Quippe
729 3755 868 3834 improbi·
918 3776 952 3814 ac
976 3754 1128 3813 mendicus
1155 3763 1240 3819 esset.
1265 3772 1318 3811 nec
1343 3749 1418 3809 ullas

324 3852 340 3890 a
343 3853 359 3909 5
370 3842 459 3890 tatem
479 3833 605 3891 hominis
619 3835 716 3894 Deum
734 3837 868 3913 negantia
916 3834 1036 3894 omnino
1047 3834 1201 3893 facultates
1215 3844 1266 3892 aut
1280 3854 1296 3891 a
1310 3850 1413 3909 paren·

370 3913 560 3972 anteafuerat
569 3926 716 3993 expertus.
734 3916 793 3975 Sed
802 3937 867 3975 cum
918 3918 999 3976 tibus
1026 3916 1142 3974 relictas
1169 3914 1336 3992 accepisset,
1365 3921 1417 3969 aut

370 4011 423 4049 nos
433 3990 493 4067 jam
508 3995 741 4054 convenissemus
750 4019 760 4065 ;
778 3997 868 4055 inter·
918 3997 989 4054 artis
1004 3995 1092 4054 ullius
1110 3995 1251 4055 exercitio
1269 3993 1321 4051 sibi
1338 4012 1417 4049 com-

369 4090 404 4129 ea
418 4070 473 4130 loci
491 4074 561 4131 dum
581 4074 665 4132 illum
685 4076 866 4141 accersimus,
919 4088 1056 4155 parasset,
1070 4096 1148 4134 nunc
1167 4074 1203 4132 ad
1217 4070 1416 4132 incredibilem

370 4151 440 4210 dum
460 4153 523 4229 ejus
542 4154 700 4213 adventum
718 4167 868 4235 exspecta·
919 4155 1099 4234 opulentiam
1119 4154 1262 4232 pervenit,
1282 4172 1334 4229 per
1354 4170 1415 4208 sce·

322 4255 361 4311 30
371 4252 444 4297 mus,
461 4234 533 4292 abiit
546 4254 563 4292 e
578 4234 648 4292 vita.
918 4235 979 4295 lera
1000 4256 1032 4293 ac
1056 4234 1213 4311 sacrilegia,
1235 4233 1417 4306 fratrumque

406 4325 511 4381 Deinde
531 4330 612 4409 paulo
630 4339 700 4398 post,
718 4330 869 4400 cujusmodi
919 4316 1140 4374 concussiones:
1162 4313 1232 4371 dum
1250 4310 1357 4387 injuria
1373 4308 1418 4403 af·

368 4395 448 4450 fuerit
465 4396 582 4453 hominis
598 4400 661 4463 vita,
673 4410 811 4471 exponunt
825 4400 868 4454 his
919 4398 1012 4455 lectos
1028 4395 1146 4473 decipit,
1162 4392 1334 4470 promittens
1352 4408 1416 4466 qur·

368 4464 466 4521 verbis.
919 4476 985 4535 dem
1005 4495 1066 4534 sese
1081 4474 1139 4533 illis
1155 4492 1220 4532 acce
1242 4483 1272 4529 ta
1286 4468 1418 4529 mercede

412 4551 472 4611 Sed
490 4556 625 4630 quoniam
646 4576 662 4612 a
681 4556 748 4615 fidei
769 4556 870 4633 regula
919 4576 1004 4634 opem
1023 4555 1169 4613 laturum:
1197 4494 1300 4611 fallens
1320 4562 1416 4609 autem

323 4633 516 4701 35reccdeua.
531 4634 567 4693 ad
589 4635 718 4714 spuriam
737 4648 768 4695 et
788 4635 869 4693 adul·
920 4636 1008 4713 ipsos,
1030 4647 1060 4694 et
1084 4655 1119 4694 ex
1142 4633 1283 4693 facilitate
1304 4630 1419 4707 litigau-

414 4748 480 4791 VOlr.
497 4752 539 4791 ΙΙΙ,
993 4752 1013 4793 R
1027 4752 1044 4793 Γ
