3700 5667
499 673 564 736 324
829 666 1208 734 ANNOTATIONES

498 840 674 905 luculenter
687 847 824 906 testatus
843 850 892 907 eet
913 840 1048 905 Photius
1067 841 1100 904 in
1115 839 1259 904 Bitlmt.
1277 840 1356 904 eod.
1372 856 1459 904 cm.
1475 862 1556 927 pag.

499 962 574 1026 300.
598 938 679 1005 Vide
700 949 734 1006 et
755 943 850 1008 Joan.
875 943 1063 1008 Damascen.
1088 944 1121 1007 in
1144 938 1266 1028 Ιιαρορο
1288 965 1315 1007 c.
1330 942 1351 1004 i.
1376 943 1418 1004 T.
1436 941 1465 1005 Ι.
1488 941 1555 1026 Op.

498 1066 528 1129 p.
545 1061 618 1128 515.
664 1043 726 1108 Sed
741 1046 848 1109 οὐσίαν
863 1068 922 1131 pro
945 1044 1114 1110 ονοαίαιιοία
1129 1061 1222 1109 sensu
1237 1044 1397 1108 usitatiori
1411 1044 1556 1128 positam

499 1147 606 1211 videas
622 1146 680 1210 sub
695 1147 837 1232 epistolae
853 1148 989 1213 initium.

545 1252 581 1312 P.
597 1269 671 1334 300.
688 1249 708 1313 l.
730 1271 755 1314 r.
773 1251 824 1314 Ex
840 1252 935 1313 Acme
950 1274 988 1312 uu
1005 1249 1115 1312 Proto
1130 1248 1346 1312 Suucerrauer
1362 1246 1433 1330 δια]
1452 1245 1555 1310 Anno

504 1352 595 1436 1833.
612 1374 683 1415 cum
703 1352 807 1416 exacti
825 1352 894 1437 jam
915 1358 1022 1415 essent
1041 1351 1106 1414 sere
1121 1349 1232 1434 viginti
1247 1349 1323 1413 anni
1338 1358 1411 1433 poet
1427 1348 1554 1413 editam

502 1454 584 1517 hanc
599 1462 723 1539 partem
739 1454 955 1538 Reliquiarum
972 1453 1153 1530 Sacramm,
1165 1451 1351 1536 prodierunt
1361 1450 1424 1513 duo
1436 1450 1553 1515 ultima

500 1555 656 1619 volumina
672 1555 858 1620 θοίῑοοίὶοιιιὲς
875 1558 974 1619 Nocoe
989 1557 1179 1640 Scriptorum
1199 1555 1340 1617 Vctemm
1355 1551 1553 1616 eVaticaniu

500 1657 660 1722 codicibus
680 1658 721 1722 ab
739 1658 864 1742 Angelo
880 1658 971 1722 Maio
991 1657 1164 1720 clarissimo
1184 1655 1324 1740 ejusdem
1348 1654 1552 1719 bibliotheca

501 1759 667 1843 praefecto,
698 1767 733 1823 et
769 1759 928 1822 Romanae
964 1757 1104 1822 ecclesiae
1141 1755 1306 1832 cardinali,
1342 1756 1552 1840 deprompto-

500 1882 582 1924 rum.
627 1860 666 1923 In
688 1860 781 1944 hujus
807 1860 911 1945 operis
934 1858 1092 1923 volumine
1116 1857 1301 1942 penultimo,
1323 1878 1380 1920 eeu
1401 1857 1552 1941 septimo,

500 1960 585 2025 inter
596 1961 713 2025 multoe
727 1960 806 2024 alios
818 1970 960 2025 veterum
975 1960 1166 2044 scriptorum
1180 1958 1302 2022 libellos
1317 1980 1399 2022 nunc
1411 1958 1552 2043 primum

500 2063 601 2127 editos
623 2065 746 2148 positus
767 2071 817 2127 est
838 2064 1036 2148 Imperatoris
1056 2062 1231 2125 diocliciani
1251 2062 1363 2124 Contra
1382 2061 1551 2146 Μοιιορίιμ·

499 2164 575 2229 citae
603 2165 785 2237 Ὶλαοίαίιιω
813 2164 932 2249 inquo
956 2163 1113 2227 nonnullae
1138 2162 1230 2226 Pauli
1256 2162 1457 2227 Samosateni
1480 2185 1552 2226 een-

499 2266 610 2330 tentiae
625 2266 666 2329 ab
682 2265 875 2350 imperatore
895 2266 1109 2341 adducuntur,
1123 2264 1173 2326 his
1188 2263 1359 2347 praemiseie
1368 2288 1379 2339 ;
1403 2265 1462 2326 Καὶ
1480 2266 1497 2326 6
1516 2265 1564 2326 ἔν’

501 2372 597 2451 ἁγίοις
615 2372 672 2450 γὰρ
692 2372 841 2449 Κύριλλος
860 2367 991 2451 (praeeul
1013 2367 1064 2430 ille
1084 2364 1321 2429 Alexandrinus
1343 2365 1383 2429 de
1405 2364 1550 2430 incarna-

502 2471 589 2535 tione
611 2469 711 2534 Verbi
735 2469 906 2552 diesereus)
929 2469 991 2533 κατ’
1016 2470 1102 2532 οὐδὲν
1128 2469 1231 2548 ἕτερον
1256 2471 1296 2553 τῷ
1318 2471 1370 2530 rm?
1393 2468 1550 2548 ἆνθρῶπον

502 2573 644 2656 κέχρηται
664 2574 888 2654 παραδείγματι,
905 2572 985 2650 πλὴν
1005 2574 1053 2636 aa
1072 2573 1167 2649 μόνον
1186 2570 1219 2632 τὸ
1240 2572 1384 2647 ἐκβαλεῖν
1399 2567 1453 2646 τὴν
1469 2569 1550 2632 Παύ-

502 2684 559 2738 λου
582 2676 630 2738 καὶ
651 2676 819 2755 Νεστορίον
841 2675 1052 2755 βλασφημίαν,
1070 2678 1129 2735 τῶν
1152 2672 1343 2752 διαιρούντων
1366 2675 1418 2736 τὰς
1443 2673 1550 2751 φύσεις

435 2768 438 2777 ’
502 2778 550 2840 ἀπ’
572 2776 725 2854 ἀλλήλων,
743 2777 791 2838 καὶ
814 2779 856 2841 είς
878 2777 929 2838 δύο
952 2779 1097 2856 πρόσωπα
1121 2775 1215 2855 ἤγονν
1236 2774 1418 2839 ὑποστάσεις
1444 2773 1550 2838 ταύτας

502 2879 732 2956 λαμβανόντων,
743 2878 790 2939 καὶ
802 2879 940 2939 ἐντεῦθεν
951 2879 1002 2940 δύο
1014 2878 1094 2942 υἱοὺς
1106 2878 1154 2940 καὶ
1166 2879 1216 2939 δύο
1228 2877 1375 2958 Χριστοὺς
1387 2877 1548 2956 λεγόντων·

503 2980 558 3041 ένα
576 2979 625 3040 καὶ
641 2977 694 3040 τὸν
713 2979 745 3040 ἐκ
763 2983 816 3040 τοῦ
833 2984 915 3041 Θεοῦ
935 2980 981 3041 καὶ
997 2980 1108 3059 πατρὸς
1122 2982 1195 3042 οἷόν·
1218 2976 1322 3059 ἕτερον
1337 2979 1369 3041 δὲ
1384 2977 1438 3040 τὸν
1454 2978 1485 3039 έκ
1500 2979 1551 3054 τῆς

503 3080 590 3159 ἁγίας
611 3078 761 3158 παρθένου
783 3080 831 3142 καί
854 3081 1006 3142 Θεοτόιιον
1029 3082 1149 3161 Μαρίας
1171 3082 1422 3144 διαπλαττόντων·
1447 3080 1486 3145 ὣς
1503 3081 1551 3141 διὰ

501 3185 588 3242 τοῦτο
611 3181 684 3258 μηδὲ
714 3182 866 3242 Θεοτόκον
890 3180 980 3258 αὐτὴν
1007 3179 1073 3261 παρ’
1100 3182 1195 3245 αὐτῶν
1218 3185 1444 3262 ὁμολογεῖσθαι,
1469 3182 1552 3243 ἀλλὰ

501 3279 555 3342 τὸν
575 3282 606 3358 ἐξ
625 3281 712 3359 αὐτῆς
726 3279 821 3361 ψιλὸν
836 3281 994 3361 ἄνθρωπον
1008 3280 1163 3363 λέγεσθαι,
1179 3282 1277 3364 χάριτι
1292 3284 1325 3345 δὲ
1340 3283 1389 3345 καὶ
1404 3282 1551 3344 οἰκειώσει

503 3382 551 3445 καὶ
566 3381 672 3464 σχέσει
687 3384 722 3469 τῇ
737 3382 807 3463 πρὸς
829 3381 883 3445 τὸν
903 3384 977 3445 κατὰ
997 3383 1090 3463 φύσιν
1106 3384 1171 3447 νίὸν
1185 3388 1235 3461 τῆς
1252 3386 1383 3462 υἱόπγτος
1398 3385 1430 3446 ἐκ
1445 3408 1551 3462 προκο·

501 3487 558 3562 mit
572 3485 723 3562 ἠξιῶσθαι.
741 3484 823 3565 Πρὸς
837 3485 989 3562 ἀπόδειξιν
1004 3486 1036 3546 δὲ
1052 3489 1103 3547 τοῦ
1118 3486 1165 3548 ὅτι
1179 3489 1270 3548 ταῦτα
1285 3487 1376 3550 οὕτως
1389 3482 1549 3564 ἐβλασφή-

501 3611 597 3663 μησεν
622 3587 743 3651 Παῦλός
766 3611 800 3649 τε
823 3588 871 3649 καὶ
894 3589 1058 3665 Νεστόριος
1082 3588 1114 3648 έκ
1136 3592 1195 3650 τῶν
1217 3584 1431 3667 γεγραμμένων
1454 3585 1553 3650 αὐτοῖς

502 3688 652 3764 ἀσεβειῶν
674 3686 781 3766 ὀλίγας
802 3685 1001 3766 παρεθέμεθα,
1024 3687 1078 3766 τὴν
1099 3690 1212 3752 τούτων
1232 3690 1343 3767 μανίαν
1363 3691 1438 3750 πᾶσι
1459 3692 1552 3767 Χρισ-

503 3791 614 3850 τιανοῖς
629 3788 862 3863 στηλιτεύοντες.
886 3786 978 3868 Λέγει
992 3794 1067 3869 γοῦν
1085 3792 1101 3851 6
1120 3789 1236 3868 ἆσεβῆς
1254 3793 1379 3855 Παῦλος
1399 3789 1432 3851 έν
1452 3792 1551 3852 Tol}

504 3891 601 3948 ΠΕΡΙ
625 3891 762 3949 ΑΎΤΟΎ
791 3892 1130 3963 ΠΕΠΡΛΓΜΕΝΟΙΣ,
1155 3895 1389 3954 ΣΎΝΗΛΘΕΝ
1413 3893 1429 3953 6
1454 3892 1553 3972 Λόγος

503 3991 544 4073 τῷ
561 3990 594 4050 έκ
611 3988 713 4067 Δαβὶό
729 3989 785 4052 διο.
801 4011 833 4074 p.
851 4009 923 4073 299.

547 4090 628 4154 Ibid.
643 4090 664 4153 l.
680 4108 728 4169 17.
751 4093 768 4154 6
790 4093 889 4172 Λόγος
909 4092 1016 4170 μείζων
1036 4092 1074 4171 ἦν
1090 4094 1161 4177 ὅποι]
1186 4094 1298 4180 Pergit
1320 4095 1457 4159 scribere
1476 4093 1553 4158 Jun-

502 4191 651 4266 tinianus‚
668 4194 715 4257 καὶ
733 4193 826 4257 πόλιν
840 4195 857 4256 6
873 4193 961 4261 αὐτὸς
976 4194 1092 4274 ἀσεβὴς
1107 4201 1231 4264 Παῦλος
1246 4197 1341 4279 λέγει,
1357 4195 1396 4260 ‘0
1414 4201 1553 4261 ΛΟΓΟΣ

500 4297 607 4375 μείζων
624 4296 661 4376 ἣν
677 4298 733 4360 διο.

547 4399 585 4461 Ρ.
600 4418 676 4481 301.
691 4397 711 4462 l.
724 4417 753 4463 ο.
768 4436 812 4447 -
826 4400 876 4462 ἵνα
889 4397 963 4478 μήτε
979 4401 995 4461 6
1012 4402 1045 4463 ἐκ
1062 4403 1163 4481 Δαβὶδ
1180 4400 1253 4486 δια]
1269 4401 1374 4466 Extat
1389 4401 1474 4485 quod
1489 4407 1556 4464 ter-

501 4499 582 4564 tium
599 4500 739 4564 locatum
756 4509 806 4566 est
826 4501 1042 4586 fragmentum
1060 4523 1125 4564 non
1142 4510 1270 4567 tantum
1287 4504 1320 4566 in
1337 4502 1556 4568 θοοίιιοαίίοιιι

500 4602 546 4664 ad
559 4603 681 4666 Οίονιιιιι
695 4605 760 4665 ΟΡ.
777 4625 848 4688 quae
868 4604 955 4687 apud
973 4604 1122 4682 θοαοίίία,
1138 4615 1171 4669 et
1186 4606 1218 4668 in
1234 4607 1401 4672 Anastasii
1418 4605 1554 4671 Sinaitae
