3700 5667
397 664 462 726 350
740 655 1092 721 ANNOTATIONES

396 831 521 893 risuum
540 836 675 904 vertere,
688 828 917 910 firmiorem,
933 825 1087 910 siquidem
1109 826 1172 889 iste
1191 823 1300 909 potius
1323 826 1455 890 initium

396 940 488 1005 ortus,
505 952 560 993 seu
575 929 800 1012 conceptiones,
816 929 959 991 denotet.
975 949 1005 1011 p.
1024 945 1073 1011 23.
1090 927 1218 990 Dicere.
1234 947 1310 989 suae.

441 1031 476 1094 P.
493 1051 567 1116 311·
583 1031 604 1093 l.
624 1049 653 1110 7.
676 1028 853 1114 ἀξιούντων]
872 1029 991 1092 Locum
1011 1027 1058 1092 ita
1075 1020 1190 1092 Latine
1207 1026 1351 1091 reddidit
1367 1026 1452 1089 Ταν-

396 1132 512 1205 rinnus,
530 1131 619 1214 quasi
646 1138 754 1215 patres
779 1152 868 1192 suem
891 1130 1030 1214 ipsorum
1054 1129 1244 1214 opinionem,
1265 1149 1330 1190 non
1355 1126 1452 1190 Pauli

397 1233 548 1311 ὁμοδόξων
572 1254 711 1295 errorem
737 1231 950 1316 exposuerint.
1006 1231 1082 1294 Men
1109 1251 1184 1294 vero
1210 1229 1373 1292 sententie
1398 1251 1452 1292 res

397 1333 555 1397 contrarie
582 1356 615 1397 ee
640 1335 746 1410 habet,
772 1334 855 1418 quod
882 1343 914 1395 et
938 1331 1032 1415 hujus
1057 1330 1116 1393 loci
1141 1330 1349 1404 constructio,
1373 1336 1409 1393 et
1433 1331 1451 1408 ἡ

397 1437 493 1514 ῥῆσις,
518 1456 588 1518 quae
613 1437 755 1518 proxime
778 1446 852 1519 post
878 1433 1031 1516 sequitur,
1056 1432 1239 1495 ostendunt.
1292 1431 1450 1494 Haeretici

397 1535 515 1598 scilicet
552 1537 749 1613 asserebant,
779 1535 910 1599 verbum
947 1557 1003 1598 seu
1036 1534 1193 1597 rationem
1227 1532 1377 1596 Divinam
1416 1533 1450 1595 in

398 1636 537 1712 Christe,
560 1638 612 1701 οῦκ
634 1639 782 1703 οῦσιωδῶς
804 1639 886 1699 ἀλλὰ
908 1640 983 1699 κατὰ
1005 1638 1146 1714 ποιότητα
1168 1634 1373 1709 existentem,
1396 1656 1449 1697 ra·

397 1737 477 1800 tioni
501 1738 532 1800 in
557 1738 648 1800 nobis
673 1738 819 1801 humente
844 1740 1046 1818 ἀντίστροφον
1069 1760 1148 1801 esse.
1193 1737 1256 1800 Sed
1278 1736 1383 1800 locum
1408 1738 1450 1800 de

396 1838 535 1903 ecclesiae
559 1840 709 1923 dogmate
734 1837 880 1921 exposuit
905 1840 991 1901 Hen.
1015 1837 1172 1912 (lenisius,
1194 1861 1257 1922 qno
1282 1839 1449 1902 confertur

396 1939 503 2003 unitas
518 1961 660 2024 personae
677 1940 812 2002 hominis
830 1939 997 2003 exterioris
1011 1948 1045 2002 et
1060 1939 1219 2002 interioris
1233 1961 1303 2002 cum
1320 1939 1449 2002 unitate

322 2025 325 2028 Δ
396 2063 538 2124 personne
560 2041 619 2103 Dei
636 2040 736 2103 Verbi
757 2049 791 2104 et
812 2040 1031 2104 humanitatis.
1077 2043 1149 2118 Qua
1163 2041 1203 2104 de
1218 2062 1253 2102 re
1268 2040 1337 2125 egit
1353 2041 1449 2104 Gele-

395 2141 469 2216 sius,
485 2141 569 2206 Ado.
584 2140 712 2225 Eutycl.
729 2150 762 2205 et
777 2143 952 2204 Nestorium
967 2164 997 2224 p.
1013 2144 1087 2224 565.
1103 2141 1189 2225 npud
1204 2139 1351 2203 Biblioti.
1369 2142 1446 2204 ΡΡ.

397 2243 499 2306 Paris.
517 2264 524 2304 ι
532 2245 607 2326 589.
623 2249 699 2305 tom.
710 2243 750 2304 iv.
782 2242 889 2306 Aliter
904 2264 988 2318 vero,
1001 2250 1038 2305 ut
1053 2243 1130 2319 dixi,
1145 2244 1333 2327 exponendo
1348 2245 1448 2307 verba

396 2344 551 2408 videntur.

441 2445 520 2508 lbid.
538 2447 557 2509 l.
574 2468 604 2529 9.
626 2444 644 2524 ἢ
667 2446 700 2508 τδ
724 2447 888 2530 ἐνοικῆσαι]
910 2447 1016 2509 Ponns
1038 2446 1106 2509 haec
1126 2447 1224 2508 verbe.
1242 2446 1382 2529 pendere
1404 2468 1446 2509 ex

395 2548 467 2624 illis,
483 2551 515 2613 τί
531 2552 563 2613 δὲ
583 2551 727 2626 βούλεται
743 2550 799 2612 διο.
821 2556 890 2613 tum
911 2547 1177 2625 additamentum,
1194 2548 1242 2610 καὶ
1260 2545 1324 2625 μεθ’
1346 2548 1444 2628 ἔτερα,

395 2649 505 2712 abesse
525 2650 666 2713 deberet.
713 2650 773 2713 Ait
793 2649 830 2712 cl.
848 2649 991 2723 Ehrlich,
1006 2649 1061 2712 ubi
1080 2671 1186 2733 supra,
1202 2649 1322 2712 “Ante
1340 2649 1375 2712 τὸ
1393 2672 1441 2714 re-

397 2757 418 2786 “
428 2758 521 2834 petas
536 2753 566 2813 τί
577 2753 752 2830 eceterae?
797 2753 945 2816 Ceterum
961 2750 1087 2835 legebat
1102 2751 1134 2813 in
1149 2751 1256 2815 codice
1272 2772 1330 2813 suo
1345 2751 1444 2815 inter-

396 2871 469 2932 pres
485 2853 511 2913 εί
526 2871 587 2911 non
602 2849 629 2928 ἢ,
646 2852 699 2912 sed
716 2874 894 2935 perperam.

440 2952 477 3012 P.
494 2969 567 3032 312.
586 2950 606 3012 l.
625 2970 652 3012 2.
678 2954 738 3014 Καί
757 2978 803 3016 τοι
825 2956 933 3037 φησὶν]
958 2952 1010 3016 Sic
1030 2954 1106 3016 MS.
1124 2951 1213 3015 Bodl.
1260 2952 1378 3017 Latina
1397 2954 1444 3016 in-

396 3057 477 3135 terp.
493 3050 600 3127 habet,
617 3051 730 3115 dicunt.
766 3055 826 3117 Ait
841 3076 916 3117 vero
932 3054 968 3118 cl.
980 3054 1121 3117 Ehrlich.
1138 3055 1233 3134 φησὶν
1245 3076 1279 3117 se
1294 3055 1443 3138 probare,

396 3152 471 3235 quie
486 3152 635 3237 episcopi,
650 3161 688 3217 nt
708 3177 747 3217 ex
763 3154 854 3218 initio
873 3155 1041 3239 fragmenti
1062 3156 1170 3239 liquet,
1188 3156 1287 3217 solum
1305 3155 1443 3218 Paulum

395 3253 575 3338 loquentem
596 3256 724 3319 facient.
766 3258 820 3319 Ad
841 3258 900 3320 hoc
920 3265 1007 3320 recte
1027 3256 1153 3330 statuit,
1170 3256 1352 3339 ponendum
1372 3278 1442 3320 esse

394 3360 453 3420 vlol
467 3380 526 3442 pro
539 3359 631 3434 νίοὺς,
648 3359 805 3442 quomodo
820 3360 918 3423 vertit
934 3359 1100 3443 interpres.

440 3460 523 3524 lbid.
540 3460 559 3522 l.
575 3480 606 3543 3.
629 3461 691 3525 vids
713 3463 745 3523 δὲ
768 3461 816 3522 καὶ
837 3461 855 3537 ἡ
878 3459 990 3543 σοφία]
1011 3461 1059 3523 At
1079 3459 1193 3534 rarius,
1211 3458 1335 3542 opinor,
1351 3457 1442 3542 Sapi.

395 3562 513 3626 entiam
536 3585 589 3625 seu
612 3564 749 3626 Verbum
767 3562 828 3625 Dei
852 3563 977 3625 nomine
999 3562 1070 3625 Filii
1094 3561 1153 3624 Dei
1175 3560 1335 3644 appellere
1357 3562 1442 3623 Pau-

394 3661 469 3724 linni
500 3663 557 3745 ipsi
588 3672 826 3726 consueverunt.
878 3664 973 3727 Certe
1003 3663 1197 3727 Photiniane
1225 3661 1359 3747 gemelle
1387 3661 1442 3724 illa

394 3763 523 3825 haerosis
545 3764 632 3846 prius
655 3765 798 3827 extitisse
814 3764 970 3841 Verbum,
985 3767 1025 3829 de
1047 3766 1129 3828 Filio
1149 3767 1209 3828 hoo
1232 3772 1360 3848 negato,
1375 3770 1441 3827 sto-

395 3862 516 3927 tuebat.
564 3865 643 3927 Vide
663 3865 877 3948 Epiphaninm
900 3869 988 3931 Hoer.
1005 3867 1081 3929 lxxi.
1098 3889 1127 3928 n.
1147 3889 1175 3929 e.
1196 3874 1229 3929 et
1248 3886 1278 3943 4.
1326 3862 1441 3946 ltaque

395 3963 546 4027 damnare
576 3965 780 4028 anathemate
813 3989 847 4029 se
879 3967 970 4029 aiunt
1000 3965 1161 4049 Ancyrani
1197 3965 1441 4027 samosatenum

396 4067 542 4143 Paulum,
557 4067 697 4151 aliosque
718 4068 894 4131 consimiles
911 4068 1087 4141 haereticos,
1104 4068 1149 4129 ὅτι
1163 4067 1203 4144 μὴ
1221 4069 1368 4146 φρονοῦσι
1386 4065 1440 4128 τὸν

392 4170 458 4232 υἱδν
473 4175 525 4231 τοῦ
541 4175 622 4234 Θεοῦ
637 4169 726 4232 αὐτὸν
743 4169 881 4232 εἶναινῦν
898 4170 1008 4248 Λόγον,
1025 4171 1107 4231 ἀλλὰ
1127 4172 1290 4247 διαιροῦσιν
1311 4168 1439 4246 ἀλόγως,

394 4273 441 4334 καὶ
456 4272 551 4353 ἀρχὴν
566 4272 606 4355 τῷ
622 4274 674 4355 υἱῷ
689 4276 819 4334 διδοῦσιν
835 4271 893 4333 ἀπὸ
913 4275 963 4349 τῆς
984 4274 1016 4333 ἐκ
1038 4273 1156 4348 Μαρίας
1175 4272 1248 4332 κατὰ
1266 4268 1364 4346 σάρκα
1386 4295 1437 4349 γε·

393 4372 513 4444 νέσεως,
529 4378 792 4451 βλασφημοῦντες·
821 4374 866 4434 ὅτι
888 4374 956 4435 οῦδὲ
979 4374 1062 4435 Θεὸν
1084 4372 1227 4449 ἀλήθινον
1248 4371 1337 4433 αὐτὸν
1360 4371 1438 4435 εἶναι

391 4474 591 4536 πιστεύουσιν.
624 4472 756 4555 Eugenii
774 4473 906 4536 Diaconi
922 4474 1047 4557 Leontio
1061 4475 1106 4537 od
1118 4473 1335 4546 Athanasium,
1349 4474 1436 4555 opud

393 4572 611 4636 Montleucon.
631 4573 746 4636 Collecl.
763 4576 838 4635 ΡΡ.
857 4576 956 4638 Grec.
972 4584 1049 4640 tom.
1067 4576 1097 4640 ii.
1118 4599 1149 4658 p.
1168 4597 1196 4659 3.
1243 4576 1305 4639 Sed
1326 4584 1435 4639 temen
