3700 5667
553 656 617 718 400
687 654 872 719 FRAGM.
895 655 1045 718 EPIST.
1071 655 1289 719 DIONYSII
1314 658 1465 721 ALEX.

963 940 1010 1001 Da
1024 960 1109 1023 opera
1123 938 1187 1022 ipsa

838 1070 920 1135 Haec
935 1072 1046 1137 rotulit
1062 1075 1094 1136 S.
1107 1074 1307 1138 Athanasius.

592 1246 709 1298 Airuircs
738 1246 913 1320 (Dionysius)
938 1248 999 1304 τοὺς
1022 1246 1187 1304 κατειπόντος
1209 1248 1298 1310 αὐτοῦ,
1323 1246 1357 1303 ὥς
1378 1249 1414 1317 μὴ
1438 1250 1604 1322 ὁλοκλήρως

553 1346 618 1420 (for,
635 1348 797 1423 ὁλοκλήρως)
816 1351 951 1421 λέγοντος,
970 1350 1040 1404 ἀλλὰ
1056 1353 1256 1422 περικόπτοντος
1276 1351 1357 1404 αὐτοῦ
1374 1352 1421 1408 rda
1438 1355 1536 1424 λέξεις,
1556 1358 1601 1410 καὶ

552 1454 586 1510 ὥς
602 1454 638 1522 μὴ
657 1456 722 1520 καλῇ
740 1453 888 1522 συνειδήσει
906 1454 977 1508 ἀλλὰ
994 1459 1102 1525 πονηρᾷ,
1123 1458 1267 1509 λαλοῦντος
1286 1455 1320 1510 ὣς
1340 1457 1459 1512 atavos.
1487 1459 1602 1517 τούτους

551 1579 579 1611 τε
601 1555 701 1612 τούτοις
721 1557 847 1625 ἀπεικάζει
870 1561 926 1615 τοῖς
947 1560 995 1615 τὰς
1015 1561 1063 1611 τοῦ
1083 1558 1207 1630 μακαρίου
1228 1560 1381 1613 ἀποστόλου
1405 1561 1601 1626 διοβύλλουσιν

551 1663 875 1733 ς’πιστολάς.-·-ἆμέλςι
889 1666 931 1718 καὶ
947 1665 1014 1736 πρὸς
1029 1664 1139 1718 ἕκαστον
1156 1670 1207 1720 τῶν
1227 1665 1278 1717 ὑπὸ
1295 1670 1347 1718 τῶν
1365 1669 1514 1739 κατηγόρων
1528 1670 1600 1741 εἶρῃ.

551 1771 633 1838 alvom
659 1768 787 1832 ἀπαντῶν,
810 1770 893 1823 πάντα
919 1770 953 1822 τὰ
978 1769 1038 1840 παρ’
1061 1770 1146 1824 ούτῶν
1168 1771 1353 1842 προφερόμενος
1375 1769 1520 1842 θεραπεύει·
1556 1776 1601 1828 καὶ

551 1868 695 1937 Σοβςλλιον
712 1874 759 1943 μὲν
774 1873 802 1926 ἐν
819 1872 923 1927 ἐκείνοις
940 1873 1009 1943 (scil
1022 1878 1050 1930 in
1062 1878 1136 1947 priua
1153 1872 1271 1947 scriptis)
1286 1873 1432 1946 ἆνοτρὰςςι,
1451 1876 1479 1930 ἐν
1493 1876 1601 1934 τούτοις

551 1978 580 2032 dd
593 1978 723 2032 δείκνυσιν
736 1980 880 2048 ὁλόκληρον
893 1979 986 2031 ἑαυτοῦ
999 1977 1046 2045 τὴν
1059 1976 1155 2044 εὐσεβῆ
1169 1978 1269 2032 πίστιν.
1294 1984 1338 2036 De
1349 1983 1482 2036 Sententia
1493 1983 1599 2052 Diony.

551 2079 595 2142 sii,
608 2095 675 2132 num
687 2078 741 2132 xiv.
754 2082 781 2147 p.
796 2092 857 2147 253.

588 2270 716 2330 Queritur
745 2271 840 2325 deinde
867 2270 1049 2343 (Dionysius),
1100 2271 1177 2325 Certa
1189 2272 1302 2342 siugulis
1314 2280 1498 2325 accusatorum
1508 2271 1599 2326 verbis

551 2341 625 2423 quod
642 2350 806 2395 accusatores
825 2341 968 2394 sententiaa
987 2359 1049 2395 suas
1098 2358 1249 2422 occurrens,
1266 2341 1391 2423 omnibus
1407 2358 1499 2421 eorum
1517 2358 1599 2412 argu-

551 2410 1048 2543 suusmtatslhra:
1098 2410 1599 2561 scissurarum&

551 2550 599 2605 sed
615 2568 641 2603 m
700 2568 749 2620 pro
764 2550 873 2604 libidine
888 2552 1048 2621 loquantum
1098 2559 1133 2603 trs
1151 2551 1304 2631 planissime
1322 2549 1530 2612 confutant,his
1548 2568 1598 2631 po-

551 2620 731 2692 quossimilas
743 2620 885 2674 sitbeatia
935 2620 1050 2689 toliapi·
1098 2620 1253 2673 stenoribua
1277 2619 1358 2674 iidem
1385 2636 1463 2673 suam
1486 2637 1599 2674 omnino

552 2691 680 2744 stolarum
698 2691 880 2744 calumniatori
900 2708 1049 2744 us.—-
1098 2691 1170 2759 piam
1182 2689 1304 2743 declarat.

967 2965 1186 2998 ,ψ

592 3236 669 3308 Qua
688 3254 775 3312 supra
792 3236 887 3314 posita
904 3247 974 3294 suut
988 3236 1154 3295 testimonia
1172 3250 1258 3297 recta
1272 3237 1340 3296 fidei
1355 3236 1489 3315 Dionysii
1504 3235 1598 3295 Alex-

551 3342 674 3411 andrini,
694 3362 728 3400 ea
752 3341 901 3419 exipsius
923 3341 1058 3420 Epistola
1081 3342 1302 3421 Quadripartita
1327 3342 1469 3400 maximus
1493 3341 1597 3400 doctor

550 3448 730 3507 Athanasius
754 3446 885 3504 adduxit.
928 3446 994 3503 Jam
1019 3467 1096 3513 vero,
1120 3467 1185 3504 cum
1212 3447 1273 3504 viro
1299 3446 1406 3505 eximio
1431 3445 1597 3503 Mosheruio

550 3555 644 3612 visum
660 3552 750 3610 fuerit
766 3552 874 3610 crimen
889 3552 966 3611 ferre
987 3553 1017 3609 in
1032 3551 1155 3609 eundern
1173 3551 1347 3629 Dionysium
1364 3548 1513 3607 dividendi
1528 3570 1598 3627 per.

551 3677 648 3715 sonam
665 3655 785 3719 Christi,
801 3676 886 3712 nemo
905 3656 973 3712 ideo
991 3655 1062 3712 mihi
1082 3665 1257 3720 succenseat,
1273 3652 1350 3731 quod
1368 3653 1477 3729 aliquid
1491 3652 1527 3710 de
1542 3655 1597 3712 hac

549 3759 730 3817 accusatione
765 3758 948 3835 subjungam.
1005 3760 1038 3816 ln
1071 3759 1287 3818 Commentariis
1322 3758 1382 3815 suis
1417 3758 1463 3815 De
1497 3758 1596 3816 Rebas

552 3861 781 3921 Christianorum
803 3870 870 3919 ante
894 3861 1110 3920 Constantinam
1128 3862 1173 3920 M.
1192 3863 1264 3922 Soec.
1281 3864 1341 3921 111.
1360 3862 1387 3936 ξ.
1403 3863 1507 3921 xxxiii.
1526 3883 1594 3941 pag.

551 3965 619 4033 697.
639 3986 704 4024 cum
726 3964 847 4024 dixisset
869 3965 1053 4026 doctissimus
1073 3980 1184 4037 auctor,
1202 3969 1253 4046 qui
1275 3967 1439 4027 Sabelliana
1459 3967 1595 4046 dogmata

549 4070 752 4147 explicaverat,
775 4070 970 4129 Athanasium
994 4071 1105 4149 aliquot
1127 4074 1261 4152 Dionysii
1284 4072 1354 4131 locis
1380 4071 1500 4150 prolatis
1524 4073 1596 4131 satia

548 4177 624 4236 clare
642 4175 813 4241 ostendisse,
828 4177 906 4234 hunc
919 4187 1031 4256 patrem
1047 4178 1223 4235 Asianorum
1243 4177 1332 4235 errori
1348 4175 1385 4234 dc
1402 4176 1519 4234 Christo
1533 4197 1593 4234 non

548 4281 695 4339 addictum
715 4299 786 4348 esse,
805 4280 900 4357 pergit
918 4280 1060 4339 scribare:
1084 4290 1102 4312 ‘⁴
1121 4280 1163 4339 Ut
1179 4300 1248 4338 vero
1267 4281 1448 4339 Athanasius
1469 4279 1594 4357 diligen.

548 4384 693 4441 “tissime
716 4383 900 4462 Dionysium,
924 4384 1007 4459 cujus
1031 4396 1210 4443 sacrosancta
1235 4396 1297 4442 erat
1321 4382 1507 4442 Alexandria
1531 4403 1592 4442 me·

549 4496 568 4518 ‘⁴
583 4487 681 4552 moria,
691 4486 777 4551 tueri,
787 4486 979 4562 omnibusque
993 4486 1114 4545 maculis
1129 4486 1249 4546 liberare
1264 4486 1390 4553 studeat,
1405 4485 1593 4544 manifestum

550 4599 567 4623 ¹‘
584 4604 680 4649 tamen
702 4591 756 4648 erit
775 4591 880 4656 omnia,
895 4611 959 4667 quac
977 4591 1012 4649 ad
1031 4594 1246 4651 excusationem
1263 4593 1326 4668 ejus
1348 4592 1487 4670 disputat,
1508 4613 1593 4650 accn.
