3700 5667
377 725 382 733 ,
409 659 460 722 IN
479 660 511 723 S.
527 659 717 722 DIONYS.
735 659 882 722 ALEX.
899 661 969 723 ΕΡ.
989 661 1053 724 ΑΙ)
1071 661 1276 727 BASILID.
1321 668 1386 732 aar

346 826 479 891 Scholiis
502 825 622 890 Greeoir
646 825 846 889 Bulsumonis
868 828 1075 911 Zonaraeque.
1119 829 1257 913 Jamque
1283 839 1388 896 muta·

345 930 463 994 tionem
478 928 560 992 bano
575 935 686 991 tuetur
698 929 865 992 Pedalium
880 929 956 993 illud
972 953 992 993 a
1007 930 1127 994 Graeois
1142 954 1243 1016 nuper
1257 933 1391 1011 editum,

344 1052 399 1094 seu
417 1029 562 1094 Oanones
582 1029 705 1093 Graeoae
728 1029 879 1104 ecolesiae,
895 1031 929 1092 in
952 1030 1065 1114 quibus
1086 1031 1229 1117 Dionysii
1245 1033 1390 1117 Epistola

345 1153 415 1195 eum
430 1133 490 1194 hoe
506 1131 602 1194 verbo
618 1131 795 1198 ἐπέστειλας
809 1132 931 1216 incipit.

388 1232 425 1296 Ρ.
444 1250 517 1316 223.
538 1232 557 1294 l.
577 1250 626 1314 15.
650 1233 900 1310 άπσνηστίζεσθαι
924 1233 981 1318 δεῖ]
1003 1232 1191 1318 Hesychius,
1214 1233 1391 1314 Ἀπονηστέ-

346 1339 467 1398 σασθαι.
490 1333 523 1395 τὸ
543 1333 602 1396 ἀπὸ
625 1335 762 1411 νηστείας
784 1335 831 1397 ἐπὶ
851 1336 969 1415 πρώτην
983 1334 1110 1419 [τροφὴν
1124 1335 1172 1397 vel
1186 1336 1313 1415 βρωτὺν,
1331 1334 1390 1397 Al·

345 1435 437 1499 berto
456 1435 571 1519 placet,
591 1435 762 1498 Pearsonio
782 1437 911 1522 βρωπύν]
937 1439 1048 1499 ἐλθεῖν.
1079 1435 1152 1519 lpse
1174 1437 1271 1500 etiam
1291 1435 1390 1513 loeus,

345 1560 438 1622 quem
453 1559 518 1621 pne
540 1537 686 1600 nranibus
709 1537 874 1613 habemus,
889 1537 973 1600 buno
994 1559 1120 1601 sensum
1137 1537 1312 1600 necessario
1334 1560 1388 1601 ex-

345 1640 411 1725 igit,
423 1640 456 1703 in
471 1662 535 1724 quo
550 1639 723 1723 Dionysius
738 1661 771 1702 se
786 1639 1017 1725 interrogatum
1032 1639 1157 1713 asserit,
1171 1641 1245 1703 Καθ’
1259 1639 1296 1716 ἡν
1311 1642 1392 1721 ὥραν

347 1741 596 1819 ἀπονηστέζεσθαι
611 1745 658 1803 δεῖ
670 1740 724 1818 τὴν
738 1746 790 1802 τοῦ
806 1740 922 1823 Πάσχα
940 1740 1062 1821 ἡμέραν.
1101 1739 1173 1802 Ηοο
1193 1747 1254 1817 est,
1270 1762 1333 1803 non
1354 1747 1391 1805 ut

347 1844 509 1906 Hervetus
535 1841 642 1916 vertit,
667 1843 727 1926 qaut
753 1841 826 1905 bord
849 1841 913 1905 dies
936 1841 1065 1905 Pasoltae
1088 1842 1130 1904 ait
1145 1840 1344 1924 jqianaadus,
1365 1842 1393 1906 is

347 1944 430 2009 enim
445 1966 606 2029 nunquam
618 1942 739 2027 jejunio
754 1950 902 2027 pernotus
916 1943 997 2014 fuit;
1023 1942 1090 2018 sed,
1105 1949 1143 2008 ut
1157 1964 1215 2006 nos
1230 1942 1393 2021 vertimus,

350 2047 416 2125 Qud
437 2045 510 2109 bord
532 2045 595 2109 diei
615 2045 744 2109 Pasoltoe
759 2045 915 2129 jejunitas
935 2044 1106 2109 νσίνσιιάνια
1128 2055 1179 2108 est.
1225 2044 1390 2122 Nimirum,

348 2153 445 2232 quotu
463 2148 541 2211 hort
556 2147 711 2232 jejunium
730 2155 807 2211 ante
822 2146 979 2211 Pascbale
997 2146 1232 2212 terminandum
1250 2154 1311 2223 est,
1326 2170 1393 2212 ves·

347 2273 422 2335 pere
436 2251 635 2335 praecedente
651 2250 837 2314 Paschalem
859 2249 1086 2327 celebritatem,
1102 2271 1144 2315 an
1164 2249 1207 2313 ad
1225 2249 1300 2335 galli
1319 2270 1393 2313 eau-

347 2361 427 2429 tum,
443 2374 485 2416 an
499 2352 561 2416 alio
576 2359 738 2436 tempore;
764 2360 800 2416 ut
822 2374 861 2415 ex
882 2351 920 2414 iis
941 2358 1165 2436 constatque
1185 2351 1218 2414 in
1238 2351 1299 2415 hae
1314 2350 1391 2435 Epi-

348 2454 433 2518 stola
459 2461 647 2538 sequuntur.
682 2453 887 2516 stunnorus.
946 2454 1011 2515 Pro
1039 2453 1094 2516 illo
1122 2453 1176 2531 τὴν
1204 2457 1257 2514 τοῦ
1287 2451 1409 2535 πάσχα·

346 2556 459 2637 ἡμέραν
474 2579 513 2620 ex
528 2555 673 2619 omnibus
688 2555 766 2618 meis
780 2554 940 2618 codicibus
957 2561 1073 2638 praetor
1088 2556 1215 2618 Beroea
1230 2554 1304 2618 daos
1322 2554 1392 2638 158.

348 2666 381 2722 et
397 2677 469 2741 205.
490 2662 525 2744 τῇ
545 2663 597 2720 τοῦ
617 2657 722 2740 πάσχα
738 2659 894 2737 περιλύσει
908 2657 1042 2740 reposui.
1089 2656 1282 2741 Legiturque
1297 2655 1391 2728 idem,

348 2767 386 2823 ut
400 2767 493 2823 notat
510 2759 551 2823 ud
571 2780 671 2843 marg.
687 2759 736 2822 ed.
752 2780 817 2822 suae
835 2758 1038 2822 omeliarum
1053 2757 1249 2834 Harduinus,
1265 2758 1298 2821 in
1318 2757 1392 2822 MS.

348 2860 427 2946 Reg.
453 2860 544 2943 1038.
574 2859 717 2944 aliisque.
775 2859 836 2925 Est
863 2868 983 2936 autem,
1013 2858 1117 2943 inquit
1145 2859 1214 2935 ille‚·
1237 2863 1394 2941 περὶλνσις

348 2961 453 3044 πάσχα
469 2960 575 3025 solatio
591 2961 744 3046 ραασΙιαίιζι
752 2961 876 3045 jejunii.
922 2961 968 3024 Et
981 2961 1136 3046 ραισλανιζι
1149 2982 1257 3025 vooem
1273 2983 1336 3025 uon
1350 2961 1393 3026 ad

348 3064 433 3127 diem
448 3064 610 3148 paschatis
626 3070 678 3126 τοῦ
693 3065 900 3142 ἆναστασιμοΰ
914 3063 1153 3148 significandam
1168 3063 1323 3138 adhiberi,
1336 3064 1393 3127 sed

348 3165 446 3230 etiam
465 3169 503 3229 ed
519 3165 678 3250 designari
699 3164 909 3249 septimanam
931 3172 1086 3242 sanctam,
1102 3166 1242 3230 ostendit
1259 3167 1394 3250 Rapta

344 3290 413 3331 som
435 3268 591 3331 decimum
614 3266 773 3332 Timothei
796 3266 902 3350 Epist.
925 3267 1100 3330 Alexandr.
1123 3289 1155 3351 p.
1175 3270 1244 3349 167.
1267 3275 1345 3331 tom.
1360 3267 1393 3330 ii.

349 3370 504 3454 Symdiei.
557 3369 637 3432 Vide
662 3376 696 3432 et
721 3368 963 3452 Albuspinaeum
988 3369 1038 3431 De
1069 3366 1224 3432 Veteribus
1248 3368 1394 3433 Ecclesia

349 3471 481 3536 utute.
506 3471 558 3534 lib.
583 3472 613 3534 I.
638 3470 768 3534 Observ.
787 3469 848 3533 xvi.
874 3471 902 3550 ἡ.
928 3489 978 3553 19.
1003 3468 1056 3554 qui
1081 3468 1267 3534 Tertulliani
1291 3470 1395 3534 loeum

350 3573 508 3656 quendam
525 3572 585 3634 hae
601 3572 640 3635 de
655 3594 690 3635 re
704 3578 821 3635 testem
840 3569 985 3634 adduxit.
1031 3569 1094 3634 Sed
1115 3577 1148 3634 et
1168 3570 1250 3634 hano
1270 3592 1395 3654 quoque

349 3671 1393 3758 observationempraeooeupavisseooteleriumedomatusput.

350 3795 433 3838 nuno
448 3776 678 3851 animadverto,
689 3774 743 3859 qui
758 3775 799 3838 ad
812 3774 870 3837 loo.
885 3774 981 3837 modo
992 3774 1166 3838 adductum
1181 3773 1249 3838 haee
1260 3773 1393 3838 notavit.

349 3875 518 3940 “Initium
540 3876 634 3960 hujus
655 3876 798 3961 epistolae
820 3875 1031 3940 Alexandrini
1055 3875 1199 3961 Dionysii
1223 3877 1394 3959 proferam,

349 3986 370 4015 ‘⁶
386 4000 449 4061 qno
464 3978 558 4041 modo
569 3978 601 4041 in
614 3978 710 4042 MSS.
726 4000 789 4041 non
804 3978 912 4062 paneis
923 3979 1028 4062 jacet:
1047 3976 1244 4043 Ἐπέσπειλάς
1257 4003 1394 4057 μοι-
1471 4016 1473 4020 -

350 4088 369 4116 “
385 4082 421 4166 τῇ
435 4086 488 4143 τοῦ
502 4081 608 4162 πάσχα
622 4078 787 4161 παραλύσει.
812 4080 915 4165 Vulgo
930 4080 984 4158 τὴν
997 4084 1048 4142 τοῦ
1063 4078 1169 4161 πάσχα
1182 4080 1305 4160 ἡμέραν.
1330 4080 1394 4142 Est

351 4193 370 4214 “
386 4182 541 4262 περέλνσις
558 4188 610 4245 τοῦ
624 4181 739 4264 πάσχα,
760 4181 866 4245 solatio
878 4181 1036 4266 paschali}
1047 4179 1171 4263 jerittit'.
1188 4183 1241 4244 τὰς
1255 4185 1314 4242 τῶν
1328 4179 1395 4242 dot·

351 4295 370 4316 ‘'
386 4289 456 4347 πιῶν
472 4282 623 4350 έπιλύσεις
642 4283 782 4368 appellat
798 4283 958 4347 Eusebius
973 4283 1061 4347 Hist.
1076 4281 1097 4345 i.
1113 4299 1163 4366 23.
1186 4279 1395 4365 frequentius-

350 4393 369 4422 “
384 4407 446 4470 que
465 4386 507 4450 ad
525 4386 608 4450 hune
628 4407 753 4450 sensum
774 4387 860 4472 apud
880 4386 1011 4450 Graeoos
1028 4384 1125 4448 verba
1144 4382 1306 4463 περιλύειν,
1322 4384 1395 4446 ᾶπα-

350 4494 370 4525 '‘
384 4486 479 4561 λύειν,
496 4486 638 4561 ἐπιλύειν,
656 4487 841 4551 καταλύειν.”
885 4485 1016 4552 Retinet
1030 4484 1127 4549 verba
1144 4485 1199 4564 πὴν
1217 4488 1270 4548 τοῦ
1289 4481 1396 4566 πάσχα

348 4589 461 4670 ἡμέραν
476 4589 644 4654 Pedalium
663 4588 840 4654 Groemram
854 4608 964 4652 reeens
979 4585 1109 4652 editum.
