3700 5667
400 698 443 761 aa
746 672 1098 761 sunonlnroun‘s

400 866 590 941 nominibus,
606 864 655 929 vel
669 865 755 952 quod
768 867 810 930 ab
829 866 868 930 iis
886 866 1084 952 appellandis
1104 867 1341 934 abhorruerint.
1387 869 1450 936 Ne-

400 989 461 1053 que
482 967 599 1032 certius
624 967 791 1052 epistolam
816 968 913 1033 istam
935 975 1116 1033 truncatam
1138 970 1278 1054 probant
1299 971 1450 1056 specialia

399 1070 555 1154 quaedam,
584 1091 655 1153 quae
682 1094 703 1134 a
727 1068 886 1154 Cypriane
911 1078 1093 1149 narrantur,
1116 1093 1174 1135 nec
1199 1071 1233 1134 iu
1258 1072 1320 1136 hac
1345 1074 1450 1158 expri-

399 1179 542 1248 muntur,
557 1172 597 1236 ds
612 1171 802 1236 Nicostrato
826 1177 859 1236 et
881 1172 1029 1237 Evaristo
1051 1173 1221 1256 adjuncta:
1245 1196 1319 1238 cum
1338 1196 1379 1239 ea
1397 1175 1450 1240 ille

398 1273 569 1358 Nicephori
591 1295 646 1337 ore
668 1272 809 1357 potuerit
831 1272 980 1337 ediscere.
1027 1273 1113 1338 Huic
1134 1296 1230 1359 porro
1252 1275 1285 1339 iu
1303 1275 1449 1342 Africam

399 1377 563 1441 festinanti
579 1377 716 1461 primum
736 1375 804 1439 sola
825 1375 948 1439 tradita
967 1382 1017 1439 cst
1040 1375 1109 1440 haee
1132 1376 1278 1460 epistola.
1323 1377 1448 1444 Deinde

398 1500 471 1542 cum
500 1478 533 1541 in
557 1478 722 1563 procinctu
752 1483 846 1553 esset,
873 1476 902 1539 ei
929 1482 964 1540 et
989 1477 1183 1561 subsequens
1208 1478 1361 1562 adjuncta
1386 1487 1446 1546 cst.

399 1579 580 1664 Utramque
602 1601 677 1643 vcro
703 1578 794 1642 simul
819 1578 962 1664 pertulit.
985 1581 1161 1642 Cousrssn.
1207 1580 1290 1643 Haec
1311 1581 1447 1665 epistola

398 1683 431 1745 in
446 1683 592 1746 omuibus
606 1682 671 1745 sere
687 1682 847 1746 codicibus
861 1683 1001 1768 antiquis
1015 1683 1133 1747 dicitur
1151 1705 1220 1747 esse
1236 1685 1389 1768 Cypriani
1404 1686 1447 1750 ad

397 1784 587 1850 Cornelium.
632 1782 703 1868 Ego
722 1806 790 1848 csse
805 1783 942 1848 Cornelii
961 1785 1003 1848 ad
1019 1785 1212 1869 prriauum
1232 1786 1379 1870 nuspiam
1397 1808 1447 1852 rc-

397 1887 465 1972 peri
481 1908 575 1971 quam
590 1886 623 1949 in
638 1886 820 1950 Oorbeieusi
840 1894 874 1951 et
893 1886 927 1948 in
947 1908 1010 1949 uno
1031 1908 1110 1950 meo.
1156 1886 1196 1949 In
1216 1887 1376 1971 excerptis
1394 1893 1445 1952 ter

397 2011 469 2053 men
491 1989 606 2052 adme
630 1988 734 2051 missis
760 2010 799 2051 ex
825 1987 933 2051 codice
958 2008 1028 2070 ¹99·
1053 1987 1253 2051 bibliothecae
1275 1988 1446 2054 Vaticanus

396 2092 467 2176 lego
482 2112 552 2156 sam
567 2091 718 2176 scriptam
734 2112 803 2154 esse
814 2112 835 2153 a
846 2088 992 2154 Cornelio
1003 2090 1046 2154 ad
1058 2089 1250 2174 Cyprianum
1262 2091 1323 2154 hoc
1334 2092 1445 2156 modo:

397 2194 539 2278 Epistola
556 2194 690 2257 Oosssels'i
708 2193 754 2256 nd
768 2192 960 2277 Cypriacam
978 2194 1015 2256 de
1024 2193 1162 2277 scaione
1179 2193 1445 2258 alesmum

399 2295 553 2359 Cornelias
570 2296 724 2379 Cypriane
737 2295 872 2359 saluum.
917 2296 969 2359 Ns
982 2295 1069 2380 quid.
1116 2297 1233 2379 ltaque
1247 2295 1365 2378 ambigi
1380 2316 1446 2358 non

396 2402 503 2479 potest
530 2396 605 2480 quin
631 2418 703 2460 vere
729 2396 772 2460 sit
799 2395 946 2461 Ocmelii.
992 2396 1124 2459 Putavit
1149 2402 1258 2459 autem
1286 2394 1445 2459 Pamelius

396 2494 483 2560 illam
502 2519 565 2561 non
585 2520 654 2563 esse
672 2499 830 2583 integram
849 2505 883 2561 et
906 2520 975 2561 esse
998 2505 1126 2562 tantum
1149 2498 1375 2581 fragmentum,
1389 2495 1445 2560 Ili-

395 2598 514 2684 galtius
528 2622 597 2664 esse
610 2601 771 2685 sequelam
785 2600 833 2664 vel
851 2600 1106 2664 additamentum
1128 2599 1234 2685 potius
1254 2599 1389 2683 alicujus
1404 2621 1445 2664 ex

395 2702 658 2785 praecedcntibus.
694 2703 860 2766 Banumus.
906 2702 1119 2765 Desideratur
1143 2709 1280 2785 utroque
1306 2700 1445 2766 cornelii

394 2803 531 2888 epistula
552 2803 585 2866 in
605 2803 747 2889 pluribus
761 2804 911 2889 Cypriani
926 2804 1087 2867 codicibus
1102 2802 1248 2889 scriptis3
1271 2824 1373 2887 neque
1388 2825 1444 2888 po-

395 2904 466 2968 sitae
482 2914 558 2968 sunt
578 2905 639 2969 illae
654 2905 687 2968 in
702 2906 859 2970 alterutro
874 2905 1017 2970 codicum
1034 2905 1115 2969 Novi
1131 2903 1272 2989 collegii,
1287 2905 1343 2968 sed
1358 2926 1444 2969 com-

395 3013 510 3089 parent
519 3006 551 3069 in
561 3006 623 3070 alio
632 3028 729 3090 penes
738 3028 788 3069 me
800 3007 949 3091 Cypriani
961 3007 1069 3071 codice
1080 3005 1188 3082 Mssa,
1201 3014 1234 3070 et
1245 3006 1277 3068 in
1288 3007 1443 3090 antiquis·

394 3107 475 3170 simo
489 3107 553 3184 illo,
570 3130 662 3192 quem
678 3130 718 3171 ex
732 3106 925 3171 bibliotheca
941 3108 1204 3172 Mecrmanniana
1219 3108 1410 3192 comparavi.

439 3208 477 3272 P.
497 3211 546 3271 16.
563 3209 585 3272 l.
604 3210 632 3272 8.
648 3209 743 3294 hujus
757 3208 902 3273 scelerati
916 3210 1068 3297 hominis]
1083 3210 1135 3273 Dc
1146 3209 1213 3274 viro
1227 3210 1290 3274 isto
1304 3210 1352 3274 ita
1362 3209 1443 3274 Hie-

395 3331 544 3395 ronymus
557 3311 607 3374 De
623 3312 711 3376 Veris
725 3311 780 3375 Ill.
795 3333 866 3396 cap.
884 3328 934 3393 70.
980 3312 1173 3376 Novariam
1187 3315 1337 3376 Itonaeos
1357 3309 1443 3376 urbis

387 3413 547 3498 presbyter
560 3414 703 3479 mersu
719 3412 890 3478 Cornelium
905 3412 1079 3477 cathedram
1092 3413 1304 3477 sacerdotalem
1319 3421 1443 3477 motus

393 3517 550 3594 tundere,
586 3517 841 3594 Novariam,
875 3515 956 3601 quod
990 3517 1098 3579 Groece
1131 3515 1248 3579 dieitesr
1283 3514 1439 3596 Καθᾶρωυ,

392 3619 500 3700 dopm
534 3620 695 3695 miton,
724 3619 825 3683 culm
855 3627 1008 3700 apostotus
1034 3619 1182 3702 suscipiere
1205 3617 1440 3703 poeuiteesiiulss.

395 3717 493 3780 Plura
507 3718 614 3781 videas
628 3719 660 3780 in
676 3740 723 3794 ea,
741 3740 811 3802 quae
830 3740 904 3781 mox
925 3718 1080 3802 sequitur,
1095 3718 1137 3781 cd
1153 3717 1289 3780 Fabium
1304 3715 1441 3781 Cornelii

394 3818 559 3902 Epistola3
581 3824 678 3902 atquc
693 3819 725 3881 in
739 3819 881 3903 pluribus
896 3819 1040 3903 Dionysii
1057 3819 1149 3882 Alex.
1165 3819 1252 3903 apud
1267 3818 1441 3881 Eusebium

393 3918 544 4002 epistolis.
597 3919 739 3983 Maxime
768 3943 842 3985 vero
871 3922 904 3985 id
931 3921 1070 3986 notabile
1095 3927 1156 3997 est,
1183 3929 1290 3983 tacere
1316 3941 1441 4004 semper

393 4020 573 4085 Cornelium
587 4022 760 4086 adversarii
776 4024 823 4086 sni
840 4024 1011 4089 Novatiani
1029 4046 1142 4088 nomen
1156 4023 1190 4086 in
1205 4023 1355 4107 epistolis,
1369 4043 1440 4106 quae

393 4130 534 4199 restant3
558 4125 597 4188 de
612 4125 701 4209 cujus
717 4125 842 4209 quidem
858 4127 993 4190 nominis
1008 4126 1132 4191 variata
1150 4126 1308 4211 scriptura
1321 4125 1439 4208 aliquid

393 4226 444 4290 hic
459 4227 572 4291 dicam.
620 4227 705 4291 Huic
724 4228 881 4304 nimirum,
898 4229 1019 4313 pariter
1039 4236 1137 4312 atque
1155 4228 1271 4312 aequali
1291 4229 1360 4312 ejus
1376 4227 1440 4292 No-

393 4335 467 4391 vate
482 4328 572 4405 Afro,
589 4351 696 4392 verum
712 4350 825 4392 nomen
839 4330 994 4392 Nouatum
1009 4330 1116 4405 luisse,
1127 4331 1196 4393 fuse
1211 4330 1387 4415 disputavit
1402 4330 1440 4394 cl.

394 4429 574 4493 Lardnerus
598 4433 648 4493 De
676 4432 756 4494 Fide
778 4431 862 4494 Hie.
885 4432 1005 4516 Escae.
1028 4433 1065 4494 P.
1084 4430 1130 4494 Il.
1147 4431 1205 4494 vol.
1227 4454 1255 4495 v.
1301 4432 1377 4496 Not.
1398 4433 1441 4497 ad

392 4530 509 4594 calcem
535 4530 594 4594 vol.
613 4532 646 4594 in
673 4554 742 4615 cap.
766 4551 817 4612 47.
839 4532 893 4616 qui
920 4542 954 4597 et
979 4534 1145 4598 nonnullos
1168 4542 1315 4598 auctores
1341 4535 1439 4599 etiam

395 4632 526 4698 Latinos
540 4632 676 4696 adduxit
691 4632 774 4696 hanc
787 4633 979 4719 scripturam
997 4656 1063 4719 prae
1081 4658 1115 4699 se
1135 4636 1283 4712 serentes,
1299 4637 1354 4700 sed
1374 4636 1439 4720 for·
