3700 5667
605 666 654 732 IN
676 666 710 732 S.
727 665 942 733 connum
966 665 1265 732 FRAGMENTA.
1417 669 1461 738 39

407 837 518 902 nescio
532 858 628 921 quam
642 838 683 900 ob
698 858 836 902 causam.
882 837 944 902 Est
958 836 1043 901 enim
1059 837 1203 922 optima3
1225 857 1359 921 eamque
1380 858 1461 922 prae·

409 939 528 1015 lerunt,
549 961 611 1002 non
631 939 734 1003 solum
754 947 877 1003 veteres
897 938 1063 1017 edit-iones,
1085 939 1141 1002 sed
1162 939 1259 1003 etiam
1282 948 1356 1003 octo
1377 937 1461 1003 anti·

409 1063 474 1126 qua
499 1040 690 1125 exemplaria
717 1040 831 1125 quibus
854 1063 912 1104 nos
935 1040 1055 1104 utimur
1079 1048 1114 1104 et
1130 1042 1320 1118 Veronense,
1341 1063 1382 1104 ex
1399 1063 1463 1125 qno

409 1151 572 1226 excerptae
587 1141 683 1206 variae
705 1141 856 1206 lectiones
874 1141 1044 1226 adscriptae
1064 1149 1140 1205 sunt
1159 1142 1294 1227 margini
1315 1142 1464 1206 editionis

411 1244 612 1308 Manutianae
632 1244 664 1306 in
684 1266 755 1308 meo
770 1242 953 1328 exemplari.
999 1247 1116 1306 Sensus
1138 1251 1246 1307 autem
1268 1244 1381 1307 horum
1397 1266 1464 1308 vcr-

410 1346 524 1409 borum
547 1346 573 1409 is
593 1345 669 1408 mihi
690 1346 915 1408 videturesse.
961 1343 1041 1408 (lum
1063 1353 1211 1427 ageretur
1232 1346 1318 1429 apud
1341 1346 1459 1410 Gorne-

409 1446 487 1510 liam
503 1447 543 1511 de
557 1447 648 1510 venia
661 1445 833 1531 lapsorum,
850 1445 902 1509 ille
921 1454 1030 1509 autem
1046 1445 1209 1509 dubitaret
1225 1467 1267 1508 an
1282 1454 1402 1511 verset
1421 1469 1462 1510 ex

371 1611 374 1614 ,
407 1549 516 1612 animo
538 1548 703 1611 rediissent
723 1548 765 1611 ad
787 1547 961 1623 ecclesiam,
982 1547 1136 1610 stantium
1154 1569 1227 1610 vero
1246 1547 1340 1612 fidem
1365 1571 1460 1634 prop·

409 1657 500 1714 terea
515 1649 742 1734 interpellaret,
756 1649 777 1711 ii
794 1648 973 1713 retulerunt
988 1649 1139 1732 quosdam
1159 1671 1198 1712 cx
1218 1649 1315 1734 lapsis
1337 1660 1461 1716 tumore

408 1752 538 1816 inflatos
559 1774 637 1828 esse,
653 1751 728 1836 quia
751 1752 899 1815 nimirum
922 1758 1084 1816 tormenta
1105 1751 1192 1836 passi
1215 1761 1307 1818 erant
1329 1777 1388 1839 pro
1406 1778 1461 1818 no·

409 1855 494 1918 mine
524 1854 653 1930 Christi,
683 1855 826 1939 adeoque
852 1853 925 1917 hinc
956 1853 1137 1917 suberbiam
1167 1855 1355 1939 captabant,
1380 1856 1461 1920 alios

409 1968 522 2020 contra
545 1955 655 2018 molles
677 1955 849 2018 admodum
874 1976 953 2031 esse,
976 1954 1097 2028 tristes,
1121 1954 1269 2017 nimirum
1290 1957 1332 2019 ob
1353 1978 1461 2020 casum

407 2080 510 2121 snum.
556 2056 637 2120 Sunt
652 2056 734 2120 enim
755 2057 865 2120 molles
886 2056 918 2119 in
941 2056 1124 2120 calamitate
1148 2055 1332 2119 mortalium
1352 2058 1459 2135 animi,

407 2167 446 2224 ut
469 2159 580 2223 scribit
594 2159 739 2223 Tacitus.
785 2158 872 2222 Hinc
896 2157 1065 2243 colligebat
1089 2155 1256 2220 Cornelius
1279 2158 1458 2224 testimonie

406 2283 471 2325 non
488 2283 556 2325 esse
570 2261 683 2324 idonea
699 2259 740 2323 ad
761 2259 959 2343 probandum
981 2258 1051 2321 illos
1071 2280 1139 2321 esse
1160 2257 1287 2343 penitus
1309 2267 1458 2327 mutatos.

408 2364 527 2446 Itaque
552 2368 639 2426 recte
663 2360 822 2447 Rigaltius
847 2361 1042 2425 existimavit
1067 2382 1171 2424 veram
1199 2383 1268 2424 esse
1291 2360 1459 2425 lectionem

405 2464 525 2527 codicis
543 2462 748 2540 Veronensis,
771 2462 802 2524 in
826 2485 890 2546 quo
917 2462 1070 2547 scriptum
1096 2469 1167 2526 erat
1181 2463 1249 2545 fids
1274 2472 1374 2526 tamen
1399 2486 1459 2528 non

403 2567 522 2630 idom.
545 2565 712 2628 Bnauzrus.
757 2563 967 2628 Constantius
990 2564 1130 2648 posted.
1155 2565 1388 2643 Manuticmm,
1412 2575 1459 2629 tu-

402 2690 515 2732 morem
528 2667 618 2730 idam
632 2665 737 2730 loram
751 2666 898 2730 mollitmn
910 2666 983 2750 jam
998 2664 1244 2738 adnuntiaturus
1270 2688 1363 2750 quem
1383 2687 1454 2752 ego,

403 2769 456 2833 hic
470 2768 597 2854 quidem
613 2767 723 2832 relicto
737 2767 879 2845 Baluzio,
892 2769 983 2852 cujus
997 2768 1136 2833 rationes
1150 2768 1228 2831 mihi
1242 2769 1346 2832 minus
1362 2768 1457 2833 satis·

402 2871 560 2948 fecerunt,
574 2891 657 2933 nunc
673 2877 800 2934 secutus
814 2893 896 2934 sum.
931 2870 1116 2934 Lectionem
1130 2869 1219 2934 illum
1233 2869 1340 2933 Ιιοιιιιιι
1355 2870 1456 2935 codex

401 2980 538 3058 uterque
560 2993 649 3036 meus
670 2979 791 3038 tuctur.
838 2972 949 3037 Habet
964 2994 1037 3036 vere
1052 2973 1160 3036 Fellus
1179 2972 1213 3035 in
1235 2971 1374 3036 editione
1396 2994 1455 3037 sua

401 3075 535 3139 {acam
580 3073 662 3136 Mox
676 3080 763 3138 recte
777 3074 969 3160 recepitfida
982 3074 1126 3158 profldas
1140 3073 1296 3138 Baluzius.

447 3175 532 3239 Ibid.
547 3173 567 3239 l.
583 3176 634 3240 28.
656 3175 849 3260 Maximum]
879 3177 929 3239 De
953 3197 1016 3260 quo
1040 3175 1182 3260 pluribus
1205 3184 1313 3240 actam
1336 3183 1387 3240 est
1410 3177 1453 3241 ad

401 3276 581 3362 Epistolam
595 3297 648 3358 41.
680 3277 841 3342 Pamelius
855 3278 983 3362 scripsit
1000 3277 1088 3341 illum
1103 3300 1232 3362 passum
1247 3301 1316 3342 esse
1332 3286 1453 3364 marty-

400 3379 484 3443 rium
499 3379 558 3443 sub
575 3379 762 3444 Maximino.
808 3382 857 3445 At
879 3380 912 3443 in
930 3379 1164 3464 martyrologiis
1186 3379 1339 3464 scriptum
1354 3379 1453 3443 estid

400 3481 541 3546 evenisse
559 3481 618 3545 sub
635 3481 817 3546 Valeriano.
863 3482 948 3547 Vide
962 3482 1135 3546 Beronium
1155 3482 1196 3544 ad
1218 3481 1302 3545 diem
1322 3499 1371 3563 19.
1391 3479 1453 3544 No-

399 3583 547 3647 vembris.
572 3585 743 3648 Bnnuzws.
796 3663 804 3680 Ι

445 3684 528 3747 Ibid.
544 3684 565 3748 l.
580 3703 630 3768 29.
646 3684 703 3750 sed
723 3686 872 3771 quoniam
892 3684 995 3748 multa
1017 3688 1245 3768 praecesserant
1266 3682 1308 3747 ab
1330 3684 1376 3748 eis
1398 3684 1452 3749 de-

399 3785 539 3869 signata]
567 3785 607 3849 Id
626 3794 686 3862 est,
712 3793 842 3871 patrata
867 3794 901 3851 et
927 3788 1080 3850 conlecta.
1126 3786 1198 3867 Quo
1221 3785 1384 3851 intellectu
1410 3787 1451 3853 de

400 3886 550 3951 Evaristo
572 3886 605 3950 in
625 3887 779 3972 superiori
801 3887 937 3973 epistola
959 3887 1079 3952 dictum
1099 3894 1161 3964 est,
1175 3888 1305 3970 Majcra
1330 3911 1399 3953 cem
1423 3898 1450 3953 et

397 3989 542 4070 maiora
552 3987 601 4052 lic
610 3989 789 4076 desiprmcit.
814 3990 971 4071 Quocirca
980 3990 1183 4054 confessores
1197 4011 1272 4053 mox
1285 4012 1306 4054 a
1321 3991 1451 4077 presby,

398 4089 477 4153 teris
492 4089 596 4174 rogati
612 4112 680 4154 esse
695 4090 845 4154 dicuntur
858 4091 898 4155 de
913 4090 952 4154 iis
966 4112 1035 4175 quae
1046 4101 1207 4176 qaenam.
1232 4090 1406 4156 Cousmnr.

440 4188 525 4254 Ibid.
548 4191 569 4254 l.
587 4211 635 4276 30.
661 4192 855 4277 coepiscopis
879 4191 1014 4278 nostris]
1048 4193 1143 4257 Gorb.
1175 4191 1247 4256 MS.
1281 4193 1449 4278 coepbcopo

396 4300 504 4356 nostro.
549 4292 764 4358 Retinendum
789 4295 967 4380 coepiscopis
987 4295 1107 4370 matris,
1132 4293 1186 4380 qui
1208 4293 1273 4358 scil.
1289 4294 1449 4359 conventi-

396 4393 457 4458 bus
484 4403 543 4459 aut
569 4396 709 4461 conciliis
738 4420 777 4462 ea
804 4399 844 4461 de
873 4419 970 4462 causa
996 4396 1197 4483 congregatis
1226 4396 1448 4461 interfuerant·

396 4494 521 4582 Quippe
546 4496 639 4562 initio
664 4498 870 4584 pontificatus
893 4499 1043 4576 Comehi,
1067 4506 1152 4564 testa
1176 4499 1315 4565 Eusebio
1337 4500 1391 4564 lib.
1407 4500 1449 4567 vi.

395 4619 465 4683 cap.
481 4618 535 4684 43.
559 4599 729 4684 sexaginta
741 4599 890 4686 episcopi.
906 4609 941 4665 et
959 4601 1135 4686 presbyteri
1156 4625 1194 4666 ac
1208 4601 1332 4667 diaconi
1346 4600 1448 4665 multo
