3700 5667
477 654 544 717 248
829 651 1184 717 ANNOTATIONES

476 830 546 888 tere
561 821 697 897 videtur,
712 820 853 884 nonnulli
868 827 977 886 tamen
993 844 1034 886 ex
1049 822 1213 888 Genonum
1229 823 1398 901 codicibus,
1413 825 1528 910 quibus

476 947 553 990 usus
575 944 655 1001 sum,
677 923 770 1008 longe
793 923 983 988 vetustiores
1005 925 1153 990 Blestare
1177 935 1262 999 sunt,
1286 926 1391 991 saeouli
1414 927 1527 992 decimi

476 1026 583 1113 quarti
606 1025 778 1090 canonista
823 1024 898 1110 Ipse
922 1047 1048 1110 qnoque
1068 1027 1129 1091 hoo
1151 1027 1235 1092 idem
1258 1027 1364 1104 refert,
1381 1028 1528 1093 mulieres

476 1130 522 1194 sic
536 1129 691 1193 hebentes
705 1148 770 1191 non
784 1127 887 1192 solnm
901 1128 943 1192 ab
958 1128 1066 1206 elteri,
1082 1151 1190 1194 verum
1205 1129 1304 1193 etiam
1324 1151 1344 1193 a
1359 1130 1478 1214 templo
1494 1139 1528 1193 et

476 1230 586 1316 templi
602 1230 737 1316 porticu,
753 1230 913 1315 prohiberi
930 1231 1051 1296 solitas.
1093 1232 1214 1296 Lenius
1228 1253 1303 1296 vero
1318 1254 1390 1297 cum
1405 1233 1444 1296 iis
1458 1233 1526 1318 egit

476 1332 664 1397 Timotheus
683 1331 849 1418 opiscopus
864 1331 959 1396 Alex.
976 1332 1009 1396 in
1024 1334 1184 1419 Bosporum
1203 1333 1268 1398 suis
1286 1335 1457 1410 damea,
1473 1335 1526 1420 qui

476 1456 498 1500 a
511 1434 631 1499 sanctis
645 1441 774 1498 tantum
793 1433 952 1518 mysteriis
971 1434 1100 1498 easdem
1120 1444 1218 1499 ercet.
1248 1436 1402 1522 Respons.
1418 1437 1470 1501 vii.
1494 1461 1525 1522 p.

480 1537 553 1600 166.
580 1537 737 1620 synodici.
782 1536 886 1600 Immo
911 1536 1052 1601 omnium
1077 1559 1184 1601 rerum
1207 1559 1370 1601 sacrarum
1393 1537 1526 1603 liberam

476 1638 754 1725 perticipationem
772 1638 811 1702 iis
828 1660 1011 1703 concessam
1027 1640 1135 1704 videas
1154 1639 1187 1703 in
1210 1642 1378 1704 Constituit.
1388 1641 1525 1726 Apostot.

476 1739 530 1803 lib.
545 1741 586 1805 vi.
610 1763 702 1826 capp.
720 1758 769 1824 27.
785 1748 819 1804 et-
836 1743 886 1806 28.
909 1764 982 1827 pag.
999 1763 1019 1827 3
1021 1744 1073 1825 58.
1094 1743 1144 1806 ed.
1163 1742 1285 1820 Clerici,
1302 1743 1355 1807 ubi
1371 1743 1525 1808 constitu·

476 1843 600 1908 tionum
619 1850 732 1907 auctor
751 1842 931 1908 istiusmodi
950 1843 1181 1928 prohibitiones
1201 1846 1289 1925 ἔθιμα
1305 1845 1452 1909 Ἰουδαϊκὰ
1470 1867 1526 1931 ap-

476 1943 594 2030 pellere
608 1944 653 2007 nil
668 1951 804 2009 veretur.
850 1945 961 2031 Neque
975 1946 1069 2011 eliter
1084 1947 1124 2011 de
1138 1946 1177 2011 iis
1200 1947 1335 2011 sensisse
1350 1947 1526 2012 Oerdinalis

476 2047 633 2112 Beronius
648 2047 773 2112 videtur
786 2048 820 2112 in
840 2049 920 2125 loco,
938 2070 1032 2134 quem
1053 2050 1095 2113 ed
1118 2071 1218 2135 marg.
1236 2049 1442 2114 Consiliorum
1456 2071 1526 2114 suo

475 2171 548 2213 rum
570 2149 747 2235 designavit
771 2151 970 2229 Hardninns,
984 2151 1100 2216 Αυτιαί.
1122 2153 1163 2216 ad
1187 2174 1261 2216 ann.
1283 2153 1356 2217 266.
1377 2172 1464 2215 num.
1480 2151 1525 2215 xi.

476 2252 622 2337 Denique
636 2252 770 2317 arbitrio
785 2253 927 2338 ipsarum
942 2254 1131 2318 feminarum
1145 2254 1213 2319 haec
1228 2253 1388 2340 permittit
1403 2253 1435 2317 S.
1448 2255 1526 2319 Gre-

475 2355 583 2439 gorius
600 2355 647 2418 M.
670 2354 702 2417 in
725 2355 887 2440 Responsio
908 2355 954 2420 od
973 2357 1178 2442 Aepustiaem
1199 2356 1378 2441 Anglornm
1399 2364 1526 2441 aposto-

475 2456 542 2521 lum
556 2458 641 2542 apud
657 2456 790 2530 Bedem,
807 2459 888 2522 Her.
905 2459 990 2522 Eccl.
1005 2458 1059 2522 lib.
1076 2459 1097 2522 i.
1113 2481 1183 2545 cap.
1203 2475 1253 2542 27.

520 2559 560 2622 P.
578 2579 650 2644 231.
666 2561 686 2623 l.
703 2561 733 2625 8.
755 2563 784 2625 οί
798 2560 1016 2647 γεγαμηκότες]
1034 2563 1109 2624 Ηοο
1123 2583 1182 2644 pro
1197 2562 1396 2643 γεγηρακότες
1409 2560 1525 2644 recepi,

476 2661 519 2725 ed
534 2683 629 2746 quem
644 2685 751 2727 vocem
772 2663 820 2727 ite
838 2662 1048 2737 Harduinus;
1074 2671 1094 2700 “
1111 2663 1282 2727 Balsemon
1302 2661 1350 2725 ita
1371 2660 1465 2746 legit·
1490 2668 1526 2725 at

476 2771 499 2803 “
513 2765 669 2842 Zonaras,
679 2787 773 2850 quem
788 2765 933 2850 sequitur
949 2765 1072 2830 Fronto
1087 2765 1237 2841 Ducaeus,
1251 2765 1461 2848 γεγαμηκότες,
1473 2766 1527 2850 qai

479 2875 498 2905 “
514 2868 707 2932 matrimonio
720 2868 824 2952 jrmotc'
844 2870 942 2933 aad?
986 2869 1184 2933 Confirmant
1205 2868 1342 2931 Zonarae
1360 2866 1526 2930 lectionem

477 2979 584 3056 ςορίουι
599 2992 614 3034 e
629 2970 809 3035 Bodleieeis
827 2969 989 3047 οοόόοόόυι,
1005 2977 1039 3034 et
1054 2992 1125 3054 quae
1140 2993 1224 3054 saepe
1239 2969 1356 3034 dicitur
1370 2968 1525 3043 Aristoni,

475 3072 590 3158 illeque
613 3072 741 3137 Arsenii
765 3073 926 3150 Monaohi,
953 3074 1109 3137 Oeaoaam
1130 3073 1283 3158 Synopeia
1321 3070 1418 3134 Adde
1440 3070 1526 3134 Har-

476 3176 636 3262 menopuli
659 3176 816 3239 Canentem
833 3175 1005 3258 Epitomcm
1025 3174 1111 3260 apud
1127 3173 1311 3239 Lounclavii
1326 3175 1348 3236 J
1351 3194 1388 3236 ns
1408 3175 1526 3236 Groeoo-

477 3276 568 3340 Rom.
586 3298 617 3361 p.
632 3295 685 3359 51.
727 3275 831 3338 Immo
851 3274 919 3359 ipse
935 3273 1096 3351 Belsemo,
1112 3275 1165 3360 qui
1185 3275 1321 3339 alteram
1335 3272 1526 3357 scripturam

477 3379 675 3461 γεγηρακότες
688 3376 819 3453 invenit,
835 3376 895 3440 hoo
913 3375 982 3452 ait;
1003 3377 1051 3440 καί
1066 3379 1083 3440 ό
1097 3379 1154 3457 piu
1169 3379 1266 3441 κανὼν
1281 3381 1348 3456 περὶ
1362 3377 1526 3457 γεγηρακό·

476 3505 537 3544 τιον
560 3482 664 3561 φησίν·
690 3477 887 3558 ἐξακουστίον
911 3481 944 3542 δὲ
967 3482 1004 3541 τὰ
1028 3481 1063 3543 ἐν
1086 3481 1164 3565 αὐτῷ
1189 3480 1237 3543 καί
1260 3481 1303 3546 είς
1324 3477 1437 3545 πάντας
1460 3479 1528 3544 τοὺς

476 3586 647 3665 όμοζόγους.
694 3582 758 3646 Sed
780 3582 820 3645 de
843 3579 917 3644 solis
940 3582 1158 3646 sacerdotibus
1176 3580 1228 3645 hio
1247 3579 1311 3664 agi,
1326 3601 1389 3642 non
1405 3579 1445 3642 de
1459 3579 1527 3642 aliis

476 3683 588 3748 itidem
610 3683 807 3769 conjugibus,
830 3703 1011 3767 perperam,
1031 3683 1153 3768 opinor,
1176 3680 1304 3755 statuit,
1325 3678 1352 3742 si
1374 3678 1470 3741 modo
1494 3678 1527 3740 id

475 3785 562 3858 velit,
580 3785 745 3849 Blasteres
766 3784 798 3848 in
821 3787 1018 3870 Spatopmeto
1037 3782 1230 3870 Ahedobetico
1249 3781 1314 3845 Lit.
1331 3779 1369 3862 γ’.
1386 3801 1457 3864 cap.
1479 3781 1527 3842 18.

475 3885 515 3951 ‘0
538 3889 572 3950 δὲ
594 3886 634 3968 γ’,
657 3886 771 3971 inquit,
795 3892 848 3951 τοῦ
871 3886 1077 3969 ίερομόρτνρος
1103 3885 1265 3949 Διονυσίου
1286 3883 1526 3962 Ἀλεξανδρείας,

476 3990 638 4071 ἀρκοῦντας
661 3992 804 4070 ἐφίστησι
827 3993 936 4071 σφίσιν
960 3985 1148 4054 αὐτοῖςτοὺς
1172 3983 1347 4066 ίερωμίνους
1369 3986 1526 4062 διαιτητὰς,

475 4092 563 4170 ἡνίκα
583 4096 645 4158 τοῖς
665 4099 800 4172 φρικτοΐς
819 4090 977 4173 προσιέναι
995 4090 1145 4168 μέλλουσι
1163 4089 1343 4167 μυστηρίοις,
1359 4084 1527 4168 ἀπέχεσθαι

476 4193 533 4271 μίν
552 4198 612 4256 τῶν
634 4193 715 4256 ἰδίων
735 4199 894 4274 γυναικῶν,
911 4191 980 4255 ἀλλ’
998 4194 1031 4256 ἐκ
1053 4194 1153 4268 κοινῆς
1171 4191 1356 4270 συμφωνίας,
1379 4191 1454 4251 κατὰ
1473 4187 1527 4264 τὴν

476 4298 529 4356 τοῦ
547 4293 682 4375 μεγόλου
703 4297 829 4358 Παύλου
848 4295 963 4375 φωνὴν,
980 4295 1027 4356 ότι
1041 4295 1058 4356 ό
1073 4291 1148 4372 ἀνὴρ
1166 4297 1219 4354 τοῦ
1235 4292 1308 4354 ίδίου
1323 4290 1460 4369 σόματος
1473 4288 1527 4351 οὐκ

476 4395 650 4472 ίξουσιόζει,
667 4395 715 4458 καὶ
736 4400 774 4459 τὰ
796 4395 873 4475 ἑξῆς.
893 4419 924 4480 p.
942 4397 993 4463 82.
1009 4393 1169 4478 Synodiot'.
1214 4392 1315 4456 Recte
1336 4391 1525 4475 interprete-

475 4500 530 4557 tus
551 4503 601 4559 est
624 4494 657 4558 S.
676 4495 893 4582 Hieronymus
915 4497 949 4560 in
963 4496 1054 4581 Apol.
1068 4517 1130 4580 pne
1149 4492 1255 4558 hbes
1275 4493 1421 4557 αόυεττνυ
1438 4492 1526 4556 Jeci-

476 4594 562 4658 aioa.
586 4617 617 4680 p.
645 4597 716 4660 108.
741 4598 791 4660 ed.
816 4598 954 4663 Froben.
979 4598 1033 4662 nbi
1060 4597 1155 4680 hujus
1181 4595 1368 4679 Dionysiani
1395 4593 1524 4658 canonis
