3700 5667
395 679 497 743 SYN.
517 677 745 782 ANTIQCH.
762 679 868 743 ADV.
885 680 1091 745 PAULUM
1114 684 1278 748 SAMOS.
1325 687 1390 750 318

398 845 459 910 Εἶτ’
477 846 526 910 ἐπὶ
540 846 622 910 τέλει
639 851 689 926 τῆς
703 849 861 928 ἐπιστολῆς
875 854 984 931 (iuquit
1007 854 1155 913 Eusebius
1176 855 1313 915 ultimum
1334 856 1389 916 hoc

345 961 475 1039 epistolae
489 972 657 1038 excerptum
672 961 827 1031 adducens,
842 963 892 1021 ubi
907 968 1006 1041 supra)
1023 957 1102 1022 τοῦτ’
1120 960 1323 1042 ἐπιλέγουσιν.

399 1065 705 1169 Ἡναγκσίσθημεν
741 1068 804 1147 οὖν
840 1067 1147 1168 ἀντιτασσόμενον
1190 1069 1297 1149 αὐτὸν
1337 1077 1389 1180 τῷ

345 1207 427 1308 Θεῷ
453 1205 511 1279 καὶ
536 1200 585 1300 μὴ
609 1201 745 1280 εἴκοντα
767 1201 1032 1307 ἐκκηρύξαντες,
1051 1203 1169 1306 ἕτερον
1186 1205 1261 1282 ἀντ’
1281 1206 1389 1285 αὐτοῦ

317 1340 387 1439 sm}
415 1339 589 1438 καθολικῇ
614 1336 790 1441 ἐκκλησίᾳ
814 1340 1042 1434 καταστῆσαι
1070 1338 1267 1417 ἐπίσκοπον
1292 1345 1388 1418 Θεοῦ

342 1472 492 1576 προνοίᾳ
517 1473 565 1552 ὡς
588 1470 823 1567 πεπείσμεθα,
841 1470 906 1548 τὸν
923 1478 987 1548 τοῦ
1004 1472 1178 1572 μακαρίου
1197 1479 1384 1577 Δημητρι-

343 1613 430 1683 ανοῦ
448 1608 506 1684 καὶ
524 1607 705 1709 ἐπιφανῶς
722 1602 947 1706 προστάντος
964 1602 1037 1708 πρὸ
1055 1604 1182 1686 τούτου
1200 1612 1264 1706 τῆς
1281 1609 1389 1707 αὐτῆς

342 1740 527 1842 παροικίας
557 1736 632 1817 υἱὸν
657 1735 812 1836 Δόμνον,
837 1735 953 1817 ἅπασι
981 1747 1055 1823 τοῖς
1082 1740 1282 1842 πρέπουσιν
1307 1745 1383 1822 ἐπι-

344 1873 471 1981 σκόπιρ
501 1881 623 1957 καλοῖς
653 1873 926 1972 κεκοσμημένον·
959 1874 1192 1972 ἐδηλώσαμεν
1218 1909 1257 1953 τε
1286 1877 1383 1973 ὑμῖν,

301 2008 440 2091 mimus
457 2009 571 2115 τούτῳ
590 2007 763 2114 γράφητε,
782 2011 841 2086 καὶ
866 2006 911 2086 τὰ
933 2006 1033 2108 παρὰ
1054 2007 1180 2086 τούτου
1203 2010 1387 2090 κοινωνικὰ

310 2140 497 2256 Αιδέχησθε
521 2135 726 2242 γράμματα.
766 2145 819 2245 τῷ,
842 2138 879 2218 δέ
902 2145 1062 2245 Ἀρτεμᾷ
1087 2140 1189 2222 οὗτος
1213 2142 1381 2219 ἐπιστελ·

343 2276 447 2354 λε’τω·
474 2277 532 2353 καὶ
550 2280 583 2352 οἱ
601 2272 646 2352 τὰ
664 2273 821 2375 Ἀρτεμᾶ
839 2279 1064 2379 φρονοῦντες,
1079 2273 1194 2379 τούτῳ
1213 2277 1385 2354 κοινωνεί-

342 2442 475 2488 Τωσαν.

888 2668 979 2725 beetae
1003 2669 1149 2726 memorioe
1173 2667 1309 2747 episeopi
1335 2667 1384 2744 qui

442 2734 596 2809 Ῐπῑθψῖθίθ
614 2733 732 2791 Ῠᾱῖθδῑθ·
887 2758 956 2804 aute
979 2747 1058 2805 huuc
1080 2768 1185 2826 magua
1207 2768 1273 2806 cum
1299 2746 1384 2805 laude

298 2858 332 2917 ¹5
379 2844 409 2898 111
422 2845 475 2899 fine
488 2855 577 2898 autem
591 2846 708 2916 epistolae
721 2844 836 2899 haecad.
887 2826 1008 2885 euudem
1022 2828 1099 2886 rexit
1116 2828 1275 2895 ecclesium,
1292 2827 1383 2886 filium

338 2915 442 2985 jieiuut.
888 2907 1054 2978 Dumnum3
1073 2908 1168 2966 virum
1177 2908 1311 2967 omuibus
1320 2927 1385 2985 quoe

384 2988 473 3044 Hunc
489 2987 579 3063 igitur
591 2989 653 3045 Deo
668 2987 776 3045 bellum
791 2989 836 3045 iu·
887 2988 1054 3066 episcopum
1074 2988 1178 3047 decent
1199 2988 1316 3046 dotibus
1336 3008 1384 3046 ex-

341 3066 495 3131 diceutem,
505 3087 558 3124 nec
569 3067 669 3125 cedere
680 3067 835 3133 volentem,
887 3078 1032 3126 ornatum.
1057 3068 1144 3139 Quod
1151 3068 1267 3145 quidem
1278 3068 1385 3126 ideireo

342 3167 406 3204 cum
426 3168 442 3204 a
459 3148 660 3204 communione
675 3159 773 3204 nostra
786 3148 834 3205 ab·
887 3148 969 3205 vobis
990 3148 1223 3225 significavimus,
1240 3158 1274 3205 ut
1296 3158 1326 3205 et
1347 3147 1384 3204 ad

296 3226 522 3292 zodicumemus,
545 3247 660 3285 necesse
683 3227 837 3285 habuimus
887 3247 955 3285 eum
977 3228 1117 3292 scribetis.
1139 3239 1169 3285 et
1191 3228 1283 3285 abeo
1305 3233 1387 3285 com*

342 3306 429 3365 alium
442 3307 505 3383 ejus
519 3306 583 3365 loeo
597 3306 723 3364 ecclesioe
737 3307 835 3365 catho·
887 3307 1093 3364 municatorias
1111 3306 1209 3365 literas
1227 3307 1382 3385 accipiatis.

341 3384 403 3445 licae
425 3389 591 3466 episcopum
613 3386 755 3453 ordinere,
777 3407 835 3443 nou
889 3385 949 3444 Hic
963 3406 1032 3443 vero
1046 3384 1083 3442 ad
1097 3385 1247 3443 Artemam
1268 3387 1383 3451 scribat,

341 3466 448 3543 absque
458 3467 556 3525 divina
568 3479 601 3526 ut
612 3466 756 3525 credimus
770 3486 836 3544 pro-
887 3466 911 3522 εἰ
924 3464 1025 3534 lubet3
1047 3465 1141 3542 etqui
1156 3463 1307 3522 Artemam
1323 3485 1383 3523 see·

342 3547 488 3606 videntia:
522 3545 702 3606 Demetrieui
727 3545 837 3604 scilicet
887 3555 999 3611 tantur,
1010 3564 1076 3603 cum
1091 3564 1126 3603 eo
1139 3544 1362 3603 communicent.
