3700 5667
447 672 622 736 ANNOT.
649 672 697 734 IN
724 670 1025 737 S.vlcT0u1N1
1053 675 1237 738 FRAGM.
1305 675 1368 740 465

323 840 501 924 “praedicti
524 841 670 905 doctores
696 841 986 914 subministrarunt,
1013 843 1044 905 in
1068 843 1242 929 marginem
1264 845 1367 929 conje-

323 953 343 972 “
360 942 488 1005 cimus.''
525 943 606 1006 Haec
627 943 673 1005 vir
694 944 985 1027 praestantissimus.
1026 947 1145 1009 Postea
1163 967 1237 1009 vero
1255 947 1369 1009 doctus

322 1043 373 1106 ille
387 1066 475 1107 novae
497 1045 644 1108 editionis
667 1044 822 1109 Historiae
843 1047 994 1112 Cavianae
1016 1049 1202 1124 adornatos,
1217 1069 1281 1112 non
1299 1055 1369 1112 tan-

322 1153 389 1208 tum
419 1148 604 1231 opusculum
630 1147 714 1211 istud
742 1150 949 1232 repetendum
979 1151 1113 1226 curavit,
1140 1151 1195 1214 sed
1221 1158 1255 1215 et
1280 1150 1368 1214 aliud

321 1254 477 1327 praeterea
491 1248 608 1311 codicis
625 1247 835 1312 Lambethani
850 1249 1028 1334 exemplum
1044 1271 1063 1312 a
1079 1249 1115 1313 cl.
1132 1249 1156 1312 J
1158 1271 1260 1313 oanne
1275 1247 1369 1314 Wal-

322 1347 387 1410 her.
414 1357 562 1413 accurate
592 1349 785 1433 descriptum
814 1351 942 1434 adjecit
973 1351 1116 1434 subjecta
1145 1351 1262 1415 notitia
1291 1350 1370 1435 ejus,

321 1472 391 1532 quae
414 1451 621 1534 sequitur.¹
626 1452 760 1514 ‘Codex
782 1451 832 1516 hic
854 1452 925 1516 MS.
947 1474 1041 1537 quem
1063 1454 1230 1538 descripsit
1253 1453 1370 1517 ilenri-

322 1564 413 1615 “eus
430 1553 615 1630 Mauritius,
630 1560 804 1638 posteaque
824 1555 1007 1639 recognovit
1021 1554 1189 1619 Johannes
1209 1555 1367 1640 Batteley,

324 1665 342 1683 ‘¹
359 1662 492 1738 uterque
516 1655 656 1720 Domino
681 1656 930 1741 Archiepiscopo
954 1656 1049 1721 (lant.
1077 1679 1097 1721 a
1123 1657 1222 1721 saeris
1246 1657 1370 1720 domes·

323 1766 342 1784 ‘¹
359 1754 443 1831 ticis‚
470 1758 570 1821 codex
595 1767 645 1822 est
673 1757 967 1822 membranaceus
959 1780 992 1821 rn
1018 1763 1134 1842 quarto
1163 1757 1283 1821 Bibliot
1284 1758 1371 1822 heca

323 1867 342 1885 ‘¹
361 1855 599 1934 Lambethauae,
619 1867 750 1924 notatus
769 1859 887 1922 ibidem
908 1858 962 1922 ΝΟ.
980 1879 1030 1941 90.
1051 1865 1196 1923 vetustus
1218 1880 1305 1935 sane,
1321 1865 1371 1922 ut·

323 1970 342 1989 “
359 1968 435 2042 pote
462 1961 516 2045 qui
541 1966 614 2026 800.
640 1962 767 2025 circiter
795 1983 896 2025 annos
925 1961 1053 2025 habeat.
1105 1960 1257 2025 Continet
1287 1959 1372 2023 inter

324 2073 342 2092 “
360 2062 463 2126 varios
494 2064 628 2128 aliorum
662 2070 831 2139 tractatus,
861 2063 945 2127 huuc
977 2062 1130 2127 Victorini
1161 2064 1202 2127 de
1234 2062 1372 2126 Fabrica

324 2176 343 2195 “
361 2164 476 2229 Mundi
489 2188 509 2230 a
524 2189 596 2252 pag.
616 2186 667 2249 71.
684 2167 737 2251 qui
754 2166 821 2230 sine
835 2165 967 2230 alterius
987 2165 1104 2230 codicis
1125 2188 1185 2251 ope
1200 2164 1371 2229 emaculari

323 2266 438 2330 “satis
464 2290 528 2331 uon
550 2276 666 2353 potest,
692 2267 776 2355 quod
801 2269 833 2332 in
856 2269 928 2334 aliis
951 2269 1049 2335 etiam
1074 2268 1173 2346 libris,
1199 2269 1252 2354 qui
1280 2268 1371 2332 unico

323 2379 342 2398 ‘⁴
360 2368 506 2433 nituntur
523 2371 620 2436 MSto
640 2373 758 2445 codice,
774 2379 811 2436 ut
829 2372 862 2435 in
880 2371 999 2436 Velleio
1015 2372 1195 2450 Paterculo,
1213 2372 1369 2447 Minucio,

323 2481 342 2499 ‘¹
360 2471 515 2546 Arnobio,
531 2496 589 2537 usu
605 2474 700 2537 venit.
745 2472 827 2537 Cum
842 2496 917 2538 vero
931 2496 1045 2559 parum
1063 2482 1212 2539 accurate
1231 2474 1370 2558 descrip·
1389 2532 1392 2537 ,

323 2583 343 2603 “
358 2585 412 2636 tus
432 2582 530 2639 autea
549 2583 582 2639 et
601 2576 782 2660 recognitus
801 2576 908 2652 luerit,
924 2577 1029 2640 denuo
1047 2577 1090 2641 ad
1110 2576 1205 2641 fidem
1227 2575 1300 2640 MS.
1320 2599 1370 2639 co-

324 2685 343 2705 “
359 2675 437 2739 dicis
460 2678 643 2763 recognovit
664 2678 712 2740 vir
734 2678 772 2741 cl.
793 2680 827 2742 J.
849 2677 986 2744 Walker
1008 2679 1041 2743 S.
1059 2679 1098 2744 Τ.
1115 2678 1153 2742 Ρ.
1176 2685 1209 2742 et
1236 2679 1370 2742 adnota-

323 2788 342 2806 '¹
360 2778 516 2842 tiunculas
542 2780 670 2864 insuper
696 2778 823 2843 criticas
846 2780 878 2843 in
901 2782 1041 2866 gratiam
1065 2780 1193 2845 lectoris
1219 2780 1370 2865 adjecit.'’
1416 2774 1419 2778 ⁵

322 2881 606 2946 Accuratissimam
620 2890 726 2946 autem
742 2890 936 2968 postremam
947 2885 1030 2949 hanc
1046 2885 1259 2949 recensionem
1273 2883 1369 2947 fuisse

322 2981 398 3045 mihi
428 2984 504 3048 satis
531 2984 679 3071 probavit
704 2987 846 3071 ejusdem
872 2986 1000 3050 collatio
1026 3006 1097 3049 cum
1123 2986 1232 3050 codiee
1259 2984 1369 3061 MSto,

320 3106 416 3167 quam
442 3097 558 3171 rogatu
585 3110 656 3152 meo
682 3089 849 3154 instituere
874 3089 1025 3171 dignatus
1052 3095 1101 3152 est
1124 3088 1172 3150 vir
1197 3087 1238 3150 de
1263 3086 1369 3170 patrio

321 3208 465 3251 sermone
479 3189 642 3275 literisque
661 3190 900 3255 humanioribus
920 3189 1040 3272 optime
1060 3189 1193 3251 meritus
1208 3186 1369 3250 Henricus

320 3288 416 3352 dean.
441 3290 542 3367 Todd,
566 3292 808 3376 Archiepiscopi
835 3290 1079 3374 chartophylax,
1102 3310 1186 3350 nuno
1212 3287 1369 3350 archidia-

321 3411 419 3451 conus
431 3389 653 3455 Clevelandiua
667 3392 775 3454 multis
787 3389 967 3453 nominibus
979 3390 1187 3454 venerandus.
1213 3388 1367 3471 Ejusdem

322 3491 457 3576 denique
479 3492 517 3556 ol.
535 3491 681 3555 Walkeri
704 3489 962 3566 correctionibus,
982 3489 1072 3574 eujus
1094 3489 1208 3553 merita
1229 3488 1261 3552 in
1282 3489 1369 3553 (lice-

322 3615 431 3656 ronem
452 3616 509 3678 per
522 3593 683 3657 Joannem
702 3592 868 3658 Davisium
887 3592 967 3656 satis
988 3599 1066 3655 nota
1086 3598 1173 3666 sunt,
1193 3590 1368 3675 symbolam

322 3696 439 3759 addere
454 3718 557 3760 meam
572 3695 731 3773 constitui,
744 3694 892 3759 nimirum
904 3702 940 3758 ut
952 3692 1069 3780 purior,
1082 3694 1109 3757 si
1124 3714 1188 3757 non
1203 3693 1367 3767 defaecata,

322 3799 471 3862 evaderet
491 3799 593 3863 saneti
610 3798 760 3884 martyris
780 3798 893 3861 oratio.
939 3797 1025 3860 Dum
1043 3795 1160 3880 repetit
1174 3796 1208 3859 iu
1222 3803 1310 3859 tomo
1325 3795 1367 3858 iv.

322 3923 385 3963 suae
409 3899 600 3965 Bibliotheca
619 3903 694 3964 ΡΡ.
717 3900 903 3966 Gallandius
922 3898 1069 3963 Walkeri
1092 3904 1125 3961 et
1148 3896 1368 3983 apographum

322 4012 355 4067 ct
371 4011 474 4079 notas,
491 4004 672 4089 opusculum
688 4004 720 4066 in
736 4003 891 4067 sectiones
906 4003 974 4088 ipse
988 3999 1105 4064 divisit.

367 4107 404 4169 P.
420 4124 492 4191 455.
510 4107 529 4170 l.
547 4111 575 4170 8.
599 4117 633 4171 et
655 4128 718 4170 una
740 4128 811 4170 curn
834 4106 939 4170 animo
962 4124 1032 4166 meo
1055 4101 1241 4185 conferenti]
1263 4101 1369 4164 Parti·

322 4209 425 4273 culam
454 4219 482 4273 ct
511 4210 656 4294 supplere
685 4231 780 4273 ausus
810 4229 889 4271 sum.
935 4205 1031 4268 Nunc
1060 4204 1251 4266 scribentem
1277 4201 1369 4265 video

324 4312 405 4396 lmp.
423 4312 668 4375 Constantinum
684 4311 716 4373 in
732 4310 873 4395 Emttolc
888 4308 971 4393 apud
990 4305 1137 4378 Caecilia,
1153 4312 1229 4368 torn.
1246 4304 1278 4367 ii.
1293 4325 1366 4388 pag.

321 4435 395 4492 441.
412 4415 461 4477 ed.
479 4413 595 4477 Mansi.
638 4412 750 4475 Verum
765 4411 821 4474 diu
840 4411 917 4473 mihi
933 4407 1085 4494 capitanii,
1102 4417 1128 4469 et
1143 4406 1177 4469 ia
1191 4405 1293 4470 animo
1307 4425 1369 4468 meo

322 4537 380 4578 acu
395 4516 540 4578 irramcrito
556 4513 692 4591 calccati,
710 4516 766 4576 hc.

369 4618 451 4681 [bid.
464 4619 483 4681 l.
498 4638 546 4681 10.
559 4616 709 4680 velocitas
724 4614 852 4680 fabricae
867 4613 959 4677 istius
974 4612 1042 4676 hae
1057 4611 1119 4696 est]
1137 4612 1257 4675 Saltem
1272 4609 1368 4674 verbo

411 4743 480 4783 vor..
496 4743 540 4781 m.
818 4737 873 4801 3⁰
