3700 5667
478 667 509 730 S.
525 667 756 733 DIONYSII.
774 672 920 735 ALEX.
939 673 1088 737 EPIST.
1106 674 1364 738 CANONICA.
1412 675 1477 742 229

434 869 507 931 τας,
525 839 626 916 ιίκαθ
647 835 767 936 ἦνκαὶ
786 847 858 922 τοῖς
876 840 1051 920 πλέουσιν
1070 842 1089 919 ὁ
1109 838 1236 942 Σωτὴρ
1258 841 1359 939 ἡμῶν
1376 874 1475 943 περι·

433 978 557 1050 πατῶν
575 975 631 1052 ἐπὶ
655 978 718 1072 τῆς
744 974 939 1074 θαλάσσης
964 976 1137 1081 ἐπεφάνη,
1156 978 1204 1058 ὡς
1222 977 1403 1076 γενναίους
1420 976 1478 1054 καὶ

435 1107 653 1212 φιλοπόνους
680 1110 939 1215 ἀποδεχόμεθα.
970 1119 1043 1194 τοῖς
1071 1110 1108 1190 δὲ
1136 1110 1272 1218 μεταξύ
1296 1115 1344 1196 ὡς
1367 1110 1480 1210 ἐκινή-

436 1249 553 1341 θησαν
580 1242 603 1342 ἢ
632 1248 678 1327 ὡς
706 1244 935 1345 ἠδυνήθησαν
964 1246 1284 1345 ἀναπαυσομένοις,
1307 1245 1358 1346 μὴ
1385 1245 1481 1327 πάνυ

408 1383 683 1483 5διευοχλῶμεν·
716 1381 787 1460 ε’πεὶ
812 1381 900 1480 μηδὲ
921 1381 986 1464 τὰς
1007 1381 1051 1487 ἓξ
1066 1388 1138 1460 τῶν
1158 1389 1330 1479 νηστειῶν
1348 1381 1480 1484 ἡμέρας

436 1512 523 1596 ἰ’σως
550 1512 638 1613 μηδὲ
667 1516 794 1612 ὁμοίως
822 1513 954 1598 πάντες
980 1517 1214 1612 διαμένουσιν·
1249 1519 1334 1594 ἀλλ’
1358 1522 1390 1595 οἱ
1415 1515 1481 1616 μὲν

437 1652 494 1727 καὶ
520 1648 643 1732 πάσας
672 1651 918 1752 ύπερτιθείασιν
946 1650 1066 1730 άσιτοι
1095 1655 1347 1748 διατελοῦντες,
1370 1657 1402 1731 οἱ
1430 1651 1479 1742 δὲ,

437 1783 510 1880 δύο,
524 1791 556 1864 οἱ
575 1783 621 1879 δὲ,
641 1793 744 1887 τρεῖς,
764 1791 795 1863 οἱ
815 1784 863 1875 δὲ,
883 1785 1078 1888 τέσσαρας,
1099 1792 1132 1865 οὶ
1151 1785 1199 1877 δὲ,
1216 1789 1390 1887 οὐδεμίαν.
1422 1790 1482 1866 καὶ

437 1926 509 2001 τοῖς
527 1917 591 2016 μὲν
608 1920 703 1999 πάνυ
718 1923 984 2021 διαπονηθεῖσιν
1002 1924 1038 2000 ἐν
1052 1929 1128 2004 ταῖς
1148 1922 1392 2024 ὑπερθέσεσιυ,
1407 1920 1482 2002 εἶτα

395 2054 684 2152 ῑοάποκάμνουσι
716 2060 773 2136 καὶ
806 2056 916 2155 μόνον
946 2059 1009 2137 οὐκ
1039 2060 1253 2154 ἐκλείπουσι,
1281 2059 1482 2159 συγγνώμη

437 2195 501 2290 τῆς
527 2192 721 2294 ταχύτερος
749 2191 916 2293 γεύσεως.
956 2198 986 2270 εί
1015 2192 1061 2271 δέ
1080 2227 1171 2276 τινες
1197 2195 1264 2296 οὐχ
1292 2193 1389 2276 ὅπως
1416 2194 1484 2297 οὐχ

439 2327 708 2427 ὑπερτιθέμενοι,
732 2325 832 2403 ἀλλὰ
860 2325 947 2424 μηδὲ
976 2326 1237 2425 νηστεύσαντες
1265 2325 1287 2425 ἢ
1316 2331 1374 2405 καὶ
1401 2361 1484 2427 τρυ-

439 2458 619 2565 φήσαντες
647 2459 711 2543 tois
738 2460 972 2563 προαγούσας
999 2461 1195 2563 τέσσαρας,
1215 2458 1291 2538 εἶτα
1318 2458 1484 2544 ἐλθόντες

439 2597 495 2674 ἐπὶ
510 2594 574 2677 τὰς
591 2598 794 2679 τελευταίας
813 2595 875 2674 δύο
890 2599 948 2674 καὶ
967 2593 1078 2693 μόνας
1097 2596 1239 2698 ἡμέρας.
1256 2595 1364 2680 αὐτὰς
1380 2599 1484 2697 ὑπερ-

394 2731 601 2827 ιετιθέντες,
620 2731 685 2828 τήν
708 2764 746 2808 τε
766 2729 999 2832 παρασκευὴν
1022 2734 1080 2809 καὶ
1103 2729 1145 2808 τὸ
1168 2727 1372 2823 σάββατον,
1393 2729 1486 2830 με’γα

439 2899 474 2943 τι
501 2868 558 2943 καὶ
587 2864 756 2966 λαμπρὸν
783 2874 896 2944 ποιεῖν
922 2867 1133 2968 νομίζουσιν,
1154 2863 1198 2943 dv
1224 2864 1328 2968 μέχρι
1354 2869 1417 2963 τῆς
1441 2864 1486 2943 ἕω

925 3000 936 3026 t
986 3001 1002 3030 Ἰ
1098 3001 1116 3030 2

440 3002 676 3098 διαμείνωσιν,
696 3001 758 3080 ούκ
777 2998 874 3100 οἶμαι
896 3036 962 3099 την
988 3035 1071 3100 ισην
1089 3005 1248 3098 αθλησιν
1268 2998 1395 3084 αὐτούς
1418 3033 1483 3079 πε·

440 3267 536 3345 gilium
549 3268 664 3326 fortiter
675 3269 829 3335 abstinent,
843 3270 871 3326 in
882 3290 940 3346 qua
990 3280 1136 3337 raverunt,
1157 3270 1262 3328 deinde
1283 3269 1388 3327 defessi
1409 3278 1487 3335 sunt,

441 3350 527 3406 etiam
547 3349 683 3406 Servator
704 3363 802 3408 noster
818 3351 848 3407 in
868 3350 939 3407 mari
990 3363 1019 3408 et
1042 3350 1250 3428 propemodum
1274 3348 1422 3415 deficiunt,
1445 3348 1488 3425 ig-

396 3429 591 3487 20ambulans
607 3429 809 3506 navigantibus
823 3451 939 3507 quoque
990 3431 1165 3487 noscendum
1191 3441 1236 3487 est
1260 3429 1337 3505 quod
1366 3428 1489 3485 celerius

442 3511 585 3587 apparuit,
602 3522 634 3567 ut
648 3531 801 3587 generosos
816 3524 845 3569 et
860 3512 940 3568 labo-
990 3521 1118 3587 gustent.
1144 3511 1175 3567 Si
1188 3511 1238 3586 qui
1249 3520 1346 3566 autem
1359 3528 1414 3564 non
1428 3527 1488 3564 mo-

442 3610 505 3646 runr
521 3590 678 3648 tolerantes
693 3592 879 3669 suscipimus:
905 3591 940 3648 iis
991 3592 1028 3650 do
1050 3611 1107 3647 non
1128 3590 1311 3654 transmissis,
1327 3588 1376 3646 sed
1397 3589 1489 3662 neje·

442 3681 537 3727 autem
549 3671 597 3746 qui
610 3671 721 3728 interea
732 3682 766 3729 ut
777 3673 848 3730 moti
861 3682 939 3738 sunt,
987 3671 1099 3748 junatis
1108 3671 1235 3748 quidem,
1247 3669 1292 3727 vel
1303 3671 1389 3727 etiam
1400 3669 1429 3724 in
1440 3668 1489 3726 de·

443 3749 488 3808 vel
523 3762 557 3807 ut
592 3762 761 3828 potuerunt,
792 3753 938 3818 desinunt,
991 3752 1085 3812 licatis
1119 3751 1303 3829 opiparisque
1338 3749 1488 3813 conviviis,

395 3847 411 3885 2
415 3840 432 3904 5
443 3851 500 3887 non
511 3830 594 3889 valde
605 3831 717 3889 molesti
729 3833 831 3890 simus:
848 3852 939 3909 quan·
991 3833 1170 3911 consumptis
1179 3831 1408 3910 precedentibus
1421 3849 1490 3906 qua-

443 3911 598 3987 doquidem
621 3932 673 3970 nec
694 3932 744 3970 sex
761 3913 939 3989 jejuniorum
991 3926 1059 3972 tuor
1069 3912 1180 3979 diebus,
1192 3912 1228 3970 ad
1241 3913 1314 3970 duos
1325 3929 1432 3986 eosque
1444 3931 1489 3967 so·

443 3990 504 4048 dies
519 3991 696 4068 aequalium
712 3992 797 4050 simili
814 3993 939 4051 toleran-
991 3994 1035 4052 los
1058 4005 1204 4050 extremos
1229 3992 1290 4050 dies
1314 4012 1380 4050 cum
1404 4010 1489 4047 vene-

443 4071 484 4128 tia
505 4092 604 4129 omues
625 4074 794 4149 perferunt:
818 4073 868 4131 sed
891 4073 939 4130 alii
991 4075 1061 4138 rint,
1073 4072 1132 4130 illis
1147 4093 1163 4129 a
1178 4094 1208 4130 so
1222 4073 1286 4129 cibo
1300 4092 1358 4128 non
1374 4081 1492 4146 gustato

443 4151 570 4227 quidem,
597 4153 642 4210 vel
668 4174 768 4210 omnes
792 4154 940 4211 transmit·
991 4153 1176 4218 transmissis,
1199 4171 1352 4229 parasceve.
1374 4160 1404 4206 et
1427 4150 1490 4207 sab-

395 4251 434 4307 30
444 4243 521 4296 tunt,
541 4232 635 4307 jejuni
659 4244 869 4310 permanentes,
891 4233 941 4290 alii
992 4235 1070 4300 bato,
1086 4252 1221 4309 magnum
1240 4231 1311 4307 quid
1328 4242 1358 4287 et
1379 4228 1492 4306 egregi-

444 4311 526 4381 duos,
539 4312 586 4369 alii
600 4323 668 4381 tres,
680 4313 729 4370 alii
745 4325 879 4389 quatuor,
892 4312 941 4370 alii
993 4334 1042 4371 um
1058 4333 1088 4371 se
1103 4312 1199 4371 facere
1218 4311 1397 4373 existimant,
1412 4309 1436 4366 si
1456 4307 1493 4366 ad

444 4391 567 4449 nullum.
607 4393 648 4449 Et
664 4394 699 4450 iis
713 4393 830 4469 quidem
846 4393 895 4468 qui
912 4393 941 4449 in
993 4413 1124 4451 auroram
1147 4411 1239 4468 usque
1261 4388 1490 4465 permanserint:

444 4471 502 4530 illis
520 4474 751 4532 transmittendis
766 4473 848 4531 valde
862 4472 943 4530 labo·
993 4494 1052 4530 non
1069 4473 1203 4531 existimo
1218 4491 1267 4528 eos
1282 4491 1319 4528 ex
1334 4489 1418 4547 aequo
1431 4489 1493 4527 cer-

860 4633 958 4681 ¹‘Matt
972 4633 1020 4681 xiv.
1036 4647 1074 4695 25.
