3700 5667
671 670 704 731 S.
721 668 1006 731 PAMPHILUS
1033 667 1255 730 MARTYR.
1423 670 1487 737 493

444 840 639 920 ἀπαρτίζεται·
676 841 724 904 καὶ
748 841 839 903 ἄλλοι
864 840 896 902 δέ
922 843 1061 904 πλεῖσται
1088 840 1150 902 κατ’
1177 840 1273 903 ἐκεῖνο
1302 842 1412 920 καιροῦ,
1440 841 1489 904 καὶ

444 951 685 1030 ἀξιολογώτατοι,
711 950 877 1032 ἀπολογίας
899 950 974 1031 ύπέρ
998 948 1087 1013 σύτοιῖ
1110 949 1320 1028 συνετάξαντο.
1352 952 1430 1032 φασὶ
1456 955 1488 1015 δέ

443 1060 496 1124 τὸν
509 1060 671 1143 Ὠριγένην
685 1063 719 1125 ἐν
733 1067 795 1128 τοῖς
814 1063 890 1126 κατὰ
910 1065 1041 1142 Σευῆρον
1063 1066 1202 1144 διωγμοῖς
1220 1060 1338 1144 γράψαι
1357 1065 1490 1143 Λεωνίδῃ

442 1176 482 1256 τῷ
499 1175 598 1253 πατρὶ,
614 1174 821 1254 ἐπαλείφοντα
837 1171 911 1253 πρὸς
930 1172 983 1237 τὸν
1005 1177 1057 1237 τοῦ
1076 1173 1234 1254 μαρτυρίου
1255 1174 1375 1254 δρόμον,
1392 1173 1429 1239 δν
1444 1175 1492 1238 καί

415 1290 540 1350 5καλῶς
560 1285 700 1365 δραμόντι
719 1289 778 1346 τῶν
797 1284 953 1365 βραβείων
972 1290 1074 1366 πιχεῖν
1095 1283 1258 1366 ἐξεγένετο·
1283 1286 1331 1348 καὶ
1351 1286 1440 1350 αὐτὸν
1459 1290 1491 1351 δέ

443 1396 652 1458 ἀποδύσασθαι
672 1394 813 1458 σπεύδειν
832 1393 906 1474 πρὸς
925 1394 959 1456 τὸ
979 1400 1038 1457 τῶν
1058 1394 1273 1476 ἀγωνισμάτων
1288 1396 1420 1470 στάδιον,
1437 1398 1491 1477 τὴν

443 1506 475 1566 δέ
494 1502 606 1582 μητέρα
627 1502 674 1566 καῖ
695 1503 806 1566 ἀκοντα
821 1507 980 1581 δυνηθῆναι
997 1507 1049 1581 τῆς
1062 1505 1152 1585 ὁρμῆς
1171 1505 1317 1587 ἐπισχεῖν·
1341 1512 1389 1570 καῖ
1404 1513 1490 1571 τοῦτο

444 1614 491 1675 καὶ
511 1613 598 1679 αὐτὸς
618 1614 652 1676 ἐν
673 1613 817 1699 ἐπιστολῇ
837 1613 931 1698 οἰκεία
951 1614 1185 1691 ἐπισημαίνεται.
1208 1617 1285 1696 φασὶ
1302 1617 1335 1679 δέ
1354 1616 1444 1680 αὐτὸν
1461 1620 1489 1694 ὅ,

442 1748 475 1786 τε
499 1721 661 1804 Πάμφιλος
680 1722 799 1803 μάρτυς,
822 1723 871 1787 καί
894 1724 990 1804 ἐτεροι
1015 1730 1164 1797 πλεῖστοι,
1188 1725 1294 1791 οἵτινες
1321 1725 1371 1788 ἀπ’
1394 1726 1490 1791 αύτῖιν

397 1838 501 1897 ιοτῶν
528 1834 699 1916 ἑωρακότων
720 1831 884 1915 Ὠριγένην
906 1837 944 1898 τὰ
969 1835 1037 1915 περὶ
1066 1838 1118 1898 τού
1143 1835 1250 1915 ἀνδρὸς
1271 1835 1489 1917 ἠκριβάσαντο,

444 1944 593 2028 διαβοήτῳ
606 1945 753 2029 μαρτυρύφ
768 1948 820 2006 τοῦ
833 1946 903 2024 βίον
920 1943 1133 2024 ἐξεληλυθέναι
1147 1943 1192 2010 ἐπ’
1209 1945 1297 2024 αὐτῆς
1312 1950 1364 2024 τῆς
1378 1952 1491 2012 Kama-

441 2061 523 2140 ρείσς
544 2061 652 2124 Δεκίου
672 2060 727 2138 τῆν
748 2062 822 2124 κατὰ
842 2066 901 2123 τῶν
921 2064 1111 2142 Χριστιανῶν
1131 2059 1266 2139 ὠμότητα
1287 2060 1439 2128 πνέοντος.
1463 2065 1492 2126 οἱ

443 2174 475 2234 δέ
497 2171 594 2252 φασὶν
609 2172 699 2237 αὐτὸν
714 2173 769 2239 ἕως
785 2171 905 2236 Γάλλου
925 2173 974 2236 καὶ
994 2174 1200 2236 Βολονσιανοῖ
1219 2172 1425 2253 διαρκέσαντα,
1443 2177 1491 2238 καὶ

444 2283 605 2361 ἑξηκοστὸν
620 2284 746 2347 ἐννατον
761 2283 825 2349 ἐτος
839 2287 890 2361 τῆς
903 2283 1020 2362 ἡλικίας
1034 2283 1157 2363 ἄγοντα,
1174 2284 1208 2346 ἐν
1222 2283 1307 2367 Τύρῳ
1324 2283 1371 2347 καὶ
1386 2291 1488 2348 τελευ-

400 2398 429 2457 ¹5
442 2395 538 2470 τῆσαι·
563 2393 612 2456 καὶ
633 2396 714 2474 ταφῇ
736 2396 949 2473 παραδοθῆναι.
975 2391 1040 2455 ἔστι
1062 2393 1094 2454 δέ
1116 2396 1235 2470 μῖιλλον
1257 2393 1342 2460 οὗτος
1361 2396 1378 2456 ὁ
1396 2395 1490 2475 λόγος

442 2503 565 2581 ἀληθὴς,
582 2505 644 2584 είγε
659 2505 690 2566 αῖ
704 2505 868 2585 φερόμεναι
886 2503 975 2565 αὐτοῦ
994 2505 1069 2582 μετὰ
1087 2501 1141 2565 τὸν
1156 2502 1285 2583 διωγμὸν
1301 2504 1410 2567 Δεκίου
1428 2506 1489 2569 ἐπι-

442 2613 548 2676 στολαὶ
563 2612 616 2676 ούκ
631 2612 735 2696 ἔχουσι
749 2612 783 2676 τδ
798 2613 945 2676 πλαστόν.
968 2611 1080 2678 παντὸς
1099 2613 1131 2675 δέ
1150 2612 1321 2692 μαθήματος
1342 2613 1424 2678 ίδέαν
1439 2615 1490 2678 αύ-

442 2722 496 2786 τόν
513 2723 592 2804 φασί
610 2722 658 2786 καὶ
677 2727 835 2802 μετελθεῖν
853 2722 902 2784 καὶ
920 2721 1079 2785 διδάσκειν.
1103 2726 1209 2785 τοῦτον
1224 2724 1324 2786 τοίνυν
1339 2723 1392 2787 τὸν
1406 2722 1490 2804 Ὠρι-

442 2834 543 2914 γέντγν,
566 2833 601 2897 δν
624 2831 884 2912 καέἈδαμάντιον
906 2833 1145 2912 ἐπονομάζεσθαί
1164 2842 1269 2914 φασιν,
1292 2836 1337 2898 ὅτι
1359 2837 1489 2914 ἀδαμαν-

396 2947 532 3011 ιοτίνοις
557 2950 677 3025 δεσμοῖς
702 2943 836 3029 ἐῴκεσαν
859 2946 909 3011 ode
934 2943 971 3009 δν
995 2945 1095 3024 δήσειε
1121 2946 1241 3027 λόγους,
1267 2947 1414 3027 ἀκροατὴν
1440 2949 1489 3010 καὶ

441 3055 581 3138 διάδοχον
597 3054 724 3135 λέγουσι
742 3054 884 3136 γενέσθαι
901 3055 1073 3135 Κλήμεντος
1087 3060 1139 3120 τοῦ
1155 3057 1358 3137 στρωματέως,
1375 3059 1422 3122 καὶ
1438 3064 1489 3121 τοῦ

441 3318 494 3359 tus.
523 3308 693 3377 Quamquam
706 3307 749 3360 alii
762 3324 867 3378 quoque
879 3307 939 3375 plu·
990 3309 1044 3361 vita
1055 3307 1208 3370 decessisse,
1218 3326 1279 3361 cum
1293 3308 1420 3361 Caesareae
1434 3309 1488 3362 De-

441 3377 500 3429 rimi
513 3394 544 3429 eo
556 3378 615 3446 ipso
624 3386 742 3444 tempore
753 3375 843 3444 magui
853 3377 939 3428 uomi-
990 3378 1048 3430 cius
1064 3394 1140 3429 suam
1152 3377 1180 3429 in
1194 3376 1359 3429 Christianos
1375 3377 1488 3431 crudeli—

441 3444 687 3515 nisviriApologiis
696 3445 841 3515 origenem
850 3443 940 3498 desen·
990 3454 1072 3499 tatem
1089 3444 1245 3499 effunderet.
1275 3446 1428 3500 Aliitamen
1441 3464 1488 3501 vo-

396 3531 409 3568 2
414 3529 429 3585 5
442 3515 561 3569 deudum
580 3523 763 3584 susceperunt.
793 3514 879 3568 Aiunt
890 3514 940 3584 igi·
990 3517 1051 3568 lunt
1068 3514 1102 3569 ad
1118 3514 1187 3568 Galli
1203 3533 1233 3569 ac
1248 3516 1388 3570 Volusiani
1403 3535 1489 3589 usque

441 3596 486 3639 tur
503 3585 648 3655 Origenem
667 3583 756 3638 Severi
771 3583 839 3654 Imp.
852 3601 939 3665 perse-
991 3594 1111 3655 tempora
1128 3584 1294 3655 perdurasse,
1312 3594 1339 3641 et
1358 3587 1489 3657 sexagesi-

441 3656 547 3710 cutioue
569 3654 694 3709 houidae
718 3655 786 3725 patri
810 3663 940 3724 scriptum
989 3673 1180 3709 mrunnonum
1194 3656 1279 3711 oetsfis
1295 3674 1396 3711 annum
1408 3675 1489 3727 agen·

441 3724 941 3798 misisse,quoadmnrtyriicurriculum
989 3734 1044 3780 tem
1059 3726 1123 3798 Tyri
1139 3735 1286 3790 mortuum,
1299 3727 1327 3781 in
1345 3726 1489 3799 eademque

441 3814 503 3850 eum
520 3804 675 3850 exacueret:
697 3804 724 3850 et
742 3813 805 3850 sane
823 3795 940 3851 stadium
990 3795 1056 3851 urbe
1068 3798 1212 3866 sepultum.
1244 3796 1313 3855 Quae
1325 3796 1433 3869 quidem
1444 3816 1489 3852 re·

393 3867 432 3922 30
440 3866 542 3921 fortiter
554 3866 696 3920 decurrens
707 3866 751 3920 ille
762 3866 884 3920 bravium
896 3884 939 3921 ac·
990 3867 1043 3921 n'or
1055 3866 1169 3921 narratio
1182 3875 1238 3921 est:
1257 3867 1373 3922 simodo
1384 3886 1488 3938 germa-

441 3937 518 4006 cepit.
549 3936 662 3991 Addunt
673 3937 831 4006 ipsum-met
844 3935 939 4007 Orige-
990 3955 1032 3991 uae
1052 3947 1124 4000 sunt,
1143 3955 1203 4008 quse
1222 3939 1352 4001 sensatur,
1370 3940 1488 4009 epistolae

441 4024 502 4060 nem
526 4024 633 4061 summo
654 4006 744 4061 studio
764 4006 835 4061 idem
855 4016 939 4061 certa·
988 4007 1059 4062 illius
1086 4016 1148 4078 post
1175 4008 1251 4061 Decii
1278 4009 1488 4078 persecutionem

440 4095 502 4130 men
512 4077 646 4146 suscipere
655 4086 782 4131 conatum
790 4076 881 4140 fuisse,
891 4076 939 4131 sed
988 4079 1154 4158 conscriptae.
1186 4077 1288 4132 Omnes
1301 4088 1390 4132 autem
1401 4079 1488 4132 omni·

442 4157 553 4201 matrem
574 4147 704 4216 impetum
720 4148 762 4200 vel
779 4146 838 4215 ipso
854 4147 938 4201 invito
990 4165 1025 4201 no
1035 4146 1186 4226 disciplinas
1196 4147 1284 4216 ipsum
1297 4157 1323 4200 et
1379 4148 1488 4217 cepisse,

392 4236 428 4293 35
440 4217 603 4271 refraenm.
616 4214 689 4289 quod
701 4217 791 4286 ipsum
804 4216 868 4270 item
884 4217 939 4285 epi·
990 4225 1016 4270 et
1037 4216 1159 4270 docuisse
1179 4217 1277 4270 serunt.
1350 4234 1404 4271 unc
1424 4218 1488 4271 item

440 4288 509 4341 stola
546 4286 644 4341 uadem
664 4303 714 4341 sua
733 4293 859 4340 testatum
880 4286 939 4340 reli-
992 4287 1135 4356 Origenem
1152 4286 1244 4357 (quem
1259 4287 1338 4340 etiarn
1354 4287 1489 4340 Adaman-

528 4305 612 4416 buin
626 4356 781 4437 Pamphilus
792 4364 901 4427 martyr,
914 4366 941 4410 et
991 4357 1058 4411 tium
1084 4355 1301 4425 cognominatum
1325 4374 1357 4409 ex
1381 4373 1412 4410 eo
1436 4365 1489 4409 tra·

459 4358 506 4411 uit.

440 4375 484 4480 dri
500 4445 563 4481 cum
579 4444 610 4481 eo
626 4428 742 4497 plemma,
754 4443 797 4481 res
816 4424 941 4496 Origenis
992 4426 1070 4490 dunt,
1082 4423 1154 4498 quod
1166 4427 1291 4489 rationes,
1303 4445 1370 4499 quas
1382 4427 1490 4496 colliga·

440 4514 473 4551 ex
488 4497 539 4551 illis
557 4497 632 4567 ipsis,
649 4497 696 4567 qui
712 4495 847 4550 hominem
867 4496 939 4551 vide·
991 4507 1040 4560 ret,
1053 4495 1228 4550 adamantinis
1240 4495 1403 4569 quibusdam
1414 4495 1490 4567 quasi

391 4588 432 4642 40
441 4576 510 4630 rent,
527 4567 677 4621 accuratius
694 4565 861 4636 perscrutati,
879 4584 939 4621 aar·
990 4566 1103 4621 vinculis
1116 4582 1170 4620 non
1183 4566 1317 4623 absimiles
1327 4565 1490 4633 viderentur)

441 4646 509 4701 rant,
531 4655 593 4691 eum
615 4637 711 4691 celebri
732 4636 859 4707 martyrio
880 4644 939 4691 tum
990 4636 1138 4691 auditorem
1161 4636 1243 4692 fuisse
1265 4637 1409 4693 (dementis
1432 4635 1490 4706 ejus
