3700 5667
581 664 613 725 S.
630 660 915 725 PAMPHILUS
942 660 1165 723 MARTYR.
1333 662 1397 729 493

354 835 549 915 ἀπαρτίζεται·
586 835 633 898 καὶ
658 835 748 898 ἄλλοι
773 834 805 896 δὲ
832 836 971 897 πλεῖστοι
998 833 1060 895 κατ’
1087 834 1183 896 έκεῖνο
1211 836 1322 913 καιροῦ,
1350 833 1398 896 καὶ

355 945 594 1025 ἀξιολογώτατοι,
620 944 787 1026 ἀπολογίας
809 945 883 1025 ὑπέρ
907 942 996 1007 αὐτοῦ
1020 942 1229 1021 συνετάξαντο.
1262 945 1340 1024 φασὶ
1365 947 1398 1007 δέ

353 1054 406 1118 τάν
419 1054 580 1137 Ὠριγένην
596 1057 629 1119 έν
642 1061 705 1122 τοῖς
724 1058 799 1120 κατὰ
820 1059 951 1137 Σαιῖγρον
973 1060 1111 1138 διωγμοῖς
1130 1053 1248 1136 γράψαι
1267 1057 1400 1135 Λεωνίδῃ

352 1169 392 1251 τῷ
409 1169 508 1247 πατρὶ,
524 1168 731 1248 έπαλείφσντα
747 1165 821 1247 πρὸς
839 1165 892 1230 τὸν
913 1171 967 1230 τοῦ
986 1166 1144 1247 μαρτνρίσν
1165 1167 1285 1247 δρόμον,
1302 1166 1338 1232 δν
1354 1168 1402 1231 καὶ

324 1283 450 1344 5καλῶς
469 1279 610 1359 δραμόντι
630 1283 688 1340 τιῖν
707 1279 863 1359 βραβεύων
882 1283 985 1360 πιχεῖν
1005 1277 1168 1358 ἐξεγένετο·
1193 1279 1241 1342 καὶ
1261 1279 1351 1342 αὐτὸν
1369 1282 1401 1343 δὲ

352 1389 562 1454 ἀποδύσασθαι
583 1389 724 1451 σπεύδειν
742 1387 816 1468 πρδς
835 1388 869 1450 τὸ
889 1394 948 1451 τιῖν
968 1388 1183 1469 ἀγωνισμάτων
1198 1389 1330 1464 στάδιον,
1347 1391 1401 1470 τὴν

352 1501 384 1561 δὲ
403 1497 515 1578 μητέρα
537 1498 585 1561 καὶ
605 1498 716 1561 ἄκοντα
731 1501 890 1576 δυνηθῆναι
907 1501 959 1576 τῆς
973 1498 1063 1578 ὁρμῆς
1081 1498 1227 1580 ἐπισχεῖν·
1252 1505 1299 1563 καῖ
1314 1507 1400 1564 τοῦτο

353 1610 402 1671 καὶ
421 1608 508 1675 αὐτὸς
528 1608 562 1671 έν
582 1609 727 1694 έπιστολῇ
747 1606 841 1692 οἰκεία
861 1608 1095 1685 ἐπισημαίνεται.
1118 1610 1245 1689 φασὶδέ
1264 1610 1399 1686 αύτδνὸ,

352 1743 386 1781 τε
409 1716 571 1799 Πάμφιλος
590 1716 709 1797 μάρτνς,
732 1718 780 1781 καὶ
805 1717 900 1798 ἕτεροι
925 1723 1074 1790 πλεῖστοι,
1098 1718 1204 1784 οἵτινες
1231 1718 1281 1781 ἀπ’
1304 1719 1401 1783 αύτιῖν

307 1833 412 1892 toreio
438 1830 609 1909 ἑωρακότων
630 1826 794 1909 Ὠριγένην
817 1831 854 1892 τά
879 1829 948 1908 περὶ
979 1831 1028 1890 τοῦ
1054 1828 1160 1908 ἀνδρὸς
1182 1828 1399 1909 ἠκριβιῖσαντσ,

355 1939 503 2023 διαβοήτῳ
517 1939 663 2023 μαρτυρίιρ
678 1942 730 2000 τοῦ
744 1939 814 2018 βίον
830 1937 1044 2018 ἐξεληλυθέναι
1058 1937 1102 2002 ἐπ’
1119 1939 1207 2017 αὐτῆς
1223 1943 1274 2017 τῆς
1289 1944 1401 2005 Καισα-

352 2055 434 2135 ρείας
454 2055 563 2118 Δεκίου
583 2053 637 2132 τὴν
658 2057 732 2117 κατὰ
753 2060 812 2118 τῶν
832 2058 1021 2135 Χριστιανῶν
1041 2053 1177 2132 ὠμότητα
1197 2053 1350 2121 πνέοντος.
1373 2058 1403 2118 οἱ

354 2168 386 2229 δὲ
407 2166 503 2248 φασὶν
519 2167 610 2232 αὐτὸν
625 2167 679 2234 ἕως
695 2166 816 2230 Γάλλου
836 2167 884 2228 καὶ
904 2167 1111 2228 Βολονσιανοιῖ
1130 2165 1336 2246 διαρκέσαντα,
1354 2168 1402 2230 καὶ

354 2279 516 2357 ἑξηκοστὸν
530 2279 656 2342 έννατον
671 2277 736 2344 έτος
750 2281 801 2355 τῆς
814 2277 930 2355 ἡλικίας
945 2277 1068 2356 ἀγοντα,
1085 2277 1119 2339 έν
1132 2277 1218 2360 Τύρῳ
1234 2276 1282 2340 καῖ
1296 2284 1398 2342 τελευ-

311 2393 340 2452 ¹5
353 2390 449 2465 πῖσαι·
474 2388 522 2451 καὶ
544 2391 624 2468 ταφῇ
647 2389 859 2467 παραδοθῆναι.
885 2385 951 2448 ἔστι
973 2387 1006 2448 δὲ
1027 2388 1146 2463 μᾶλλον
1168 2385 1252 2453 οὗτος
1272 2389 1288 2449 δ
1307 2388 1400 2468 λόγος

352 2498 476 2577 ἀληθὴς,
492 2500 554 2579 εἴγε
570 2500 601 2561 σί
615 2500 779 2579 φερόμεναι
797 2497 885 2559 αὐτοῦ
904 2498 979 2574 μετὰ
998 2495 1052 2558 τὸν
1067 2495 1196 2576 διωγμὸν
1212 2496 1321 2559 Δεκίου
1338 2499 1400 2561 έπι-

353 2608 460 2670 στολαὶ
474 2607 526 2670 οὐκ
542 2606 646 2690 έχουσι
660 2606 694 2670 τδ
709 2607 855 2669 πλαστύν.
878 2605 991 2671 παντὸς
1010 2607 1042 2668 δέ
1061 2605 1232 2685 μαθήματος
1253 2605 1335 2670 ἰδέαν
1350 2607 1401 2670 αύ-

353 2717 407 2781 τδν
424 2718 503 2799 φασὶ
521 2717 569 2780 καὶ
588 2720 746 2795 μετελθεῖν
765 2715 812 2778 καὶ
831 2714 990 2778 διδάσκειν.
1014 2720 1120 2778 τοῦτον
1136 2717 1236 2779 τοίνυν
1250 2716 1303 2780 τάν
1317 2714 1401 2797 Ὠρι-

353 2828 455 2909 γένην,
477 2827 513 2890 δν
536 2828 583 2890 καὶ
596 2825 795 2905 Ἀδσμύντισν
818 2826 1056 2905 έπονομάζεσθαί
1074 2835 1180 2909 φασιν,
1203 2830 1248 2889 ὅτι
1270 2830 1400 2907 ἀδαμαν-

307 2942 444 3005 ιοτίνοις
468 2943 589 3018 δεσμοῖς
614 2936 747 3022 ἐῴκεσαν
770 2938 820 3004 aas
844 2936 882 3001 δν
905 2938 1006 3017 δήσειε
1032 2939 1152 3020 λόγους,
1179 2939 1325 3019 ἀκροατὴν
1352 2941 1400 3003 καὶ

353 3049 493 3131 διθδοχσν
509 3047 636 3128 λέγουσι
653 3046 796 3128 γενέσθαι
812 3047 984 3127 Κλήμεντος
998 3053 1050 3112 τοῦ
1066 3049 1269 3129 στρωματέως,
1286 3052 1333 3114 καὶ
1349 3056 1400 3113 τοῦ

354 3313 406 3355 tus.
435 3302 605 3373 Quamquam
617 3302 661 3355 alii
673 3318 778 3372 quoque
791 3302 850 3369 plu·
900 3302 955 3355 vita
966 3300 1118 3363 decessum,
1129 3319 1190 3354 cum
1204 3302 1331 3354 Caeeareae
1345 3302 1399 3355 De·

354 3372 413 3425 rimi
425 3390 456 3425 eo
467 3373 526 3442 ipao
535 3383 653 3441 tempore
664 3371 755 3441 magui
765 3371 850 3424 nomi·
901 3371 959 3425 ciua
975 3388 1051 3423 suam
1063 3371 1091 3423 in
1105 3370 1270 3423 Christianos
1286 3370 1399 3424 crudeli-

353 3442 598 3512 niaririApologiia
607 3439 851 3511 Origenemdesen·
901 3448 982 3495 tatem
1000 3439 1155 3494 effunderet.
1186 3440 1399 3494 Aliitamenvo-

307 3528 321 3565 2
326 3526 341 3582 5
354 3512 473 3566 dandum
491 3520 674 3582 susceperunt.
704 3510 790 3565 Aiunt
801 3510 851 3580 igi-
901 3512 962 3565 lunt
979 3509 1013 3564 ad
1029 3510 1099 3563 Galli
1114 3527 1144 3563 ac
1160 3510 1299 3564 Volusiani
1314 3529 1400 3583 unque

353 3592 398 3637 tur
414 3582 559 3652 Origenem
578 3581 668 3636 Severi
682 3580 750 3650 Imp.
763 3597 850 3662 perae-
901 3589 1022 3650 tempora
1039 3580 1205 3650 perdurasse,
1224 3588 1251 3634 et
1269 3581 1400 3651 mageni-

353 3653 459 3707 cutione
481 3651 605 3706 leonidae
630 3652 697 3722 patri
722 3659 852 3722 scriptum
899 3669 976 3705 mum
988 3668 1092 3704 nonum
1105 3651 1190 3704 αιαιίι
1206 3668 1307 3705 annum
1320 3669 1400 3721 agen·

353 3722 851 3794 miumquoadmartyriicurriculum
900 3729 956 3776 tem
971 3721 1035 3793 Tyri
1051 3730 1198 3784 mortuum,
1210 3721 1239 3775 in
1256 3719 1400 3793 eademque

352 3811 415 3848 curn
432 3801 587 3847 exacueret:
610 3801 635 3846 et
654 3810 717 3845 eane
735 3791 851 3846 stadium
901 3790 968 3847 urbe
980 3793 1123 3861 sepultum.
1155 3790 1224 3849 Quae
1236 3790 1344 3864 quidem
1355 3810 1400 3846 ve-

304 3865 343 3920 30
352 3863 454 3917 sortiter
466 3861 608 3916 decurrene
620 3862 662 3916 ille
674 3862 795 3916 bravium
807 3879 850 3916 ac·
901 3862 955 3916 n'or
967 3862 1081 3916 narratio
1093 3871 1149 3916 eat:
1169 3862 1192 3916 ai
1203 3862 1285 3916 modo
1296 3879 1400 3932 germa-

352 3933 430 4003 cepit.
461 3932 574 3987 Addunt
586 3933 743 4002 ipsum-met
756 3933 851 4003 Orige-
901 3951 943 3986 nae
964 3942 1036 3995 aunt,
1055 3950 1114 4003 quae
1133 3933 1264 3996 semntur,
1282 3934 1400 4003 epiatolae

352 4021 415 4057 nem
438 4020 545 4057 summo
566 4002 656 4057 studio
676 4002 747 4057 idem
768 4011 851 4056 certa·
900 4003 971 4057 illiue
999 4012 1060 4072 post
1087 4002 1163 4056 Decii
1190 4003 1399 4072 persecutionem

352 4091 414 4127 men
424 4074 558 4143 mcipere
567 4082 693 4127 conatum
702 4071 851 4135 suiaee‚ecd
900 4073 1066 4152 conscriptae.
1098 4071 1200 4126 Omnee
1213 4073 1400 4126 autemomni-

353 4152 465 4197 matrem
486 4142 616 4212 impeturn
632 4143 674 4196 rel
692 4143 750 4212 ipao
765 4142 850 4196 invito
901 4160 937 4196 no
946 4141 1098 4220 disciplinae
1108 4141 1196 4210 ipsum
1209 4151 1235 4194 et
1277 4141 1399 4210 rcepiaae,

304 4233 340 4290 35
352 4213 515 4267 refraenaaae.
528 4210 601 4285 quod
613 4213 702 4282 ipsum
717 4212 780 4265 item
796 4212 850 4280 epi·
901 4221 928 4265 et
949 4211 1071 4264 docuisse
1091 4210 1189 4264 ferunt.
1262 4228 1315 4265 unc
1337 4210 1400 4264 item

352 4284 421 4337 stola
458 4282 556 4337 uadem
577 4299 626 4337 aua
645 4289 771 4336 testatum
792 4282 851 4336 reli·
903 4281 1047 4350 Origenem
1064 4280 1155 4350 (quem
1171 4280 1250 4334 etiam
1266 4280 1401 4333 Adaman-

370 4354 418 4407 uit.
476 4353 524 4408 uin
538 4352 693 4433 Pamphilus
705 4361 813 4422 martyr,
826 4361 853 4405 et
902 4352 970 4406 tium
996 4350 1213 4420 cognominatum
1236 4368 1269 4402 ex
1293 4366 1324 4403 eo
1348 4359 1401 4403 tra-

352 4371 475 4477 ffiiicum
491 4440 522 4477 eo
538 4423 654 4492 plurimi,
666 4439 709 4477 rea
728 4420 852 4492 Origenie
904 4420 982 4484 dunt,
994 4417 1067 4491 quod
1079 4421 1203 4483 rationes,
1215 4438 1282 4492 quaa
1295 4420 1402 4489 colliga·

353 4509 385 4546 ex
400 4493 452 4547 illie
470 4493 544 4563 ipeia,
561 4492 608 4563 qui
623 4490 760 4546 hominem
779 4491 851 4545 vide·
903 4501 952 4554 ret,
965 4490 1140 4544 adamantinis
1153 4488 1316 4561 quibusdam
1327 4489 1402 4560 quaai

303 4584 344 4638 40
354 4571 423 4626 rant,
439 4563 589 4618 accuratius
607 4562 773 4632 perscrutati,
791 4579 851 4616 nar-
902 4561 1016 4616 vinculis
1028 4577 1083 4614 uon
1096 4560 1230 4615 absimiles
1239 4558 1403 4626 viderentur)

353 4642 422 4696 rant,
443 4651 505 4687 eum
528 4632 624 4686 celebri
645 4632 771 4702 martyrio
792 4640 850 4684 tum
902 4631 1050 4685 auditorem
1073 4630 1155 4685 iuiaee
1177 4630 1322 4686 biernentia
1345 4628 1402 4698 ejus
