3700 5667
557 668 607 732 IN
634 669 866 732 CONCILIA
890 671 1137 733 CARTHAG.
1301 672 1365 735 143

317 837 429 902 statim
444 836 505 921 Ep.
524 858 595 899 uxr.
613 837 667 919 (el.
684 839 784 919 cxiv.)
809 837 937 900 Festus.
985 839 1185 922 Quamquam
1208 839 1367 903 Pemelius

318 946 471 1021 agriosont
483 937 637 1000 editiones
649 937 790 1001 Manutii
800 946 833 1002 et
843 937 982 1002 Morellii
995 939 1066 1003 istie
1078 940 1195 1003 hebere
1206 940 1368 1024 quendam,

318 1039 420 1122 magis
434 1046 543 1102 temen
558 1038 586 1101 ei
602 1039 721 1122 placuit
736 1040 830 1104 lectio
844 1048 987 1104 veterum
1002 1041 1189 1117 editionum,
1203 1041 1235 1103 in
1254 1041 1368 1126 quibus

318 1141 471 1225 scriptum
491 1149 541 1204 cst
555 1143 693 1226 quodam,
710 1164 780 1205 eum
796 1143 941 1206 videlicet
963 1144 1004 1206 ob
1026 1152 1219 1219 consumat
1238 1143 1290 1207 ille
1309 1144 1366 1220 eit,

319 1244 403 1328 quod
424 1245 502 1309 satie
524 1253 650 1309 constet
671 1268 711 1309 ex
732 1246 937 1329 sequentibus
951 1246 1055 1309 adhuc
1071 1245 1185 1308 vixisse
1202 1245 1367 1309 Victorem

318 1347 540 1431 presbyterum
576 1370 647 1410 cum
676 1348 853 1432 Cyprianus
884 1348 967 1411 heno
1004 1346 1171 1432 epistolem
1204 1347 1366 1412 scriberet.

320 1448 415 1517 Quod
435 1458 484 1513 est
507 1450 727 1514 certissimum.
773 1452 891 1513 Verum
912 1473 972 1514 vox
995 1450 1146 1535 quondum
1167 1472 1230 1512 non
1252 1451 1366 1536 occipi-

319 1553 401 1615 endn
423 1559 473 1616 est
492 1554 526 1616 in
547 1554 607 1615 hoc
625 1553 694 1615 loco
712 1560 865 1637 tanquam
884 1552 1016 1638 intelligi
1031 1553 1163 1616 deberet
1185 1553 1225 1616 de
1240 1553 1367 1619 homine

320 1654 479 1731 defuneto,
491 1656 547 1718 sed
558 1656 599 1718 de
611 1678 649 1719 eo
661 1655 715 1740 qui
727 1656 949 1740 poenitentium
960 1656 1134 1741 accepisset
1145 1666 1219 1740 post
1233 1657 1366 1741 lapsum,

320 1758 461 1841 dejectus
483 1767 554 1822 erat
574 1759 614 1822 de
633 1759 734 1842 gredu
755 1759 944 1843 presbyteri,
962 1759 1045 1823 sicut
1067 1759 1151 1821 inire
1177 1759 1278 1842 Epist.
1294 1760 1367 1822 lxiv.

320 1881 392 1943 pag.
413 1880 482 1921 110.
508 1859 624 1942 legitur
647 1861 904 1923 Fortcrtotianem
923 1861 1072 1944 quondam
1092 1860 1180 1944 apud
1197 1882 1246 1922 voe
1259 1861 1368 1944 episeo-

313 1984 400 2046 pum.
439 1961 622 2026 Lectionem
638 1985 733 2047 porro
750 1984 843 2046 quam
859 1984 917 2025 nos
932 1984 1116 2025 revocemus
1132 1961 1282 2025 exhibent
1297 1962 1368 2024 libri

321 2075 443 2129 veteres
457 2073 490 2129 et
511 2065 725 2130 vetustissime
744 2065 838 2148 hujus
853 2065 996 2150 epistolae
1012 2064 1114 2127 versio
1129 2063 1259 2146 Syriaca
1274 2086 1370 2147 quem

321 2176 425 2232 servet
449 2167 641 2231 bibliothece
667 2166 857 2230 serenissimi
888 2166 989 2229 Ducis
1020 2165 1202 2241 Florentiae,
1233 2166 1281 2229 uti
1310 2187 1370 2251 ego

321 2270 427 2354 accepi
453 2292 473 2333 a
499 2270 566 2333 viro
591 2270 683 2333 istius
710 2269 824 2354 linguae
849 2277 883 2332 et
909 2269 1063 2332 bonarum
1087 2269 1265 2332 litterarum
1289 2268 1370 2353 peri·

321 2372 444 2436 tissime
460 2371 598 2435 Eusebio
614 2372 824 2435 Reneudotio.
871 2371 924 2434 Sic
940 2373 972 2433 iu
987 2370 1122 2455 epistole
1139 2370 1254 2434 Felicis
1270 2373 1369 2455 l‘epae

324 2474 384 2536 lll.
409 2476 450 2538 sd
475 2474 640 2548 Acacium,
666 2473 816 2558 quondum
839 2474 998 2558 episcopos,
1025 2496 1106 2537 ricco
1127 2497 1194 2538 cero
1218 2474 1371 2537 terrorest

322 2576 523 2640 wmmunicce
539 2577 689 2660 privatos,
738 2576 879 2638 Possunt
906 2576 1037 2660 reperiri
1064 2576 1201 2662 plurime
1227 2577 1370 2662 exemplu

323 2678 633 2741 similie.Bscuz1us.
679 2678 756 2742 Jern
776 2686 943 2762 receperat
966 2678 1074 2741 Fellus
1092 2678 1258 2741 lectionem
1281 2701 1371 2762 qucu-

324 2782 396 2845 dcm
412 2781 573 2844 codicibus
588 2780 652 2844 suis
670 2781 773 2857 nixus,
789 2780 902 2865 quibus
925 2803 1009 2843 nunc
1024 2780 1163 2866 adjungo
1179 2788 1317 2865 quatuor
1331 2804 1371 2844 ex

325 2884 462 2968 quinque
477 2882 547 2956 illie,
559 2883 672 2966 quibus
688 2906 762 2946 usus
778 2906 857 2947 sum.
890 2886 1022 2948 Interea
1031 2884 1117 2948 haud
1126 2883 1249 2947 licuisse
1261 2884 1372 2948 clerico

325 2987 376 3070 qui
392 2986 612 3071 poenitentium
635 2986 762 3069 egisset,
786 2986 925 3071 recipere
948 2987 1051 3050 locum
1070 3009 1161 3049 suum
1184 2987 1215 3049 in
1230 2986 1372 3063 ecclesie,

326 3090 402 3154 setis
417 3089 558 3153 ostendit
574 3088 722 3152 Basilidis
737 3089 914 3173 exemplum
930 3090 962 3152 in
983 3090 1099 3153 litteris
1121 3090 1286 3174 Synodicis
1301 3111 1372 3173 pro-

326 3191 407 3256 xime
437 3199 510 3276 post
539 3191 598 3255 hue
626 3192 830 3275 sequentibus
862 3200 1153 3255 commemoratum.
1218 3193 1372 3274 Idemque

326 3293 483 3358 inculcent
498 3315 569 3356 cum
585 3293 741 3377 Rigaltius
756 3293 830 3356 alibi
853 3292 886 3355 in
905 3294 998 3356 Notis
1014 3292 1060 3355 ad
1080 3292 1279 3376 depectunt,
1303 3299 1372 3354 tum

326 3395 548 3479 Albespinaeue
565 3395 728 3459 Obrereott.
744 3396 780 3458 de
805 3394 953 3459 Veteribus
970 3395 1085 3458 Eccles.
1106 3395 1170 3456 Bit.
1186 3393 1240 3456 lib.
1256 3393 1288 3455 ii.
1303 3414 1373 3477 cop.

326 3515 377 3578 34.
400 3496 656 3582 Binghsmueque
678 3498 828 3582 deliquit.
851 3498 964 3561 Erotes.
990 3498 1099 3560 Christ.
1122 3495 1176 3558 lib.
1200 3494 1232 3558 ii.
1255 3516 1324 3579 cup.
1342 3514 1372 3560 s.

329 3602 477 3784 llssgl·
491 3621 522 3765 l.
534 3723 582 3786 ¹3·
606 3710 726 3767 temere
749 3703 926 3788 Therapius
946 3703 1065 3788 college
1088 3705 1207 3788 noster]
1226 3701 1377 3768 Belnziue

329 3802 455 3884 quidem
483 3803 618 3867 duomm
648 3803 797 3867 librorum
828 3817 970 3867 veterum
995 3803 1058 3866 fide
1084 3803 1187 3881 nixus,
1214 3826 1235 3866 e
1262 3804 1376 3887 quibus

328 3904 439 3968 eberat
456 3927 518 3967 vox
533 3914 647 3980 temere,
664 3906 797 3969 eandem
816 3913 853 3969 ut
873 3927 893 3968 e
915 3904 1011 3969 sciolo
1032 3906 1169 3988 quodum
1189 3929 1228 3970 ex
1244 3927 1376 3989 sequen·

328 4006 413 4070 tibus
428 4028 499 4091 pag.
515 4006 610 4090 hujus
624 4007 678 4069 lin.
697 4028 746 4071 20.
765 4009 922 4092 adjectum
945 4006 1104 4091 neglexit;
1130 4030 1200 4090 quae
1216 4030 1290 4071 vero
1306 4008 1375 4090 ipso

328 4111 449 4174 fetente
471 4111 541 4173 m'ro
564 4110 601 4173 cl.
625 4110 658 4173 in
680 4111 822 4195 pluribus
844 4111 1004 4174 veteribus
1026 4111 1258 4194 exemplaribus
1282 4111 1376 4175 lectio

327 4212 456 4276 invente
482 4219 544 4288 eet,
568 4212 651 4277 hene
675 4236 734 4298 ego
758 4214 885 4277 minime
909 4213 1132 4276 eliminandam
1155 4213 1273 4296 putavi,
1297 4236 1377 4297 prae-

328 4314 437 4378 sertim
463 4336 535 4378 cum
562 4314 642 4378 bene
668 4315 848 4379 conveniret
872 4316 941 4378 loco
964 4337 1021 4377 suo
1043 4314 1238 4378 vocobulum.
1285 4315 1377 4380 Nune

328 4437 387 4500 ego
402 4416 484 4480 hene
501 4417 660 4481 editorum
676 4417 826 4481 librorum
839 4417 1005 4480 lectionem
1022 4417 1053 4478 in
1069 4416 1167 4478 codiee
1177 4417 1278 4501 reperi
1294 4419 1379 4481 Neci

331 4519 452 4606 Oollsqie‘
471 4520 576 4604 preori
593 4525 627 4585 et
648 4521 681 4583 in
698 4519 811 4584 docter
829 4520 911 4583 ricem.
959 4518 1022 4580 Sed
1043 4517 1075 4579 in
1091 4518 1188 4581 codice
1204 4521 1287 4583 Neci
1304 4519 1377 4584 eorl.
