3700 5667
396 659 460 720 122
691 656 940 734 RELIQUIAE
967 655 1144 718 SACRAE.

392 826 537 890 adversas
559 845 603 888 ms
622 834 673 899 eet,
693 834 720 887 et
742 824 795 907 qui
816 812 874 887 non
898 845 1011 887 raecum
1032 822 1144 908 colliqes
1166 822 1293 908 eparpit.
1348 819 1443 883 Unde

393 941 520 1000 constat
543 956 637 1019 super
651 933 733 997 filios
754 932 874 997 alienos
896 942 930 998 et
948 933 1073 997 soboles
1094 933 1274 998 antichristi
1297 931 1442 1017 spiritum

393 1054 540 1111 sunctum
560 1067 618 1130 per
638 1066 750 1108 manus
768 1044 1001 1129 impositionem
1028 1043 1247 1108 tantummodo
1268 1065 1332 1106 non
1352 1064 1444 1127 posse

392 1157 593 1233 descendere,
617 1176 688 1220 cum
714 1154 917 1218 manifestum
941 1154 984 1218 sit
1007 1154 1175 1218 haereticos
1199 1152 1359 1239 baptisma
1380 1175 1443 1216 non

393 1267 521 1332 habere.
1453 1289 1470 1349 5

439 1377 556 1441 XXV.
581 1377 764 1441 Victorinus
778 1399 799 1440 a
814 1377 988 1441 Thabraca
1002 1377 1095 1441 dixit.
1141 1377 1175 1440 Si
1195 1376 1270 1440 licet
1287 1375 1444 1439 haereticis

397 1489 560 1572 baptizare
576 1494 610 1551 et
624 1487 789 1550 remissam
808 1494 1012 1571 peccatorum
1033 1487 1121 1563 dare,
1138 1487 1213 1571 quid
1228 1486 1299 1550 illos
1313 1486 1444 1550 infama-

395 1620 465 1661 mus
480 1605 514 1662 et
529 1598 695 1661 haereticos
710 1597 929 1681 appellamus!

441 1708 577 1770 XXVI.
600 1708 693 1771 Alius
709 1707 801 1771 Felix
821 1709 862 1772 ab
879 1706 1006 1772 Uthina
1025 1708 1116 1772 dixit.
1164 1707 1293 1771 Nemini
1315 1705 1445 1769 dubium

391 1828 453 1895 est,
469 1819 659 1884 sanctissimi
675 1820 929 1892 consacerdotes,
946 1840 1009 1881 non
1024 1824 1151 1883 tantum
1167 1840 1259 1903 posse
1273 1817 1444 1881 humanam
1458 1840 1493 1878 ιο

395 1931 673 2016 praesumptionem
711 1937 865 2015 quantum
903 1930 1034 1994 Domini
1071 1929 1172 1994 nostri
1209 1931 1232 1992 J
1235 1951 1289 1993 esu
1326 1928 1444 1994 Christi

396 2044 593 2108 adorandam
623 2051 656 2108 et
680 2042 889 2106 venerabilem
918 2043 1130 2126 majestatem.
1185 2043 1345 2105 Memores
1369 2062 1445 2126 ergo

398 2154 536 2240 periculi,
549 2154 609 2217 hoc
623 2175 747 2238 quoque
763 2174 825 2215 nou
840 2162 968 2217 tantum
983 2153 1150 2217 observare
1165 2153 1327 2229 debemus,
1337 2173 1445 2216 verum

398 2265 496 2329 etiam
524 2265 566 2328 ab
597 2265 742 2328 omnibus
771 2265 863 2328 nobis
900 2265 1079 2329 confirmari
1109 2271 1236 2350 oportet
1270 2273 1308 2329 ut
1337 2286 1446 2328 omnes

397 2372 538 2437 haeretici
554 2374 607 2456 qui
627 2373 669 2436 ad
687 2374 792 2437 sinum
807 2375 919 2438 matris
940 2375 1079 2440 ecclesiae
1099 2382 1269 2439 accurrunt
1286 2375 1445 2459 baptizen·
1460 2391 1492 2447 ¹5

397 2492 463 2559 tur,
489 2491 526 2547 ut
551 2505 641 2546 mens
666 2484 827 2562 haeretica,
854 2506 925 2569 ques
953 2485 1105 2550 diuturna
1134 2486 1210 2550 tabe
1239 2485 1361 2570 polluta
1386 2492 1447 2561 est,

396 2594 647 2660 sanctificatione
661 2594 778 2658 lavacri
794 2603 932 2680 purgata
946 2595 979 2658 in
995 2595 1104 2659 melius
1119 2597 1316 2660 reformetur.

441 2707 597 2769 XXVII.
623 2706 757 2784 Quietus
783 2728 804 2770 a
832 2706 959 2770 Buruch
986 2706 1079 2771 dixit.
1126 2706 1190 2776 Qui
1214 2708 1276 2770 fide
1302 2706 1444 2783 vivimus,

395 2815 527 2899 obsequi
549 2814 588 2878 iis
603 2836 675 2899 quae
694 2815 887 2879 instruendis
907 2815 998 2879 nobis
1020 2824 1096 2880 ante
1119 2816 1272 2901 praedicta
1291 2822 1367 2881 sunt
1382 2838 1447 2880 cre-

396 2925 472 2988 dula
500 2925 721 2989 observatione
754 2926 914 2990 debemus.
975 2926 1062 2990 Nam
1099 2927 1253 3012 scriptum
1284 2932 1333 2991 est
1362 2927 1446 3010 apud
1459 2951 1496 2989 ιο

398 3034 614 3099 Salomonem:
641 3048 666 3081 ¹¹¹
675 3035 734 3114 Qui
749 3033 924 3119 baptizatur
938 3059 959 3099 a
973 3046 1099 3113 monuo,
1114 3037 1321 3122 quidproficit
1335 3036 1449 3100 hautio

397 3145 485 3228 ey‘us?
530 3144 621 3224 Quod
636 3145 746 3230 utique
761 3146 802 3210 de
817 3146 866 3210 his
882 3146 936 3230 qui
951 3148 993 3211 ab
1007 3147 1166 3212 haereticis
1180 3148 1350 3234 tinguntur
1363 3154 1397 3212 et
1408 3148 1448 3212 de

397 3254 597 3339 tingentibus
611 3255 760 3340 loquitur.
808 3256 840 3319 si
864 3257 947 3320 enim
968 3258 1022 3342 qui
1044 3259 1129 3342 apud
1152 3257 1222 3321 illos
1244 3258 1450 3343 baptizantur

398 3387 455 3450 per
469 3366 684 3431 remissionem
699 3354 901 3452 peecatorum
919 3368 1017 3432 vitam
1031 3379 1185 3433 aeternam
1201 3376 1448 3453 consequuntur,

397 3498 454 3540 cur
474 3478 514 3541 ad
538 3478 701 3542 ecclesiam
721 3479 871 3543 veniunt?
915 3478 949 3543 Si
966 3501 1039 3543 vero
1054 3500 1074 3543 a
1090 3486 1216 3544 mortuo
1238 3479 1352 3544 salutis
1372 3477 1448 3543 nihil
1459 3502 1496 3560 25

397 3589 562 3673 accipitur,
577 3612 615 3654 ac
634 3598 805 3675 propterea
819 3589 930 3675 agnito
945 3612 1051 3654 errore
1073 3591 1209 3676 pristino
1224 3592 1266 3655 ad
1281 3591 1448 3656 veritatem

397 3720 468 3762 cum
495 3701 684 3783 poenitentia
707 3708 918 3780 revertuntur,
941 3724 1004 3766 uno
1027 3702 1114 3767 vitali
1140 3703 1343 3788 baptismate,
1364 3703 1449 3788 quod

397 3808 431 3871 In
446 3809 576 3874 ecclesia
592 3810 747 3875 catholica
761 3820 822 3889 est,
839 3814 1030 3879 sanctificari
1046 3815 1219 3879 debebunt.

442 3917 621 3983 XXVIII.
647 3921 763 3986 Castus
777 3945 796 3986 a
809 3923 900 3988 Sicca
914 3924 1005 3990 dixit.
1038 3925 1099 4006 Qui
1115 3934 1300 4012 contempta
1314 3928 1449 3991 veritate

397 4029 561 4113 praesumit
584 4034 844 4097 consuetudinem
868 4035 966 4121 sequi,
994 4044 1052 4100 aut
1078 4037 1163 4101 circa
1184 4038 1301 4102 fratrer
1327 4037 1498 4110 invidus3o

397 4148 448 4204 est
471 4148 505 4205 et
527 4142 694 4227 malignus,
715 4146 828 4229 quibus
849 4147 969 4211 veritas
990 4148 1160 4227 revelatur,
1179 4156 1238 4214 aut
1261 4150 1345 4214 circa
1367 4153 1381 4232 (
1405 4170 1447 4213 or.

399 4257 457 4312 aut
482 4259 569 4315 certe
597 4252 696 4334 circa)
728 4254 832 4318 Deum
858 4256 1004 4340 ingratus
1034 4266 1094 4334 est,
1124 4261 1214 4344 cujus
1243 4261 1450 4346 inspiratione

399 4359 532 4424 ecclesia
554 4364 621 4444 ejus
644 4363 823 4427 iustruitur.

787 4593 809 4621 ¹¹¹
823 4583 914 4633 halus
928 4589 1011 4635 xxxiv.
1025 4603 1063 4649 25.
