3700 5667
491 651 555 721 176
841 647 1196 714 ANNOTATIONES

490 820 572 884 citat
600 819 684 882 hunc
714 819 829 894 locum,
856 818 1028 902 aliquando
1057 816 1194 881 scribere
1222 826 1327 902 stipat,
1352 817 1547 902 quandoque

489 923 664 1008 impinpcet.
712 923 794 985 Duae
817 922 926 1006 itaque
947 920 1045 984 etiam
1065 941 1135 983 aevo
1150 919 1324 1003 Augustini
1339 929 1432 985 erant
1447 922 1546 1006 hujus

491 1024 550 1087 loci
568 1025 727 1087 lectiones.
751 1023 916 1086 Bauuzros.
956 1022 1108 1106 Vulgata,
1122 1040 1181 1084 noa
1196 1020 1371 1106 impiaque.

537 1127 574 1188 P.
595 1146 665 1189 110.
681 1126 703 1188 l.
724 1144 771 1208 19.
792 1126 848 1189 scd
869 1127 922 1209 qui
944 1125 1048 1188 Deum
1071 1123 1191 1207 colunt]
1214 1123 1314 1186 Deion
1336 1145 1394 1207 pro
1415 1145 1481 1188 curn
1501 1146 1543 1188 ex

491 1248 555 1290 uno
579 1226 664 1290 edidi
687 1227 854 1290 Bodleiano
877 1226 909 1290 in
935 1227 1010 1291 edit.
1035 1227 1138 1291 Oxou.
1163 1235 1423 1302 commemorato,
1443 1233 1478 1290 et
1501 1247 1543 1290 ex

491 1339 629 1416 quatuor
644 1330 704 1394 illis
720 1352 790 1414 quae
806 1331 873 1415 ipse
888 1353 963 1394 usus
978 1352 1047 1393 sum
1062 1329 1231 1393 codicibus.

537 1433 621 1496 lbid.
638 1432 658 1496 l.
673 1450 723 1514 27.
739 1433 799 1495 hoc
815 1433 917 1517 ipsum
935 1433 1091 1517 deponat]
1107 1430 1258 1493 Errorem
1274 1447 1376 1494 suurn.
1410 1429 1543 1494 Dictum

491 1535 567 1620 quid
592 1535 657 1598 sive
682 1534 875 1598 sententiam
903 1533 1082 1618 Cyprianus
1106 1531 1139 1595 in
1164 1529 1371 1614 sequentibus
1399 1531 1543 1616 cogitare

492 1633 627 1698 videtur.

537 1737 575 1800 P.
596 1756 666 1799 111.
682 1736 703 1798 l.
720 1757 751 1816 4.
774 1756 870 1820 super
894 1734 1040 1819 Petrum]
1065 1734 1174 1798 Versio
1198 1733 1314 1798 Graeca
1335 1741 1462 1798 tantum
1485 1735 1542 1798 hs·

492 1835 564 1901 bet:
589 1839 689 1900 ἐπάνω
709 1836 828 1918 Πέτρου
847 1842 899 1899 τοῦ
913 1837 1105 1900 Ἀποστόλου
1126 1837 1257 1918 ἀρχῆθεν
1273 1836 1409 1914 indeptos
1423 1840 1543 1914 τεθεμε-

492 1938 649 2018 λιωμένης.
691 1939 766 2023 Ipse
791 1938 969 2023 Cyprianus
998 1938 1052 2001 lib.
1079 1939 1119 2001 de
1146 1937 1283 2002 Unitate
1308 1936 1429 2001 Eccles.
1452 1958 1544 2022 stipor

492 2066 587 2108 eumn
606 2044 737 2127 edificet
755 2043 914 2107 eccesiam.
946 2043 992 2106 Et
1007 2042 1101 2128 paulo
1116 2050 1208 2127 post:
1231 2052 1265 2106 ct
1281 2042 1427 2105 unitates
1443 2042 1544 2106 mcci-

484 2149 623 2231 scsteret,
648 2147 776 2210 enitatis
800 2145 931 2229 cj'csdens
954 2146 1099 2230 oripinem
1122 2144 1160 2209 cd
1185 2166 1244 2208 cco
1269 2146 1462 2230 inciprncatem
1486 2167 1545 2208 sac

492 2247 670 2313 dedomata
691 2245 847 2329 desposcit.
880 2246 1039 2310 Pacianus
1059 2245 1153 2330 epist.
1172 2245 1215 2308 iii.
1240 2245 1295 2309 Ac
1311 2246 1443 2309 Petrum
1463 2243 1544 2307 locu-

493 2358 541 2412 tas
563 2358 604 2412 cst
627 2348 799 2411 Bernices:
825 2349 871 2412 od
892 2370 986 2411 unum
1010 2347 1087 2425 ideo,
1110 2358 1144 2411 ut
1167 2348 1314 2412 unitatem
1329 2347 1485 2431 fundaret
1507 2368 1546 2410 en

493 2471 562 2514 reto.
608 2452 685 2513 Moe
710 2450 845 2534 idipsum
870 2451 905 2514 in
930 2472 1080 2514 comanam
1099 2450 1292 2535 precipisse.
1328 2449 1499 2512 Rresurrus
1523 2472 1545 2513 a

496 2551 585 2616 Fello
599 2554 725 2617 allatus.
764 2552 819 2617 Ita
839 2553 966 2616 omnino
981 2553 1045 2617 xxi.
1061 2553 1134 2617 libri
1151 2560 1272 2618 veteres
1292 2560 1326 2617 et
1344 2554 1408 2617 duo
1421 2552 1547 2617 laudati

493 2677 515 2719 a
537 2656 689 2720 Panrelio.
715 2655 853 2720 Veteres
875 2656 1031 2720 editiones
1053 2657 1175 2720 habent
1190 2665 1324 2740 petram.
1369 2656 1424 2720 Ita
1446 2655 1546 2719 etiam

494 2758 592 2822 editio
609 2758 802 2822 Morolliana
823 2768 857 2823 et
877 2766 945 2823 tres
964 2758 1036 2822 libri
1052 2768 1184 2823 veteres.
1216 2757 1301 2821 Vide
1316 2779 1388 2842 quae
1401 2758 1435 2820 in
1449 2758 1546 2822 simili

495 2883 592 2924 causa
606 2868 720 2924 notata
735 2867 810 2923 sunt
825 2882 922 2944 supra
937 2861 979 2925 ad
994 2861 1161 2947 epistolam
1177 2859 1218 2923 xl
1234 2884 1267 2946 p.
1278 2862 1353 2939 428.
1375 2863 1546 2925 Bruuzrus.

496 2963 612 3026 Veram
629 2962 797 3026 lectionem
812 2963 942 3027 Petrum
962 2986 1021 3048 pro
1041 2964 1177 3049 pristina
1191 2973 1317 3049 petram
1338 2963 1460 3028 codices
1478 2964 1547 3049 qui-

495 3065 554 3128 bus
569 3074 644 3128 utor
659 3072 827 3149 praestent.

539 3168 624 3232 Ibid.
650 3167 671 3232 l.
701 3187 750 3232 12.
780 3167 933 3253 posuerit]
962 3168 1115 3233 Fortasse
1141 3169 1264 3254 legend.
1287 3167 1336 3233 vel
1358 3168 1472 3254 poscit,
1496 3168 1544 3232 vel

491 3274 589 3360 possit.
617 3273 653 3336 ln
668 3282 797 3358 quatuor
811 3271 961 3336 codicibus
974 3274 1106 3358 scriptis,
1121 3274 1173 3358 qni
1190 3274 1222 3337 in
1238 3275 1288 3337 ed.
1305 3274 1408 3338 Oxon.
1425 3295 1545 3337 memo·

495 3385 619 3454 rantur,
634 3399 674 3441 ex
689 3376 803 3462 quibus
818 3383 868 3440 est
883 3377 958 3439 MS.
977 3376 1051 3439 Coll.
1067 3377 1153 3441 Neci
1161 3378 1263 3462 prior,
1278 3384 1371 3442 extat
1379 3377 1480 3462 ponit.

540 3481 623 3544 Ibid.
639 3481 659 3543 l.
682 3482 730 3543 16.
747 3479 893 3564 colligere
913 3486 947 3543 et
966 3479 1180 3564 considerare]
1204 3481 1318 3544 Graeca
1336 3479 1447 3555 versio,
1463 3505 1547 3543 nuut-

495 3582 561 3647 έναι
577 3583 624 3645 καὶ
639 3588 730 3645 νοεῖν.
755 3581 887 3643 Festus.

540 3684 623 3747 Ibid.
640 3682 660 3744 l.
677 3702 727 3746 21.
743 3706 939 3767 quaecunqne
959 3684 1131 3747 adversarii
1153 3687 1221 3768 ejus
1242 3693 1275 3748 et
1294 3684 1474 3749 antichristi
1494 3684 1545 3749 fa-

495 3784 584 3849 ciunt
607 3784 785 3868 repudiare]
813 3784 885 3847 Non
908 3785 940 3848 id
964 3786 1031 3850 vult
1053 3794 1090 3849 ut
1113 3786 1188 3848 nihil
1211 3786 1353 3851 facerent
1374 3787 1548 3850 orthodoxi

496 3887 580 3970 qnod
606 3886 747 3949 haeretici
774 3887 905 3951 faciunt.
946 3890 986 3952 In
1012 3889 1148 3971 epistola
1172 3889 1256 3952 enirn
1282 3890 1324 3953 ad
1348 3888 1547 3953 Jubaianum

495 4010 567 4052 cum
597 3987 788 4071 objiceretur
814 3991 1056 4055 Nooats’cnerues
1083 3991 1129 4054 ad
1155 4014 1187 4056 se
1216 3994 1364 4057 cereces
1392 3991 1549 4076 baptizare

495 4092 614 4169 solitos,
631 4093 810 4176 respondet,
827 4093 872 4156 ad
890 4115 1023 4157 neesson
1036 4096 1194 4179 pertinere
1212 4097 1290 4180 quid
1307 4096 1398 4159 hostes
1418 4094 1548 4158 ecclesia

487 4195 624 4280 sacient.
663 4196 737 4259 Hoo
752 4195 811 4280 ipsi
828 4196 1026 4281 propositum
1042 4206 1091 4262 est
1106 4209 1143 4262 ut
1158 4199 1305 4263 conficiet
1314 4223 1324 4275 3
1346 4197 1423 4260 nihil
1439 4205 1547 4261 ratum

495 4319 573 4374 esse,
589 4305 647 4362 aut
667 4319 706 4361 ex
721 4298 793 4383 jure
809 4298 913 4362 valere
928 4302 1013 4384 quod
1029 4301 1072 4364 illi
1088 4301 1248 4378 fecissent,
1263 4301 1316 4387 qui
1337 4308 1430 4365 extra
1449 4299 1549 4364 eccle

495 4399 574 4463 siam
598 4399 703 4481 positi.
750 4399 840 4474 Mox,
862 4423 922 4486 per
945 4404 1048 4467 enahin
1071 4404 1190 4467 dieinae
1213 4405 1325 4488 pratia
1349 4412 1548 4467 mamm.

496 4502 572 4565 Non
603 4510 731 4567 tanturn
761 4526 818 4587 per
846 4504 1096 4570 confirmationis
1126 4507 1233 4583 ritum,
1260 4515 1319 4570 aut
1348 4505 1549 4570 eucharistiae

494 4604 815 4681 administrationem,
843 4607 898 4670 sed
925 4609 1023 4671 etiam
1049 4609 1211 4692 baptismi,
1236 4610 1290 4693 qui
1315 4610 1357 4672 ad
1385 4607 1552 4672 ecclesiam
