3700 5667
488 665 532 729 80
834 662 1186 728 ANNOTATIONES

489 844 564 919 post
593 834 627 899 τὸ
652 835 741 915 μέρος
767 833 800 897 in
824 834 897 898 MS.
927 833 1064 917 Norfhlc.
1104 834 1158 897 sed
1189 856 1260 918 quae
1285 834 1344 897 sibi
1375 834 1473 899 velint
1503 858 1536 899 se

489 939 621 1004 nescire.
668 938 747 1001 Mox
762 958 820 1021 pro
834 940 920 999 τοῦτο
936 938 1057 1015 ὀμνύειν
1071 936 1170 999 habet
1185 937 1262 1021 αὐτῷ
1277 938 1325 1014 ὀμ.
1350 935 1482 1018 Syncell.

535 1043 573 1105 Ρ.
591 1046 641 1107 26.
655 1039 675 1102 l.
692 1041 739 1102 16.
756 1038 939 1119 ἀμφοτέραις
953 1044 1017 1104 ταῖς
1030 1039 1132 1121 χερσί]
1151 1037 1283 1102 Omittit
1298 1038 1420 1105 raised.
1434 1039 1533 1123 sapt

491 1142 623 1207 Sruoru.
670 1141 725 1204 Ita
739 1141 812 1203 MS.
828 1141 900 1224 Jeep.
917 1146 951 1203 et
963 1139 1070 1203 Poris.
1089 1157 1116 1200 2.
1133 1147 1216 1202 teste
1232 1139 1385 1204 Burtono.

536 1244 619 1306 Ibid.
635 1241 655 1305 l.
671 1256 719 1324 17.
742 1242 843 1325 ἆφεὶς]
862 1241 961 1322 ἀφιεὶς
975 1241 1020 1304 cd.
1037 1241 1141 1326 Sept
1166 1244 1298 1304 Srroru.
1337 1242 1439 1306 Addit
1454 1242 1535 1306 Bur-

491 1353 596 1420 touus,
612 1342 666 1427 qui
690 1343 751 1406 hoc
775 1343 949 1407 intextum
972 1344 1140 1419 revocavit,
1162 1344 1254 1407 codd.
1271 1344 1349 1429 nep.
1366 1345 1535 1423 Parisiaoe,

491 1448 586 1529 Norf.
602 1444 689 1508 Flor.
708 1464 735 1507 1.
751 1452 785 1508 et
808 1445 946 1508 secunda
967 1466 1064 1508 manu
1079 1444 1169 1510 Flor.
1185 1464 1212 1507 2.
1229 1445 1380 1510 Proxime
1397 1469 1455 1532 pro
1474 1447 1535 1512 ἐστ’

491 1547 529 1611 ἂν
544 1545 674 1629 Sparsit.
691 1546 746 1613 ἕως
768 1546 814 1609 ἄν.
866 1545 964 1630 Apud
987 1546 1117 1631 Mcept.
1139 1553 1237 1631 atque
1259 1547 1292 1610 in
1307 1548 1380 1611 MS.
1396 1549 1536 1633 Norfok.

493 1656 527 1713 et
542 1648 644 1712 Poris.
666 1668 691 1710 1.
713 1647 793 1711 ordo
815 1647 982 1712 verberum
1005 1651 1079 1712 κατὰ
1101 1653 1153 1711 τοῦ
1175 1651 1310 1729 σώματος
1333 1651 1380 1713 καὶ
1401 1655 1454 1714 τοῦ
1475 1654 1536 1732 ala.

492 1759 645 1816 mutatur.

535 1854 574 1918 P.
588 1872 638 1936 27.
659 1854 679 1916 l.
691 1874 723 1931 4.
746 1852 837 1937 αὐτῷ]
869 1850 965 1916 Hunc
986 1851 1089 1915 locum
1112 1875 1175 1917 neu
1196 1853 1420 1918 intellexeruut
1441 1855 1537 1918 iuter-

491 1967 609 2044 pretes.
655 1955 738 2019 Nam
755 1954 920 2018 Masculus
941 1954 1068 2039 quidem
1089 1955 1136 2019 ita
1150 1955 1263 2021 vertit:
1292 1956 1338 2019 Et
1351 1955 1538 2020 miserhomo

491 2081 550 2124 τινα
565 2058 745 2146 depuewoit,
758 2057 821 2121 cisi
833 2057 973 2139 pamm
989 2079 1019 2120 so
1035 2056 1085 2120 illi
1100 2057 1270 2122 memma
1313 2058 1538 2143 Christophor-

491 2183 588 2225 sonus
616 2182 691 2224 vero
717 2159 807 2243 quasi
834 2158 974 2222 Musculi
1004 2158 1153 2223 insistens
1183 2160 1324 2246 vestigiis
1352 2161 1449 2225 vertit
1478 2161 1537 2223 hoc

491 2263 595 2326 modo.
640 2264 742 2345 Atque
761 2259 871 2343 infolio
890 2282 950 2324 ιιοιι
972 2271 1042 2324 oste
1063 2263 1240 2347 ἀνρτιααοίι,
1259 2284 1350 2348 priam
1370 2264 1417 2326 ita
1438 2284 1467 2327 so
1489 2262 1539 2326 illi

491 2363 658 2428 aemam.
712 2361 808 2442 Quasi
835 2384 896 2425 vex
926 2364 1003 2448 αὐτῷ
1037 2364 1209 2429 referretur
1237 2364 1280 2428 ad
1310 2363 1539 2427 Novatianum.

493 2465 564 2550 Ego
580 2467 672 2550 ἑαυτῷ
686 2463 793 2527 malim
808 2463 913 2549 legere
928 2487 1000 2529 cum
1011 2467 1148 2552 Georgio
1159 2466 1320 2551 Syncelle:
1345 2464 1429 2550 apud
1446 2487 1540 2549 quam

492 2574 583 2631 totus
598 2567 649 2630 hic
664 2567 752 2631 locus
773 2567 820 2631 ita
842 2567 1001 2633 scribitur.
1028 2570 1076 2632 καὶ
1090 2571 1106 2631 ὁ
1122 2570 1227 2635 ἅθλιος
1248 2570 1401 2648 ἅνθρωπος
1420 2568 1455 2630 οὐ
1469 2568 1540 2648 πρά

492 2695 581 2750 τερον
603 2671 731 2751 γεύεται,
756 2672 783 2733 εἰ
802 2670 842 2750 μὴ
864 2673 1009 2752 πρότερον
1031 2673 1124 2755 ἑαυτῷ
1148 2670 1358 2751 καταράσαιτο.
1406 2671 1445 2733 Id
1469 2678 1539 2733 est:

492 2775 592 2858 Atque
614 2771 666 2836 ille
686 2773 776 2836 miror
796 2794 855 2836 ιιοιι
872 2772 967 2857 prius
985 2783 1107 2858 protare
1130 2773 1253 2850 sinitur,
1277 2794 1368 2857 qaam
1389 2773 1541 2856 ταινιοιίραο

492 2872 573 2936 dinis
602 2873 760 2937 decernit.
821 2874 945 2958 Quippe
975 2896 1067 2939 omne
1100 2875 1322 2959 jusjurandum
1355 2875 1539 2960 adjunctam

494 2974 592 3038 habet
615 2973 884 3059 imprecationem.
930 2978 1009 3052 Quae
1031 2976 1105 3040 licet
1127 2976 1159 3039 iu
1181 2976 1241 3040 hoc
1263 2985 1541 3061 sacramentoque

494 3074 692 3140 Novatiauus
720 3075 863 3140 homiues
891 3077 1022 3141 miseros
1052 3078 1211 3164 adigebat,
1244 3079 1362 3143 diserte
1390 3100 1541 3164 expressa

493 3199 557 3241 non
579 3177 632 3253 sit,
648 3176 746 3243 tacite
771 3185 880 3242 tamen
904 3179 1160 3267 subintelligitur,
1183 3190 1220 3246 ut
1242 3181 1350 3245 notavi
1372 3181 1415 3244 ad
1435 3183 1539 3244 Amm.

496 3279 726 3344 Marcellinum.
778 3279 880 3343 Porro
907 3281 940 3343 iu
964 3291 1101 3366 quatuor
1126 3284 1243 3348 nostris
1268 3283 1429 3347 codicibus
1454 3282 1540 3345 Μαι.

495 3382 583 3446 Med.
600 3382 683 3446 Fuk.
699 3391 734 3447 et
747 3381 908 3447 Saviliauo
929 3383 1046 3469 legitur
1065 3385 1162 3450 etiam
1185 3384 1394 3464 καταράσαιτο,
1410 3381 1541 3467 perinde

493 3506 532 3548 ac
568 3485 653 3569 apud
683 3483 871 3569 Syncellum.
907 3485 1121 3571 (καταράσεται
1156 3487 1201 3550 ed.
1231 3485 1347 3570 Stopt)
1380 3486 1540 3546 Vsurmcs.

495 3589 588 3672 ἑαυτῷ
617 3587 748 3670 Syacoll.
776 3589 860 3672 quod
891 3591 1007 3674 probat
1034 3587 1190 3665 Valesius,
1217 3609 1255 3650 ao
1280 3586 1423 3671 prolecto
1451 3586 1542 3649 uobis

494 3688 595 3772 magis
624 3687 739 3772 placet.
796 3690 986 3775 Nicephoras
1014 3691 1113 3754 habet
1140 3690 1254 3773 ἐκείνῳ,
1277 3711 1318 3752 ex
1345 3710 1408 3772 que
1433 3695 1542 3752 tamen

494 3810 567 3851 eum
593 3787 706 3872 legisse
731 3790 808 3875 αὐτῷ
834 3799 978 3874 apparet.
1014 3792 1149 3857 Srsoru.
1203 3790 1401 3872 καταράσαιτο
1425 3790 1543 3853 habere

499 3890 628 3954 Grateri
643 3911 768 3974 quoque
782 3892 875 3955 Lecti.
891 3893 975 3957 idem
990 3892 1114 3959 notavit
1130 3891 1301 3968 Strothius,
1314 3892 1428 3976 quibus
1441 3892 1543 3956 addas

496 3992 569 4056 MS.
592 3991 730 4074 Norfhlc.
777 3993 907 4057 Interea
936 3998 1024 4082 αὐτῷ,
1052 3994 1079 4059 si
1109 3993 1206 4057 verba
1235 3992 1281 4056 ita
1310 3993 1542 4078 interpretaris,

494 4094 664 4159 rescribas.
716 4092 895 4159 Adstautes
916 4096 1021 4176 altari,
1044 4118 1108 4160 uon
1129 4094 1324 4180 genuflexos,
1346 4117 1471 4159 sacram
1490 4118 1545 4159 eu·

494 4197 679 4262 charistiam
697 4199 844 4263 manibus
857 4206 1023 4283 acceptam
1044 4205 1225 4262 reverenter
1246 4197 1294 4261 ori
1316 4196 1427 4262 solitos
1449 4197 1546 4261 fuisse

495 4299 664 4364 admovere
690 4301 723 4364 in
745 4301 876 4365 ecclesia
898 4323 1024 4385 quoque
1046 4299 1233 4364 occidentali
1256 4300 1376 4374 fideles,
1404 4300 1545 4363 ostendit

495 4421 535 4463 ex
552 4400 738 4466 Tertulliani
753 4404 790 4466 da
806 4403 951 4466 Oratione
965 4404 1046 4468 libro
1060 4425 1129 4487 cap.
1147 4424 1177 4484 9.
1190 4402 1340 4467 Nicolaus
1354 4403 1545 4467 Autonellus

495 4502 538 4565 ad
553 4501 587 4565 S.
600 4502 711 4568 Jacob.
729 4504 879 4569 Nisabcn.
897 4508 1066 4569 Scrnwrrom
1085 4505 1138 4568 xii.
1157 4507 1185 4586 ᾗ.
1197 4507 1226 4568 6.
1245 4528 1275 4589 p.
1288 4524 1362 4588 347.
1407 4505 1456 4570 At
1471 4527 1545 4568 vero

496 4603 530 4665 τὸ
560 4603 698 4684 εὐλογεῖν
722 4627 786 4669 non
811 4607 970 4691 pertinere
1000 4609 1040 4670 ad
1068 4607 1165 4672 laicos
1195 4606 1392 4691 recipientes,
1418 4608 1474 4671 sed
1502 4607 1544 4672 ad
