<?xml version="1.0" encoding="UTF-8"?>
<!DOCTYPE html PUBLIC "-//W3C//DTD XHTML 1.0 Transitional//EN"
    "http://www.w3.org/TR/xhtml1/DTD/xhtml1-transitional.dtd">
<html xmlns="http://www.w3.org/1999/xhtml" xml:lang="en" lang="en">
 <head>
  <title>
</title>
<meta http-equiv="Content-Type" content="text/html;charset=utf-8" />
  <meta name='ocr-system' content='tesseract 3.04.00' />
  <meta name='ocr-capabilities' content='ocr_page ocr_carea ocr_par ocr_line ocrx_word'/>
</head>
<body>
  <div class='ocr_page' id='page_1' title='image "./reliquiaesacrae08routgoog_0063.png"; bbox 0 0 3700 5667; ppageno 0'>
   <div class='ocr_carea' id='block_1_1' title="bbox 486 678 1361 750">
    <p class='ocr_par' dir='ltr' id='par_1_1' title="bbox 486 678 1361 750">
     <span class='ocr_line' id='line_1_1' title="bbox 486 678 1361 750; baseline 0.01 -9"><span class='ocrx_word' id='word_1_1' title='bbox 486 678 537 742; x_wconf 92' lang='lat' dir='ltr'>IN</span> <span class='ocrx_word' id='word_1_2' title='bbox 563 679 595 742; x_wconf 86' lang='lat' dir='ltr'>S.</span> <span class='ocrx_word' id='word_1_3' title='bbox 612 680 844 744; x_wconf 87' lang='lat' dir='ltr'>CORNELII</span> <span class='ocrx_word' id='word_1_4' title='bbox 870 683 1189 748; x_wconf 84' lang='lat' dir='ltr'><strong>FRAGMENTA.</strong></span> <span class='ocrx_word' id='word_1_5' title='bbox 1317 687 1361 750; x_wconf 81' lang='lat'>55</span> 
     </span>
    </p>
   </div>
   <div class='ocr_carea' id='block_1_2' title="bbox 311 847 1360 1042">
    <p class='ocr_par' dir='ltr' id='par_1_2' title="bbox 311 847 1360 1042">
     <span class='ocr_line' id='line_1_2' title="bbox 311 847 1360 938; baseline 0.01 -27"><span class='ocrx_word' id='word_1_6' title='bbox 311 847 531 912; x_wconf 72' lang='lat' dir='ltr'>consentiente</span> <span class='ocrx_word' id='word_1_7' title='bbox 545 849 636 933; x_wconf 90' lang='lat' dir='ltr'>plebe</span> <span class='ocrx_word' id='word_1_8' title='bbox 650 872 670 913; x_wconf 91' lang='lat' dir='ltr'>a</span> <span class='ocrx_word' id='word_1_9' title='bbox 685 851 820 914; x_wconf 82' lang='lat' dir='ltr'>sedecim</span> <span class='ocrx_word' id='word_1_10' title='bbox 835 852 990 937; x_wconf 82' lang='lat' dir='ltr'>episcopis</span> <span class='ocrx_word' id='word_1_11' title='bbox 1005 853 1170 938; x_wconf 86' lang='lat' dir='ltr'>episcopus</span> <span class='ocrx_word' id='word_1_12' title='bbox 1186 855 1289 919; x_wconf 82' lang='lat' dir='ltr'>factus</span> <span class='ocrx_word' id='word_1_13' title='bbox 1300 865 1360 931; x_wconf 85' lang='lat' dir='ltr'>cst,</span> 
     </span>
     <span class='ocr_line' id='line_1_3' title="bbox 311 951 1346 1042; baseline 0.008 -30"><span class='ocrx_word' id='word_1_14' title='bbox 311 958 465 1015; x_wconf 79' lang='lat' dir='ltr'>narrante</span> <span class='ocrx_word' id='word_1_15' title='bbox 480 951 639 1037; x_wconf 78' lang='lat' dir='ltr'>Cypriane</span> <span class='ocrx_word' id='word_1_16' title='bbox 653 954 685 1016; x_wconf 89' lang='lat' dir='ltr'>in</span> <span class='ocrx_word' id='word_1_17' title='bbox 697 955 798 1038; x_wconf 73' lang='grc' dir='ltr'>Εμὶοτ.</span> <span class='ocrx_word' id='word_1_18' title='bbox 814 955 859 1018; x_wconf 83' lang='lat' dir='ltr'>sd</span> <span class='ocrx_word' id='word_1_19' title='bbox 872 957 1094 1032; x_wconf 74' lang='lat' dir='ltr'>Antonianum,</span> <span class='ocrx_word' id='word_1_20' title='bbox 1111 979 1163 1041; x_wconf 90' lang='lat' dir='ltr'>pp.</span> <span class='ocrx_word' id='word_1_21' title='bbox 1176 959 1227 1020; x_wconf 91' lang='lat'>68.</span> <span class='ocrx_word' id='word_1_22' title='bbox 1244 966 1277 1022; x_wconf 90' lang='lat' dir='ltr'>et</span> <span class='ocrx_word' id='word_1_23' title='bbox 1293 977 1346 1042; x_wconf 82' lang='lat'>73.</span> 
     </span>
    </p>
   </div>
   <div class='ocr_carea' id='block_1_3' title="bbox 309 1053 1365 4710">
    <p class='ocr_par' dir='ltr' id='par_1_3' title="bbox 309 1053 1363 1446">
     <span class='ocr_line' id='line_1_4' title="bbox 356 1053 1363 1142; baseline 0.009 -28"><span class='ocrx_word' id='word_1_24' title='bbox 356 1053 395 1116; x_wconf 92' lang='lat' dir='ltr'>P.</span> <span class='ocrx_word' id='word_1_25' title='bbox 409 1072 460 1118; x_wconf 82' lang='lat'>22.</span> <span class='ocrx_word' id='word_1_26' title='bbox 476 1053 495 1116; x_wconf 93' lang='lat' dir='ltr'>l.</span> <span class='ocrx_word' id='word_1_27' title='bbox 510 1076 539 1137; x_wconf 89' lang='lat'>9.</span> <span class='ocrx_word' id='word_1_28' title='bbox 567 1058 605 1122; x_wconf 81' lang='grc' dir='ltr'>ὡς</span> <span class='ocrx_word' id='word_1_29' title='bbox 631 1056 681 1139; x_wconf 81' lang='grc' dir='ltr'>ἂν]</span> <span class='ocrx_word' id='word_1_30' title='bbox 710 1059 760 1123; x_wconf 76' lang='grc' dir='ltr'>οὓς</span> <span class='ocrx_word' id='word_1_31' title='bbox 785 1056 822 1120; x_wconf 82' lang='grc' dir='ltr'>ἂν</span> <span class='ocrx_word' id='word_1_32' title='bbox 842 1057 973 1120; x_wconf 80' lang='lat' dir='ltr'>Gruteri</span> <span class='ocrx_word' id='word_1_33' title='bbox 995 1067 1028 1121; x_wconf 87' lang='lat' dir='ltr'>ct</span> <span class='ocrx_word' id='word_1_34' title='bbox 1047 1059 1178 1142; x_wconf 63' lang='lat' dir='ltr'>olrieoopi</span> <span class='ocrx_word' id='word_1_35' title='bbox 1194 1060 1363 1123; x_wconf 81' lang='lat' dir='ltr'>Castelloui</span> 
     </span>
     <span class='ocr_line' id='line_1_5' title="bbox 310 1155 1363 1240; baseline 0.008 -22"><span class='ocrx_word' id='word_1_36' title='bbox 310 1155 424 1218; x_wconf 81' lang='lat' dir='ltr'>codicis</span> <span class='ocrx_word' id='word_1_37' title='bbox 438 1158 531 1221; x_wconf 75' lang='lat' dir='ltr'>Lecti.</span> <span class='ocrx_word' id='word_1_38' title='bbox 550 1159 620 1240; x_wconf 90' lang='lat' dir='ltr'>(sed</span> <span class='ocrx_word' id='word_1_39' title='bbox 641 1160 708 1222; x_wconf 90' lang='lat' dir='ltr'>sine</span> <span class='ocrx_word' id='word_1_40' title='bbox 726 1162 790 1238; x_wconf 80' lang='grc' dir='ltr'>ἄν.)</span> <span class='ocrx_word' id='word_1_41' title='bbox 808 1158 940 1222; x_wconf 75' lang='lat' dir='ltr'>Susurri.</span> <span class='ocrx_word' id='word_1_42' title='bbox 986 1158 1169 1223; x_wconf 88' lang='lat' dir='ltr'>Lectionem</span> <span class='ocrx_word' id='word_1_43' title='bbox 1184 1167 1294 1223; x_wconf 83' lang='lat' dir='ltr'>autem</span> <span class='ocrx_word' id='word_1_44' title='bbox 1311 1161 1363 1226; x_wconf 70' lang='lat' dir='ltr'>ets</span> 
     </span>
     <span class='ocr_line' id='line_1_6' title="bbox 312 1257 1361 1342; baseline 0.005 -22"><span class='ocrx_word' id='word_1_45' title='bbox 312 1257 351 1320; x_wconf 81' lang='grc' dir='ltr'>ἂν</span> <span class='ocrx_word' id='word_1_46' title='bbox 376 1257 452 1320; x_wconf 90' lang='lat' dir='ltr'>nulli</span> <span class='ocrx_word' id='word_1_47' title='bbox 474 1266 630 1342; x_wconf 70' lang='lat' dir='ltr'>prestant</span> <span class='ocrx_word' id='word_1_48' title='bbox 653 1283 670 1323; x_wconf 89' lang='lat' dir='ltr'>e</span> <span class='ocrx_word' id='word_1_49' title='bbox 691 1259 842 1323; x_wconf 79' lang='lat' dir='ltr'>codicibus</span> <span class='ocrx_word' id='word_1_50' title='bbox 863 1260 1078 1323; x_wconf 82' lang='lat' dir='ltr'>Burtoniaois.</span> <span class='ocrx_word' id='word_1_51' title='bbox 1126 1262 1208 1324; x_wconf 85' lang='lat' dir='ltr'>Mox</span> <span class='ocrx_word' id='word_1_52' title='bbox 1239 1264 1281 1328; x_wconf 79' lang='grc' dir='ltr'>εἰς</span> <span class='ocrx_word' id='word_1_53' title='bbox 1305 1262 1361 1341; x_wconf 78' lang='grc' dir='ltr'>τὴν</span> 
     </span>
     <span class='ocr_line' id='line_1_7' title="bbox 309 1357 930 1446; baseline 0.008 -25"><span class='ocrx_word' id='word_1_54' title='bbox 309 1357 427 1437; x_wconf 74' lang='grc' dir='ltr'>Ῥώμην</span> <span class='ocrx_word' id='word_1_55' title='bbox 442 1381 500 1444; x_wconf 89' lang='lat' dir='ltr'>pro</span> <span class='ocrx_word' id='word_1_56' title='bbox 516 1365 557 1427; x_wconf 79' lang='grc' dir='ltr'>εἰς</span> <span class='ocrx_word' id='word_1_57' title='bbox 569 1359 685 1442; x_wconf 73' lang='grc' dir='ltr'>Ῥώμην</span> <span class='ocrx_word' id='word_1_58' title='bbox 699 1364 774 1426; x_wconf 78' lang='lat' dir='ltr'>MS.</span> <span class='ocrx_word' id='word_1_59' title='bbox 791 1363 930 1446; x_wconf 73' lang='lat' dir='ltr'>ltbrsoio.</span> 
     </span>
    </p>

    <p class='ocr_par' dir='ltr' id='par_1_4' title="bbox 311 1461 1362 1955">
     <span class='ocr_line' id='line_1_8' title="bbox 357 1461 1362 1544; baseline 0.004 -21"><span class='ocrx_word' id='word_1_60' title='bbox 357 1461 441 1525; x_wconf 87' lang='lat' dir='ltr'>lbid.</span> <span class='ocrx_word' id='word_1_61' title='bbox 456 1461 475 1525; x_wconf 91' lang='lat' dir='ltr'>l.</span> <span class='ocrx_word' id='word_1_62' title='bbox 490 1483 538 1540; x_wconf 78' lang='lat'>14.</span> <span class='ocrx_word' id='word_1_63' title='bbox 557 1464 577 1542; x_wconf 84' lang='grc' dir='ltr'>ἥ</span> <span class='ocrx_word' id='word_1_64' title='bbox 591 1489 635 1530; x_wconf 82' lang='grc' dir='ltr'>τις</span> <span class='ocrx_word' id='word_1_65' title='bbox 650 1464 685 1542; x_wconf 81' lang='grc' dir='ltr'>δή</span> <span class='ocrx_word' id='word_1_66' title='bbox 700 1489 772 1527; x_wconf 84' lang='grc' dir='ltr'>ποτε</span> <span class='ocrx_word' id='word_1_67' title='bbox 787 1466 853 1542; x_wconf 80' lang='grc' dir='ltr'>οὖν]</span> <span class='ocrx_word' id='word_1_68' title='bbox 872 1463 1086 1544; x_wconf 78' lang='grc' dir='ltr'>ἠτισδηποτοὺν</span> <span class='ocrx_word' id='word_1_69' title='bbox 1101 1463 1194 1527; x_wconf 88' lang='lat' dir='ltr'>unico</span> <span class='ocrx_word' id='word_1_70' title='bbox 1208 1464 1362 1527; x_wconf 86' lang='lat' dir='ltr'>vocabulo</span> 
     </span>
     <span class='ocr_line' id='line_1_9' title="bbox 311 1565 1362 1650; baseline 0.004 -22"><span class='ocrx_word' id='word_1_71' title='bbox 311 1565 359 1628; x_wconf 79' lang='lat' dir='ltr'>ed.</span> <span class='ocrx_word' id='word_1_72' title='bbox 378 1566 480 1650; x_wconf 73' lang='lat' dir='ltr'>Sept.</span> <span class='ocrx_word' id='word_1_73' title='bbox 504 1566 637 1628; x_wconf 85' lang='lat' dir='ltr'>Srnorn.</span> <span class='ocrx_word' id='word_1_74' title='bbox 685 1566 797 1630; x_wconf 84' lang='lat' dir='ltr'>Habet</span> <span class='ocrx_word' id='word_1_75' title='bbox 811 1565 942 1648; x_wconf 75' lang='lat' dir='ltr'>Synceil.</span> <span class='ocrx_word' id='word_1_76' title='bbox 967 1567 1005 1631; x_wconf 75' lang='lat' dir='ltr'>bs</span> <span class='ocrx_word' id='word_1_77' title='bbox 1027 1565 1062 1643; x_wconf 84' lang='grc' dir='ltr'>δή</span> <span class='ocrx_word' id='word_1_78' title='bbox 1084 1591 1127 1631; x_wconf 77' lang='grc' dir='ltr'>τις</span> <span class='ocrx_word' id='word_1_79' title='bbox 1146 1571 1230 1629; x_wconf 80' lang='grc' dir='ltr'>πᾶσα</span> <span class='ocrx_word' id='word_1_80' title='bbox 1250 1588 1308 1650; x_wconf 90' lang='lat' dir='ltr'>pro</span> <span class='ocrx_word' id='word_1_81' title='bbox 1323 1568 1362 1632; x_wconf 78' lang='grc' dir='ltr'>ὡς</span> 
     </span>
     <span class='ocr_line' id='line_1_10' title="bbox 313 1666 1361 1751; baseline -0.001 -20"><span class='ocrx_word' id='word_1_82' title='bbox 313 1672 403 1746; x_wconf 77' lang='grc' dir='ltr'>δῆθεν</span> <span class='ocrx_word' id='word_1_83' title='bbox 426 1673 510 1730; x_wconf 79' lang='grc' dir='ltr'>πᾶσα</span> <span class='ocrx_word' id='word_1_84' title='bbox 532 1669 593 1746; x_wconf 79' lang='grc' dir='ltr'>ἥτις</span> <span class='ocrx_word' id='word_1_85' title='bbox 609 1667 643 1746; x_wconf 76' lang='grc' dir='ltr'>δή</span> <span class='ocrx_word' id='word_1_86' title='bbox 661 1693 734 1730; x_wconf 83' lang='grc' dir='ltr'>ποτε</span> <span class='ocrx_word' id='word_1_87' title='bbox 749 1669 812 1731; x_wconf 78' lang='grc' dir='ltr'>οὖν.</span> <span class='ocrx_word' id='word_1_88' title='bbox 857 1666 959 1730; x_wconf 86' lang='lat' dir='ltr'>Paulo</span> <span class='ocrx_word' id='word_1_89' title='bbox 979 1673 1055 1730; x_wconf 83' lang='lat' dir='ltr'>unte</span> <span class='ocrx_word' id='word_1_90' title='bbox 1069 1669 1289 1748; x_wconf 79' lang='grc' dir='ltr'>παραγίνεσθαι</span> <span class='ocrx_word' id='word_1_91' title='bbox 1302 1690 1361 1751; x_wconf 90' lang='lat' dir='ltr'>pro</span> 
     </span>
     <span class='ocr_line' id='line_1_11' title="bbox 313 1769 1362 1854; baseline 0.001 -21"><span class='ocrx_word' id='word_1_92' title='bbox 313 1769 537 1852; x_wconf 77' lang='grc' dir='ltr'>παραγένεσθαι</span> <span class='ocrx_word' id='word_1_93' title='bbox 552 1769 764 1854; x_wconf 87' lang='lat' dir='ltr'>scriptumest</span> <span class='ocrx_word' id='word_1_94' title='bbox 778 1770 810 1832; x_wconf 91' lang='lat' dir='ltr'>in</span> <span class='ocrx_word' id='word_1_95' title='bbox 821 1769 885 1832; x_wconf 83' lang='lat' dir='ltr'>eod.</span> <span class='ocrx_word' id='word_1_96' title='bbox 897 1770 1031 1832; x_wconf 72' lang='lat' dir='ltr'>Floreat.</span> <span class='ocrx_word' id='word_1_97' title='bbox 1041 1770 1158 1854; x_wconf 78' lang='lat' dir='ltr'>priori,</span> <span class='ocrx_word' id='word_1_98' title='bbox 1174 1777 1208 1834; x_wconf 89' lang='lat' dir='ltr'>et</span> <span class='ocrx_word' id='word_1_99' title='bbox 1223 1771 1362 1834; x_wconf 80' lang='lat' dir='ltr'>secunde</span> 
     </span>
     <span class='ocr_line' id='line_1_12' title="bbox 313 1871 636 1955; baseline -0.006 -21"><span class='ocrx_word' id='word_1_100' title='bbox 313 1894 409 1935; x_wconf 88' lang='lat' dir='ltr'>manu</span> <span class='ocrx_word' id='word_1_101' title='bbox 424 1872 457 1934; x_wconf 91' lang='lat' dir='ltr'>in</span> <span class='ocrx_word' id='word_1_102' title='bbox 465 1871 636 1955; x_wconf 67' lang='lat' dir='ltr'>posteriori.</span> 
     </span>
    </p>

    <p class='ocr_par' dir='ltr' id='par_1_5' title="bbox 314 1973 1363 2669">
     <span class='ocr_line' id='line_1_13' title="bbox 360 1973 1361 2057; baseline 0.003 -23"><span class='ocrx_word' id='word_1_103' title='bbox 360 1973 440 2036; x_wconf 91' lang='lat' dir='ltr'>lbid.</span> <span class='ocrx_word' id='word_1_104' title='bbox 457 1973 477 2034; x_wconf 90' lang='lat' dir='ltr'>l.</span> <span class='ocrx_word' id='word_1_105' title='bbox 492 1974 540 2034; x_wconf 83' lang='lat'>16.</span> <span class='ocrx_word' id='word_1_106' title='bbox 564 1973 615 2039; x_wconf 77' lang='lat' dir='ltr'>obs</span> <span class='ocrx_word' id='word_1_107' title='bbox 635 1973 909 2057; x_wconf 68' lang='grc' dir='ltr'>παραγενομένους]</span> <span class='ocrx_word' id='word_1_108' title='bbox 935 1973 1148 2037; x_wconf 68' lang='lat' dir='ltr'>&#39;theodoritus</span> <span class='ocrx_word' id='word_1_109' title='bbox 1169 1974 1200 2036; x_wconf 86' lang='lat' dir='ltr'>in</span> <span class='ocrx_word' id='word_1_110' title='bbox 1223 1974 1304 2037; x_wconf 84' lang='lat' dir='ltr'>libro</span> <span class='ocrx_word' id='word_1_111' title='bbox 1319 1973 1361 2037; x_wconf 86' lang='lat' dir='ltr'>ili.</span> 
     </span>
     <span class='ocr_line' id='line_1_14' title="bbox 316 2075 1363 2160; baseline 0.001 -21"><span class='ocrx_word' id='word_1_112' title='bbox 316 2077 553 2140; x_wconf 86' lang='lat' dir='ltr'>Haereticarum</span> <span class='ocrx_word' id='word_1_113' title='bbox 574 2075 688 2138; x_wconf 89' lang='lat' dir='ltr'>Fabul.</span> <span class='ocrx_word' id='word_1_114' title='bbox 704 2098 772 2159; x_wconf 83' lang='lat' dir='ltr'>cop.</span> <span class='ocrx_word' id='word_1_115' title='bbox 782 2093 814 2160; x_wconf 86' lang='lat'>5.</span> <span class='ocrx_word' id='word_1_116' title='bbox 835 2076 945 2140; x_wconf 81' lang='lat' dir='ltr'>scribit</span> <span class='ocrx_word' id='word_1_117' title='bbox 967 2075 1181 2139; x_wconf 84' lang='lat' dir='ltr'>Novatianum</span> <span class='ocrx_word' id='word_1_118' title='bbox 1204 2076 1307 2160; x_wconf 86' lang='lat' dir='ltr'>ipsum</span> <span class='ocrx_word' id='word_1_119' title='bbox 1330 2075 1363 2140; x_wconf 91' lang='lat' dir='ltr'>in</span> 
     </span>
     <span class='ocr_line' id='line_1_15' title="bbox 316 2178 1363 2263; baseline 0 -22"><span class='ocrx_word' id='word_1_120' title='bbox 316 2178 446 2242; x_wconf 88' lang='lat' dir='ltr'>Italiam</span> <span class='ocrx_word' id='word_1_121' title='bbox 461 2178 637 2262; x_wconf 81' lang='lat' dir='ltr'>proiectum</span> <span class='ocrx_word' id='word_1_122' title='bbox 653 2200 730 2253; x_wconf 86' lang='lat' dir='ltr'>esse,</span> <span class='ocrx_word' id='word_1_123' title='bbox 747 2187 784 2241; x_wconf 88' lang='lat' dir='ltr'>ut</span> <span class='ocrx_word' id='word_1_124' title='bbox 802 2179 967 2263; x_wconf 87' lang='lat' dir='ltr'>episcopos</span> <span class='ocrx_word' id='word_1_125' title='bbox 986 2178 1057 2241; x_wconf 88' lang='lat' dir='ltr'>illos</span> <span class='ocrx_word' id='word_1_126' title='bbox 1072 2178 1206 2242; x_wconf 84' lang='lat' dir='ltr'>Romam</span> <span class='ocrx_word' id='word_1_127' title='bbox 1227 2178 1363 2241; x_wconf 87' lang='lat' dir='ltr'>adduce-</span> 
     </span>
     <span class='ocr_line' id='line_1_16' title="bbox 315 2279 1363 2364; baseline 0.002 -24"><span class='ocrx_word' id='word_1_128' title='bbox 315 2287 385 2343; x_wconf 88' lang='lat' dir='ltr'>ret:</span> <span class='ocrx_word' id='word_1_129' title='bbox 412 2279 526 2343; x_wconf 89' lang='lat' dir='ltr'>deinde</span> <span class='ocrx_word' id='word_1_130' title='bbox 543 2302 615 2343; x_wconf 91' lang='lat' dir='ltr'>cum</span> <span class='ocrx_word' id='word_1_131' title='bbox 637 2281 669 2342; x_wconf 92' lang='lat' dir='ltr'>in</span> <span class='ocrx_word' id='word_1_132' title='bbox 690 2280 792 2344; x_wconf 86' lang='lat' dir='ltr'>vicum</span> <span class='ocrx_word' id='word_1_133' title='bbox 813 2281 972 2364; x_wconf 86' lang='lat' dir='ltr'>quendam</span> <span class='ocrx_word' id='word_1_134' title='bbox 994 2302 1058 2343; x_wconf 87' lang='lat' dir='ltr'>una</span> <span class='ocrx_word' id='word_1_135' title='bbox 1081 2302 1151 2343; x_wconf 88' lang='lat' dir='ltr'>cum</span> <span class='ocrx_word' id='word_1_136' title='bbox 1175 2280 1279 2345; x_wconf 89' lang='lat' dir='ltr'>tribus</span> <span class='ocrx_word' id='word_1_137' title='bbox 1302 2279 1363 2343; x_wconf 92' lang='lat' dir='ltr'>illis</span> 
     </span>
     <span class='ocr_line' id='line_1_17' title="bbox 314 2381 1362 2468; baseline 0.002 -24"><span class='ocrx_word' id='word_1_138' title='bbox 314 2381 470 2466; x_wconf 90' lang='lat' dir='ltr'>episeopis</span> <span class='ocrx_word' id='word_1_139' title='bbox 489 2383 693 2465; x_wconf 83' lang='lat' dir='ltr'>pervenisset,</span> <span class='ocrx_word' id='word_1_140' title='bbox 710 2384 848 2468; x_wconf 81' lang='lat' dir='ltr'>coegisse</span> <span class='ocrx_word' id='word_1_141' title='bbox 868 2405 922 2446; x_wconf 91' lang='lat' dir='ltr'>eos</span> <span class='ocrx_word' id='word_1_142' title='bbox 943 2390 979 2446; x_wconf 93' lang='lat' dir='ltr'>ut</span> <span class='ocrx_word' id='word_1_143' title='bbox 994 2382 1054 2445; x_wconf 91' lang='lat' dir='ltr'>sibi</span> <span class='ocrx_word' id='word_1_144' title='bbox 1075 2404 1203 2445; x_wconf 90' lang='lat' dir='ltr'>manum</span> <span class='ocrx_word' id='word_1_145' title='bbox 1223 2381 1362 2467; x_wconf 88' lang='lat' dir='ltr'>impone-</span> 
     </span>
     <span class='ocr_line' id='line_1_18' title="bbox 314 2483 1361 2568; baseline 0.002 -24"><span class='ocrx_word' id='word_1_146' title='bbox 314 2491 408 2547; x_wconf 88' lang='lat' dir='ltr'>rent:</span> <span class='ocrx_word' id='word_1_147' title='bbox 435 2483 530 2567; x_wconf 90' lang='lat' dir='ltr'>idque</span> <span class='ocrx_word' id='word_1_148' title='bbox 553 2483 621 2547; x_wconf 92' lang='lat' dir='ltr'>illes</span> <span class='ocrx_word' id='word_1_149' title='bbox 645 2495 835 2568; x_wconf 79' lang='lat' dir='ltr'>conquestos</span> <span class='ocrx_word' id='word_1_150' title='bbox 859 2507 928 2549; x_wconf 87' lang='lat' dir='ltr'>esse</span> <span class='ocrx_word' id='word_1_151' title='bbox 952 2506 1023 2548; x_wconf 89' lang='lat' dir='ltr'>cum</span> <span class='ocrx_word' id='word_1_152' title='bbox 1039 2484 1174 2547; x_wconf 85' lang='lat' dir='ltr'>Romam</span> <span class='ocrx_word' id='word_1_153' title='bbox 1190 2485 1361 2548; x_wconf 88' lang='lat' dir='ltr'>venissent.</span> 
     </span>
     <span class='ocr_line' id='line_1_19' title="bbox 315 2584 1331 2669; baseline 0.001 -21"><span class='ocrx_word' id='word_1_154' title='bbox 315 2585 379 2648; x_wconf 85' lang='lat' dir='ltr'>Sed</span> <span class='ocrx_word' id='word_1_155' title='bbox 395 2584 476 2648; x_wconf 82' lang='lat' dir='ltr'>hune</span> <span class='ocrx_word' id='word_1_156' title='bbox 492 2585 707 2650; x_wconf 88' lang='lat' dir='ltr'>narrationem</span> <span class='ocrx_word' id='word_1_157' title='bbox 723 2585 837 2650; x_wconf 80' lang='lat' dir='ltr'>refellit</span> <span class='ocrx_word' id='word_1_158' title='bbox 848 2585 984 2650; x_wconf 73' lang='lat' dir='ltr'>Cornelii</span> <span class='ocrx_word' id='word_1_159' title='bbox 1000 2584 1145 2669; x_wconf 82' lang='lat' dir='ltr'>epistola.</span> <span class='ocrx_word' id='word_1_160' title='bbox 1172 2587 1331 2650; x_wconf 77' lang='lat' dir='ltr'>Vnunsrus.</span> 
     </span>
    </p>

    <p class='ocr_par' dir='ltr' id='par_1_6' title="bbox 314 2685 1364 3077">
     <span class='ocr_line' id='line_1_20' title="bbox 359 2685 1364 2776; baseline 0.002 -27"><span class='ocrx_word' id='word_1_161' title='bbox 359 2685 442 2749; x_wconf 89' lang='lat' dir='ltr'>lbid.</span> <span class='ocrx_word' id='word_1_162' title='bbox 459 2687 481 2749; x_wconf 98' lang='lat' dir='ltr'>l.</span> <span class='ocrx_word' id='word_1_163' title='bbox 496 2706 545 2766; x_wconf 88' lang='lat'>17.</span> <span class='ocrx_word' id='word_1_164' title='bbox 569 2689 607 2754; x_wconf 75' lang='grc' dir='ltr'>ὥς</span> <span class='ocrx_word' id='word_1_165' title='bbox 631 2688 779 2776; x_wconf 82' lang='grc' dir='ltr'>ἔφθημεν]</span> <span class='ocrx_word' id='word_1_166' title='bbox 808 2691 846 2754; x_wconf 78' lang='grc' dir='ltr'>ὣς</span> <span class='ocrx_word' id='word_1_167' title='bbox 870 2689 985 2769; x_wconf 80' lang='grc' dir='ltr'>ἔφημεν</span> <span class='ocrx_word' id='word_1_168' title='bbox 1007 2687 1055 2750; x_wconf 83' lang='lat' dir='ltr'>ed.</span> <span class='ocrx_word' id='word_1_169' title='bbox 1072 2686 1175 2771; x_wconf 79' lang='lat' dir='ltr'>Sieplr.</span> <span class='ocrx_word' id='word_1_170' title='bbox 1221 2687 1364 2772; x_wconf 84' lang='lat' dir='ltr'>Recepta</span> 
     </span>
     <span class='ocr_line' id='line_1_21' title="bbox 314 2786 1363 2874; baseline 0.001 -23"><span class='ocrx_word' id='word_1_171' title='bbox 314 2786 409 2852; x_wconf 85' lang='lat' dir='ltr'>lectio</span> <span class='ocrx_word' id='word_1_172' title='bbox 439 2795 531 2853; x_wconf 82' lang='lat' dir='ltr'>extat</span> <span class='ocrx_word' id='word_1_173' title='bbox 560 2789 592 2851; x_wconf 92' lang='lat' dir='ltr'>in</span> <span class='ocrx_word' id='word_1_174' title='bbox 625 2789 793 2874; x_wconf 75' lang='lat' dir='ltr'>Christopl.</span> <span class='ocrx_word' id='word_1_175' title='bbox 825 2792 915 2855; x_wconf 71' lang='lat' dir='ltr'>Lede.</span> <span class='ocrx_word' id='word_1_176' title='bbox 943 2799 977 2853; x_wconf 89' lang='lat' dir='ltr'>et</span> <span class='ocrx_word' id='word_1_177' title='bbox 1001 2789 1045 2852; x_wconf 81' lang='lat' dir='ltr'>ed.</span> <span class='ocrx_word' id='word_1_178' title='bbox 1068 2788 1190 2851; x_wconf 66' lang='lat' dir='ltr'>Volusii.</span> <span class='ocrx_word' id='word_1_179' title='bbox 1229 2789 1363 2853; x_wconf 80' lang='lat' dir='ltr'>Srsoru.</span> 
     </span>
     <span class='ocr_line' id='line_1_22' title="bbox 316 2889 1364 2976; baseline 0.001 -22"><span class='ocrx_word' id='word_1_180' title='bbox 316 2890 429 2954; x_wconf 85' lang='lat' dir='ltr'>Addas</span> <span class='ocrx_word' id='word_1_181' title='bbox 443 2889 493 2953; x_wconf 89' lang='lat' dir='ltr'>his</span> <span class='ocrx_word' id='word_1_182' title='bbox 508 2891 606 2954; x_wconf 78' lang='lat' dir='ltr'>MSS.</span> <span class='ocrx_word' id='word_1_183' title='bbox 624 2913 703 2976; x_wconf 72' lang='lat' dir='ltr'>perte</span> <span class='ocrx_word' id='word_1_184' title='bbox 722 2913 818 2955; x_wconf 76' lang='lat' dir='ltr'>minoe</span> <span class='ocrx_word' id='word_1_185' title='bbox 837 2901 870 2956; x_wconf 94' lang='lat' dir='ltr'>et</span> <span class='ocrx_word' id='word_1_186' title='bbox 886 2891 1013 2976; x_wconf 76' lang='lat' dir='ltr'>Syuoell.</span> <span class='ocrx_word' id='word_1_187' title='bbox 1061 2890 1172 2954; x_wconf 88' lang='lat' dir='ltr'>Habet</span> <span class='ocrx_word' id='word_1_188' title='bbox 1189 2891 1364 2972; x_wconf 78' lang='grc' dir='ltr'>προέφημεν</span> 
     </span>
     <span class='ocr_line' id='line_1_23' title="bbox 315 2991 1327 3077; baseline 0 -22"><span class='ocrx_word' id='word_1_189' title='bbox 315 2994 391 3056; x_wconf 75' lang='lat' dir='ltr'>MS.</span> <span class='ocrx_word' id='word_1_190' title='bbox 407 2991 546 3075; x_wconf 61' lang='lat' dir='ltr'>Norssblo.</span> <span class='ocrx_word' id='word_1_191' title='bbox 592 2994 674 3055; x_wconf 86' lang='lat' dir='ltr'>Mox</span> <span class='ocrx_word' id='word_1_192' title='bbox 690 2995 801 3057; x_wconf 72' lang='lat' dir='ltr'>veiireu</span> <span class='ocrx_word' id='word_1_193' title='bbox 815 3000 952 3073; x_wconf 81' lang='grc' dir='ltr'>πονηρῶν</span> <span class='ocrx_word' id='word_1_194' title='bbox 967 3014 1025 3077; x_wconf 88' lang='lat' dir='ltr'>pro</span> <span class='ocrx_word' id='word_1_195' title='bbox 1040 2998 1099 3055; x_wconf 83' lang='grc' dir='ltr'>τῶν</span> <span class='ocrx_word' id='word_1_196' title='bbox 1113 3017 1143 3055; x_wconf 90' lang='grc' dir='ltr'>π.</span> <span class='ocrx_word' id='word_1_197' title='bbox 1159 2991 1239 3054; x_wconf 72' lang='lat' dir='ltr'>idem</span> <span class='ocrx_word' id='word_1_198' title='bbox 1253 2994 1327 3055; x_wconf 83' lang='lat' dir='ltr'>MS.</span> 
     </span>
    </p>

    <p class='ocr_par' dir='ltr' id='par_1_7' title="bbox 314 3094 1364 3486">
     <span class='ocr_line' id='line_1_24' title="bbox 360 3094 1363 3182; baseline 0.003 -26"><span class='ocrx_word' id='word_1_199' title='bbox 360 3094 441 3157; x_wconf 91' lang='lat' dir='ltr'>lbid.</span> <span class='ocrx_word' id='word_1_200' title='bbox 461 3094 482 3157; x_wconf 96' lang='lat' dir='ltr'>l.</span> <span class='ocrx_word' id='word_1_201' title='bbox 499 3096 547 3158; x_wconf 88' lang='lat'>18.</span> <span class='ocrx_word' id='word_1_202' title='bbox 578 3097 784 3182; x_wconf 81' lang='grc' dir='ltr'>ῥαὸιονργίον]</span> <span class='ocrx_word' id='word_1_203' title='bbox 811 3097 999 3177; x_wconf 75' lang='grc' dir='ltr'>ῥαδιουργίας</span> <span class='ocrx_word' id='word_1_204' title='bbox 1023 3096 1070 3158; x_wconf 81' lang='lat' dir='ltr'>ed.</span> <span class='ocrx_word' id='word_1_205' title='bbox 1095 3095 1198 3179; x_wconf 70' lang='lat' dir='ltr'>stapla.</span> <span class='ocrx_word' id='word_1_206' title='bbox 1230 3095 1363 3159; x_wconf 84' lang='lat' dir='ltr'>Srsoru.</span> 
     </span>
     <span class='ocr_line' id='line_1_25' title="bbox 316 3196 1361 3283; baseline 0 -22"><span class='ocrx_word' id='word_1_207' title='bbox 316 3198 411 3261; x_wconf 85' lang='lat' dir='ltr'>Adde</span> <span class='ocrx_word' id='word_1_208' title='bbox 426 3196 596 3280; x_wconf 71' lang='lat' dir='ltr'>Syoodum</span> <span class='ocrx_word' id='word_1_209' title='bbox 612 3206 646 3261; x_wconf 88' lang='lat' dir='ltr'>et</span> <span class='ocrx_word' id='word_1_210' title='bbox 660 3198 797 3283; x_wconf 86' lang='lat' dir='ltr'>scriptos</span> <span class='ocrx_word' id='word_1_211' title='bbox 814 3199 938 3262; x_wconf 87' lang='lat' dir='ltr'>codices</span> <span class='ocrx_word' id='word_1_212' title='bbox 959 3220 1069 3262; x_wconf 88' lang='lat' dir='ltr'>omnes</span> <span class='ocrx_word' id='word_1_213' title='bbox 1089 3205 1207 3282; x_wconf 85' lang='lat' dir='ltr'>praeter</span> <span class='ocrx_word' id='word_1_214' title='bbox 1222 3197 1361 3282; x_wconf 71' lang='lat' dir='ltr'>Norsok.</span> 
     </span>
     <span class='ocr_line' id='line_1_26' title="bbox 314 3298 1364 3384; baseline -0.002 -20"><span class='ocrx_word' id='word_1_215' title='bbox 314 3300 399 3384; x_wconf 83' lang='lat' dir='ltr'>apud</span> <span class='ocrx_word' id='word_1_216' title='bbox 409 3321 503 3383; x_wconf 92' lang='lat' dir='ltr'>quem</span> <span class='ocrx_word' id='word_1_217' title='bbox 517 3301 797 3384; x_wconf 81' lang='lat' dir='ltr'>atqueSyueeilum</span> <span class='ocrx_word' id='word_1_218' title='bbox 813 3299 923 3364; x_wconf 89' lang='lat' dir='ltr'>statim</span> <span class='ocrx_word' id='word_1_219' title='bbox 939 3308 1012 3383; x_wconf 90' lang='lat' dir='ltr'>post</span> <span class='ocrx_word' id='word_1_220' title='bbox 1028 3300 1126 3362; x_wconf 88' lang='lat' dir='ltr'>habes</span> <span class='ocrx_word' id='word_1_221' title='bbox 1136 3298 1364 3380; x_wconf 81' lang='grc' dir='ltr'>τεταραγμένων</span> 
     </span>
     <span class='ocr_line' id='line_1_27' title="bbox 315 3399 1137 3486; baseline -0.005 -21"><span class='ocrx_word' id='word_1_222' title='bbox 315 3424 373 3486; x_wconf 87' lang='lat' dir='ltr'>pro</span> <span class='ocrx_word' id='word_1_223' title='bbox 387 3399 586 3482; x_wconf 72' lang='grc' dir='ltr'>τεταγμένων,</span> <span class='ocrx_word' id='word_1_224' title='bbox 602 3410 636 3465; x_wconf 90' lang='lat' dir='ltr'>et</span> <span class='ocrx_word' id='word_1_225' title='bbox 651 3401 741 3464; x_wconf 81' lang='grc' dir='ltr'>αὐτοῦ</span> <span class='ocrx_word' id='word_1_226' title='bbox 757 3402 814 3466; x_wconf 84' lang='lat' dir='ltr'>dut</span> <span class='ocrx_word' id='word_1_227' title='bbox 831 3401 960 3484; x_wconf 72' lang='lat' dir='ltr'>Syueeii.</span> <span class='ocrx_word' id='word_1_228' title='bbox 977 3423 1034 3485; x_wconf 87' lang='lat' dir='ltr'>pro</span> <span class='ocrx_word' id='word_1_229' title='bbox 1050 3401 1137 3484; x_wconf 72' lang='grc' dir='ltr'><strong><em>αὐτῷ.</em></strong></span> 
     </span>
    </p>

    <p class='ocr_par' dir='ltr' id='par_1_8' title="bbox 314 3501 1365 4710">
     <span class='ocr_line' id='line_1_28' title="bbox 359 3501 1365 3587; baseline -0.002 -22"><span class='ocrx_word' id='word_1_230' title='bbox 359 3503 397 3566; x_wconf 90' lang='lat' dir='ltr'>P.</span> <span class='ocrx_word' id='word_1_231' title='bbox 413 3520 464 3586; x_wconf 80' lang='lat'>23.</span> <span class='ocrx_word' id='word_1_232' title='bbox 479 3501 499 3564; x_wconf 97' lang='lat' dir='ltr'>l.</span> <span class='ocrx_word' id='word_1_233' title='bbox 514 3522 540 3565; x_wconf 91' lang='lat'>1.</span> <span class='ocrx_word' id='word_1_234' title='bbox 562 3503 725 3582; x_wconf 75' lang='grc' dir='ltr'>μεθύοντας</span> <span class='ocrx_word' id='word_1_235' title='bbox 741 3504 789 3567; x_wconf 87' lang='grc' dir='ltr'>καὶ</span> <span class='ocrx_word' id='word_1_236' title='bbox 804 3501 1042 3587; x_wconf 80' lang='grc' dir='ltr'>κραιπαλῶντος]</span> <span class='ocrx_word' id='word_1_237' title='bbox 1068 3503 1142 3565; x_wconf 86' lang='grc' dir='ltr'>Ηοο</span> <span class='ocrx_word' id='word_1_238' title='bbox 1160 3501 1250 3586; x_wconf 85' lang='lat' dir='ltr'>quasi</span> <span class='ocrx_word' id='word_1_239' title='bbox 1267 3502 1301 3565; x_wconf 73' lang='grc' dir='ltr'>ἓν</span> <span class='ocrx_word' id='word_1_240' title='bbox 1316 3503 1365 3564; x_wconf 75' lang='grc' dir='ltr'>διὸ</span> 
     </span>
     <span class='ocr_line' id='line_1_29' title="bbox 315 3601 1363 3689; baseline -0.005 -20"><span class='ocrx_word' id='word_1_241' title='bbox 315 3610 397 3669; x_wconf 76' lang='grc' dir='ltr'>δυοῖν</span> <span class='ocrx_word' id='word_1_242' title='bbox 420 3625 491 3667; x_wconf 90' lang='lat' dir='ltr'>curn</span> <span class='ocrx_word' id='word_1_243' title='bbox 514 3603 618 3667; x_wconf 85' lang='lat' dir='ltr'>alteru</span> <span class='ocrx_word' id='word_1_244' title='bbox 639 3603 799 3667; x_wconf 90' lang='lat' dir='ltr'>locutione</span> <span class='ocrx_word' id='word_1_245' title='bbox 824 3606 885 3689; x_wconf 77' lang='grc' dir='ltr'>ὥρᾳ</span> <span class='ocrx_word' id='word_1_246' title='bbox 909 3603 1015 3689; x_wconf 78' lang='grc' dir='ltr'>δεκάτη</span> <span class='ocrx_word' id='word_1_247' title='bbox 1042 3601 1281 3688; x_wconf 86' lang='lat' dir='ltr'>intelligendum</span> <span class='ocrx_word' id='word_1_248' title='bbox 1304 3610 1363 3666; x_wconf 90' lang='lat' dir='ltr'>est.</span> 
     </span>
     <span class='ocr_line' id='line_1_30' title="bbox 316 3705 1365 3791; baseline -0.001 -22"><span class='ocrx_word' id='word_1_249' title='bbox 316 3706 426 3791; x_wconf 86' lang='lat' dir='ltr'>Neque</span> <span class='ocrx_word' id='word_1_250' title='bbox 444 3705 526 3769; x_wconf 90' lang='lat' dir='ltr'>enim</span> <span class='ocrx_word' id='word_1_251' title='bbox 547 3713 667 3769; x_wconf 89' lang='lat' dir='ltr'>temere</span> <span class='ocrx_word' id='word_1_252' title='bbox 685 3706 875 3769; x_wconf 88' lang='lat' dir='ltr'>eredendum</span> <span class='ocrx_word' id='word_1_253' title='bbox 895 3717 952 3782; x_wconf 86' lang='lat' dir='ltr'>est,</span> <span class='ocrx_word' id='word_1_254' title='bbox 968 3726 1023 3768; x_wconf 87' lang='lat' dir='ltr'>eos</span> <span class='ocrx_word' id='word_1_255' title='bbox 1043 3726 1153 3769; x_wconf 89' lang='lat' dir='ltr'>revera</span> <span class='ocrx_word' id='word_1_256' title='bbox 1173 3705 1365 3768; x_wconf 91' lang='lat' dir='ltr'>temulentos</span> 
     </span>
     <span class='ocr_line' id='line_1_31' title="bbox 315 3805 1363 3872; baseline -0.003 -1"><span class='ocrx_word' id='word_1_257' title='bbox 315 3808 421 3871; x_wconf 86' lang='lat' dir='ltr'>fuisse.</span> <span class='ocrx_word' id='word_1_258' title='bbox 466 3805 584 3871; x_wconf 86' lang='lat' dir='ltr'>Omnes</span> <span class='ocrx_word' id='word_1_259' title='bbox 604 3807 688 3870; x_wconf 90' lang='lat' dir='ltr'>enim</span> <span class='ocrx_word' id='word_1_260' title='bbox 703 3808 906 3872; x_wconf 84' lang='lat' dir='ltr'>ecelesiastici</span> <span class='ocrx_word' id='word_1_261' title='bbox 921 3816 1013 3871; x_wconf 86' lang='lat' dir='ltr'>ectus</span> <span class='ocrx_word' id='word_1_262' title='bbox 1026 3816 1103 3871; x_wconf 83' lang='lat' dir='ltr'>unte</span> <span class='ocrx_word' id='word_1_263' title='bbox 1117 3807 1280 3871; x_wconf 89' lang='lat' dir='ltr'>meridiem</span> <span class='ocrx_word' id='word_1_264' title='bbox 1295 3805 1363 3870; x_wconf 86' lang='lat' dir='ltr'>fieri</span> 
     </span>
     <span class='ocr_line' id='line_1_32' title="bbox 316 3909 1365 3996; baseline -0.004 -21"><span class='ocrx_word' id='word_1_265' title='bbox 316 3911 476 3975; x_wconf 86' lang='lat' dir='ltr'>debebant</span> <span class='ocrx_word' id='word_1_266' title='bbox 484 3934 494 3985; x_wconf 92' lang='lat'>;</span> <span class='ocrx_word' id='word_1_267' title='bbox 517 3910 734 3994; x_wconf 84' lang='lat' dir='ltr'>pomeridiano</span> <span class='ocrx_word' id='word_1_268' title='bbox 755 3918 899 3996; x_wconf 86' lang='lat' dir='ltr'>ternpore</span> <span class='ocrx_word' id='word_1_269' title='bbox 919 3909 1009 3973; x_wconf 80' lang='lat' dir='ltr'>facile</span> <span class='ocrx_word' id='word_1_270' title='bbox 1024 3909 1092 3972; x_wconf 91' lang='lat' dir='ltr'>fieri</span> <span class='ocrx_word' id='word_1_271' title='bbox 1108 3919 1226 3993; x_wconf 86' lang='lat' dir='ltr'>potest,</span> <span class='ocrx_word' id='word_1_272' title='bbox 1242 3917 1278 3973; x_wconf 90' lang='lat' dir='ltr'>ut</span> <span class='ocrx_word' id='word_1_273' title='bbox 1294 3909 1365 3994; x_wconf 89' lang='lat' dir='ltr'>quis</span> 
     </span>
     <span class='ocr_line' id='line_1_33' title="bbox 315 4011 1364 4095; baseline -0.001 -20"><span class='ocrx_word' id='word_1_274' title='bbox 315 4012 412 4076; x_wconf 87' lang='lat' dir='ltr'>nimio</span> <span class='ocrx_word' id='word_1_275' title='bbox 431 4012 505 4075; x_wconf 87' lang='lat' dir='ltr'>vino</span> <span class='ocrx_word' id='word_1_276' title='bbox 528 4033 603 4075; x_wconf 90' lang='lat' dir='ltr'>usus</span> <span class='ocrx_word' id='word_1_277' title='bbox 626 4012 762 4076; x_wconf 87' lang='lat' dir='ltr'>officium</span> <span class='ocrx_word' id='word_1_278' title='bbox 785 4034 877 4076; x_wconf 89' lang='lat' dir='ltr'>suum</span> <span class='ocrx_word' id='word_1_279' title='bbox 901 4032 965 4074; x_wconf 92' lang='lat' dir='ltr'>non</span> <span class='ocrx_word' id='word_1_280' title='bbox 989 4012 1051 4075; x_wconf 91' lang='lat' dir='ltr'>rite</span> <span class='ocrx_word' id='word_1_281' title='bbox 1072 4019 1159 4095; x_wconf 86' lang='lat' dir='ltr'>aget.</span> <span class='ocrx_word' id='word_1_282' title='bbox 1207 4011 1323 4073; x_wconf 87' lang='lat' dir='ltr'>Hostis</span> <span class='ocrx_word' id='word_1_283' title='bbox 1343 4032 1364 4074; x_wconf 89' lang='lat' dir='ltr'>a</span> 
     </span>
     <span class='ocr_line' id='line_1_34' title="bbox 314 4110 1365 4199; baseline -0.004 -22"><span class='ocrx_word' id='word_1_284' title='bbox 314 4113 472 4199; x_wconf 83' lang='lat' dir='ltr'>possead</span> <span class='ocrx_word' id='word_1_285' title='bbox 496 4113 563 4176; x_wconf 85' lang='lat' dir='ltr'>lieri</span> <span class='ocrx_word' id='word_1_286' title='bbox 590 4113 775 4177; x_wconf 88' lang='lat' dir='ltr'>concludere</span> <span class='ocrx_word' id='word_1_287' title='bbox 801 4115 860 4178; x_wconf 93' lang='lat' dir='ltr'>sibi</span> <span class='ocrx_word' id='word_1_288' title='bbox 885 4113 1065 4199; x_wconf 87' lang='lat' dir='ltr'>permittit;</span> <span class='ocrx_word' id='word_1_289' title='bbox 1101 4113 1174 4176; x_wconf 88' lang='lat' dir='ltr'>hinc</span> <span class='ocrx_word' id='word_1_290' title='bbox 1200 4110 1365 4175; x_wconf 79' lang='lat' dir='ltr'>Cornelius</span> 
     </span>
     <span class='ocr_line' id='line_1_35' title="bbox 314 4212 1364 4300; baseline -0.003 -22"><span class='ocrx_word' id='word_1_291' title='bbox 314 4215 398 4280; x_wconf 90' lang='lat' dir='ltr'>idem</span> <span class='ocrx_word' id='word_1_292' title='bbox 413 4216 499 4299; x_wconf 90' lang='lat' dir='ltr'>qued</span> <span class='ocrx_word' id='word_1_293' title='bbox 510 4215 579 4300; x_wconf 84' lang='lat' dir='ltr'>jam</span> <span class='ocrx_word' id='word_1_294' title='bbox 594 4215 721 4280; x_wconf 82' lang='lat' dir='ltr'>dixerat</span> <span class='ocrx_word' id='word_1_295' title='bbox 736 4217 797 4300; x_wconf 77' lang='grc' dir='ltr'>ὥρη</span> <span class='ocrx_word' id='word_1_296' title='bbox 811 4217 926 4294; x_wconf 80' lang='grc' dir='ltr'>δεκάτη,</span> <span class='ocrx_word' id='word_1_297' title='bbox 942 4219 1149 4295; x_wconf 78' lang='grc' dir='ltr'>ὑπερβολικῶς</span> <span class='ocrx_word' id='word_1_298' title='bbox 1164 4212 1293 4296; x_wconf 87' lang='lat' dir='ltr'>repetit,</span> <span class='ocrx_word' id='word_1_299' title='bbox 1308 4213 1364 4276; x_wconf 87' lang='lat' dir='ltr'>ad-</span> 
     </span>
     <span class='ocr_line' id='line_1_36' title="bbox 314 4315 1365 4399; baseline -0.001 -19"><span class='ocrx_word' id='word_1_300' title='bbox 314 4318 393 4381; x_wconf 88' lang='lat' dir='ltr'>dens</span> <span class='ocrx_word' id='word_1_301' title='bbox 415 4320 579 4396; x_wconf 76' lang='grc' dir='ltr'>μεθύοντας</span> <span class='ocrx_word' id='word_1_302' title='bbox 601 4318 649 4381; x_wconf 78' lang='grc' dir='ltr'>καὶ</span> <span class='ocrx_word' id='word_1_303' title='bbox 663 4325 897 4399; x_wconf 79' lang='grc' dir='ltr'>κραιπαλῶντας.</span> <span class='ocrx_word' id='word_1_304' title='bbox 940 4320 1073 4381; x_wconf 80' lang='lat' dir='ltr'>Srneru.</span> <span class='ocrx_word' id='word_1_305' title='bbox 1098 4315 1282 4379; x_wconf 82' lang='lat' dir='ltr'>Probabilie</span> <span class='ocrx_word' id='word_1_306' title='bbox 1296 4315 1365 4380; x_wconf 84' lang='lat' dir='ltr'>baec</span> 
     </span>
     <span class='ocr_line' id='line_1_37' title="bbox 315 4418 1363 4503; baseline 0 -21"><span class='ocrx_word' id='word_1_307' title='bbox 315 4427 408 4497; x_wconf 88' lang='lat' dir='ltr'>sunt;</span> <span class='ocrx_word' id='word_1_308' title='bbox 431 4424 468 4482; x_wconf 88' lang='lat' dir='ltr'>at</span> <span class='ocrx_word' id='word_1_309' title='bbox 490 4421 654 4497; x_wconf 78' lang='grc' dir='ltr'>μεθύοντας</span> <span class='ocrx_word' id='word_1_310' title='bbox 676 4418 770 4483; x_wconf 73' lang='lat' dir='ltr'>ebrios</span> <span class='ocrx_word' id='word_1_311' title='bbox 791 4420 842 4483; x_wconf 91' lang='lat' dir='ltr'>hie</span> <span class='ocrx_word' id='word_1_312' title='bbox 863 4419 1041 4503; x_wconf 84' lang='lat' dir='ltr'>significare</span> <span class='ocrx_word' id='word_1_313' title='bbox 1063 4418 1148 4481; x_wconf 88' lang='lat' dir='ltr'>haud</span> <span class='ocrx_word' id='word_1_314' title='bbox 1171 4425 1290 4502; x_wconf 87' lang='lat' dir='ltr'>putem,</span> <span class='ocrx_word' id='word_1_315' title='bbox 1309 4419 1363 4482; x_wconf 86' lang='lat' dir='ltr'>sed</span> 
     </span>
     <span class='ocr_line' id='line_1_38' title="bbox 314 4520 1364 4602; baseline -0.002 -17"><span class='ocrx_word' id='word_1_316' title='bbox 314 4521 458 4585; x_wconf 90' lang='lat' dir='ltr'>homines</span> <span class='ocrx_word' id='word_1_317' title='bbox 477 4521 548 4585; x_wconf 81' lang='lat' dir='ltr'>oirso</span> <span class='ocrx_word' id='word_1_318' title='bbox 561 4541 628 4585; x_wconf 80' lang='lat' dir='ltr'>usos</span> <span class='ocrx_word' id='word_1_319' title='bbox 640 4522 725 4586; x_wconf 79' lang='lat' dir='ltr'>solito</span> <span class='ocrx_word' id='word_1_320' title='bbox 742 4521 875 4587; x_wconf 74' lang='lat' dir='ltr'>biberim.</span> <span class='ocrx_word' id='word_1_321' title='bbox 921 4521 1195 4602; x_wconf 76' lang='lat' dir='ltr'>Quemadmodum</span> <span class='ocrx_word' id='word_1_322' title='bbox 1213 4520 1244 4583; x_wconf 93' lang='lat' dir='ltr'>in</span> <span class='ocrx_word' id='word_1_323' title='bbox 1262 4521 1364 4584; x_wconf 74' lang='lat' dir='ltr'>Genus.</span> 
     </span>
     <span class='ocr_line' id='line_1_39' title="bbox 315 4621 1365 4710; baseline -0.004 -22"><span class='ocrx_word' id='word_1_324' title='bbox 315 4624 390 4688; x_wconf 78' lang='lat' dir='ltr'>xliii.</span> <span class='ocrx_word' id='word_1_325' title='bbox 406 4643 462 4710; x_wconf 83' lang='lat'>35.</span> <span class='ocrx_word' id='word_1_326' title='bbox 482 4630 517 4689; x_wconf 88' lang='lat' dir='ltr'>et</span> <span class='ocrx_word' id='word_1_327' title='bbox 537 4622 631 4688; x_wconf 84' lang='lat' dir='ltr'>Joau.</span> <span class='ocrx_word' id='word_1_328' title='bbox 652 4622 685 4689; x_wconf 92' lang='lat' dir='ltr'>ii.</span> <span class='ocrx_word' id='word_1_329' title='bbox 701 4645 751 4690; x_wconf 82' lang='grc' dir='ltr'>ιο.</span> <span class='ocrx_word' id='word_1_330' title='bbox 777 4623 965 4690; x_wconf 86' lang='lat' dir='ltr'>vccabulum</span> <span class='ocrx_word' id='word_1_331' title='bbox 989 4625 1109 4702; x_wconf 76' lang='grc' dir='ltr'>μεθύειν</span> <span class='ocrx_word' id='word_1_332' title='bbox 1132 4630 1245 4709; x_wconf 85' lang='lat' dir='ltr'>potum</span> <span class='ocrx_word' id='word_1_333' title='bbox 1270 4621 1365 4706; x_wconf 86' lang='lat' dir='ltr'>paulo</span> 
     </span>
    </p>
   </div>
   <div class='ocr_carea' id='block_1_4' title="bbox 0 0 1857 5667">
    <p class='ocr_par' dir='ltr' id='par_1_9' title="bbox 0 0 1857 5667">
     <span class='ocr_line' id='line_1_40' title="bbox 0 0 1857 5667; baseline 0 0"><span class='ocrx_word' id='word_1_334' title='bbox 0 0 1857 5667; x_wconf 95' lang='lat' dir='ltr'> </span> 
     </span>
    </p>
   </div>
  </div>
 </body>
</html>
