3700 5667
521 670 588 731 ΑΙ)
611 669 887 733 DIONYSIUM
913 670 1173 735 ROMANUM.
1306 674 1371 740 393

329 839 356 899 εἰ
375 837 400 899 δ’
418 837 479 913 οὑν,
497 837 569 900 nini
592 864 641 901 σοι
662 838 699 902 τά
721 864 788 903 τοτε
809 838 935 920 ῥήματα,
952 845 1072 919 μάλλον
1094 843 1127 904 δὲ
1148 842 1195 904 καί
1217 842 1314 921 πάσης
1334 842 1371 904 ἀν

328 945 450 1026 ἔπεμψα
472 945 506 1008 τὸ
529 947 723 1027 ἀντίγραφον·
751 948 824 1028 ὅπερ
847 946 884 1010 ἀν
907 947 1071 1029 εὖπορήσω,
1094 949 1218 1028 ποιήσω.
1248 950 1315 1013 οἶδα
1337 952 1369 1013 ὑὶ

328 1056 375 1118 καί
396 1056 554 1136 μέμνημαι,
570 1061 696 1120 πλείονα
714 1058 855 1138 προσθεὶς
876 1064 935 1121 τῶν
951 1064 1105 1140 συγγενῶν
1121 1061 1298 1137 ὁμοιώματα·
1323 1060 1372 1122 καὶ

328 1168 386 1246 γὰρ
410 1168 458 1228 καὶ
482 1167 577 1247 φυτὸν
601 1167 685 1230 εἶπον
710 1168 769 1230 ἀπὸ
795 1167 975 1247 σπέρματος,
996 1165 1014 1245 ἣ
1038 1167 1097 1230 ἀπὸ
1123 1170 1200 1248 ῥίζης
1228 1168 1370 1243 ἀνελθὸν,

328 1276 431 1354 ἕτερον
448 1275 524 1339 εἶναι
544 1278 596 1339 τοὺ
612 1278 684 1339 ὅθεν
704 1275 887 1353 ἐβλάστησε,
904 1277 954 1339 καὶ
973 1275 1089 1342 πάντως
1104 1277 1205 1359 ἐκείνῳ
1228 1275 1371 1355 καθέστη-

329 1411 380 1448 κεν
402 1385 541 1467 ὁμοφνές·
569 1386 617 1447 καὶ
639 1385 773 1464 ποταμὸν
794 1383 894 1469 (εἶπον
915 1391 1033 1449 additur
1055 1392 1084 1448 in
1106 1404 1208 1449 catena
1228 1392 1367 1467 quadam)

329 1495 387 1558 ἀπὸ
407 1498 502 1575 πηγῆς
518 1494 637 1575 ῥέοντα,
654 1495 756 1573 ἕτερον
770 1497 872 1576 σχῆμα
888 1495 936 1556 καὶ
952 1496 1048 1573 ὄνομα
1061 1495 1283 1574 μετειληφέναι,
1299 1493 1372 1573 μήτε

328 1605 388 1683 γὰρ
408 1603 463 1681 τὴν
483 1603 583 1683 πηγὴν
604 1602 749 1682 ποταμὸν,
770 1601 842 1682 μήτε
865 1602 917 1664 τὸν
939 1602 1074 1680 ποταμὸν
1095 1604 1193 1683 πηγὴν
1214 1604 1372 1682 λέγεσθαι,

329 1711 377 1773 καὶ
392 1712 546 1792 ἀμφότερα
560 1710 716 1793 ὑπάρχειν,
734 1711 781 1774 καὶ
795 1711 849 1789 την
862 1713 918 1789 μὲν
932 1710 1030 1791 πηγὴν
1045 1712 1137 1773 οίονεὶ
1154 1712 1268 1791 πατέρα
1283 1710 1371 1784 εἶναι,

328 1818 381 1882 τὸν
400 1821 433 1881 δὲ
453 1820 588 1898 ποταμὸν
608 1821 683 1883 εἶναι
701 1820 748 1892 (τὺ
767 1825 832 1884 add.
848 1827 878 1883 in
898 1825 997 1883 endem
1018 1821 1133 1896 catena)
1151 1822 1183 1882 έκ
1205 1825 1256 1898 τῆς
1278 1825 1373 1901 πηγῆς

327 1930 412 2007 θὺωρ.
436 1929 517 1990 ἀλλὰ
535 1932 626 1990 ταῦτα
644 1930 701 2007 μὲν
722 1929 769 1990 καὶ
786 1931 824 1990 τὰ
842 1932 962 1990 τοιαῦτα
981 1929 1054 2005 μηδὲ
1074 1929 1148 2010 ὑρᾷν
1167 1928 1371 2009 γεγραμμένα,

328 2036 398 2100 ἀλλ’
422 2039 513 2101 οίονεί
539 2040 722 2118 τυφλώττειν
745 2039 963 2118 ὑποκρίνονται·
990 2042 1051 2102 τοῖς
1075 2039 1107 2099 δὲ
1134 2038 1201 2099 δυσὶ
1224 2040 1374 2118 ῥηματίοις

328 2147 511 2223 ἀσυνθέτοις,
529 2148 658 2227 καθάπερ
680 2149 785 2221 λίθοις,
800 2150 949 2228 μακρόθεν
969 2148 1158 2228 ἐπιχειροῦσί
1173 2172 1210 2226 με
1230 2147 1371 2226 βάλλειν·

328 2258 506 2338 ἀγνοοῦντες
521 2259 559 2324 ὡς
572 2264 631 2320 τῶν
645 2256 864 2338 ἀγνοουμένων,
878 2257 926 2319 καὶ
941 2260 1138 2337 προσαγωγῆς
1154 2260 1196 2324 είς
1211 2258 1372 2337 ἐπίγνωσιν

329 2367 487 2446 δεομένων,
504 2367 538 2429 οὐ
553 2368 646 2444 μόνον
661 2367 772 2429 ἀλλοῖα
786 2365 943 2441 πολλάκις,
960 2368 1041 2429 ἀλλά
1061 2368 1109 2430 καί
1128 2368 1290 2430 ὑπεναντία
1309 2391 1374 2429 τεκ-

328 2474 418 2556 μήρια
433 2478 546 2556 γίνεται
560 2482 618 2538 τῶν
634 2474 865 2554 ἐπιζητουμένων
880 2478 1050 2554 δηλώματα.
1097 2483 1170 2541 Ηιαο
1186 2481 1372 2541 adducuntur

329 2606 346 2642 a
369 2586 401 2643 S.
418 2586 577 2644 Attanum
598 2585 626 2641 in
652 2585 707 2663 πρ.
728 2587 763 2642 ιι
783 2586 929 2643 semma
952 2586 1092 2665 nrnysn.
1113 2607 1192 2643 num.
1209 2587 1288 2643 xvir.
1306 2608 1372 2665 pag.
1415 2570 1417 2575 ’

330 2692 399 2748 ⁶255.

330 2940 401 2986 tunc
428 2928 528 3006 scripsi
557 2927 652 2991 verba.
680 2928 768 2984 immo
795 2938 826 2984 et
875 2939 934 2986 tem
967 2927 1116 3005 appellari,
1144 2928 1194 2985 sed
1224 2929 1284 2986 hnc
1315 2927 1374 2987 dun

329 3008 458 3087 epistole}
477 3008 568 3066 totius
586 3006 751 3085 exemplum
771 3007 824 3064 mi·
875 3029 938 3066 esse
948 3031 956 3078 ;
979 3009 1137 3066 scientem
1155 3009 1272 3085 quidem
1291 3011 1374 3087 quasi

330 3090 439 3151 siseem.
466 3089 638 3163 mittamque
661 3088 684 3145 si
710 3086 826 3164 quando
876 3100 986 3166 patrem
1003 3108 1075 3154 esse,
1092 3087 1212 3146 fluvium
1229 3110 1297 3147 vero
1314 3110 1375 3148 esse

330 3169 400 3225 mihi
416 3169 479 3243 ejus
493 3170 576 3245 copia
589 3167 689 3225 fuerit.
718 3167 825 3225 Memi-
876 3188 978 3243 nquam
999 3188 1035 3225 ex
1053 3169 1144 3226 fonte.
1188 3168 1297 3226 Verum
1314 3169 1374 3227 haec

331 3249 359 3305 ni
376 3268 461 3326 porro
476 3247 615 3325 plurimas
631 3267 668 3304 ex
683 3248 769 3304 rebus
783 3248 826 3303 in·
876 3247 993 3323 quidem
1009 3260 1041 3305 et
1054 3247 1169 3312 similis,
1183 3268 1248 3323 quae
1267 3249 1374 3325 scripta

331 3339 375 3384 ter
402 3349 433 3385 se
461 3327 591 3402 cognatis
623 3324 827 3384 similitudines
877 3335 957 3389 sunt,
972 3345 1003 3382 se
1024 3345 1081 3381 non
1101 3325 1199 3382 videre
1218 3328 1299 3400 quasi
1321 3348 1375 3383 cm.

331 3406 477 3481 adjecisse.
494 3405 613 3462 Etenim
624 3403 827 3481 plantmmsive
878 3404 1023 3460 cutientes
1037 3403 1239 3460 dissimulant:
1262 3404 1375 3462 duabus

331 3486 494 3543 exsemine
514 3485 630 3540 siveex
647 3480 742 3538 radice
763 3502 825 3539 suc·
877 3493 976 3538 nutem
1017 3481 1127 3539 voculis
1168 3483 1375 3560 incompositis,

332 3574 517 3627 crescentem,
533 3561 617 3619 aliem
637 3582 699 3619 esse
716 3560 774 3617 dixi
792 3562 829 3619 ab
878 3562 960 3637 quasi
975 3560 1128 3653 lapidibus,
1141 3561 1254 3619 eminus
1269 3582 1314 3619 me
1326 3584 1373 3619 οο-

332 3666 368 3702 eo
404 3643 481 3701 unde
516 3640 680 3720 pullulavit.
713 3642 828 3699 tametsi
878 3652 985 3698 nentur
1006 3651 1165 3717 impetere:
1192 3661 1250 3699 non
1272 3642 1374 3699 adver·

332 3723 461 3795 ejusdem
489 3722 607 3780 omnino
634 3723 672 3779 sit
697 3732 826 3780 nature:
878 3732 975 3778 tentes
996 3720 1081 3777 rebus
1102 3721 1242 3797 ignoretis
1262 3735 1292 3780 et
1311 3743 1375 3800 qu·

332 3805 464 3861 similiter
476 3815 505 3862 et
517 3801 636 3859 fluvium
648 3823 664 3859 ιι
674 3803 756 3859 fonte
767 3822 826 3859 mn·
879 3812 912 3858 ut
925 3799 1125 3875 intelligantur
1137 3801 1376 3878 interpretatione

333 3895 449 3941 nantem
471 3883 554 3940 eliam
576 3882 696 3938 formam
720 3902 753 3939 ac
775 3902 827 3938 no.
878 3878 1020 3956 indigent,
1033 3878 1205 3956 plerumque
1220 3900 1277 3938 non
1289 3882 1375 3940 modo

332 3983 397 4021 men
413 3964 551 4041 accipere.
563 3981 656 4037 neque
670 3962 746 4018 enim
762 3962 827 4019 fon·
877 3960 982 4023 aliena,
997 3959 1046 4017 sed
1065 3972 1095 4017 et
1113 3962 1257 4018 contraris
1277 3982 1375 4020 exem·

332 4055 391 4101 tem
412 4042 542 4110 fluvium,
556 4052 607 4098 aut
626 4040 746 4098 fluvium
761 4041 825 4097 fon·
877 4041 924 4119 ple
940 4039 1032 4097 lucem
1048 4038 1159 4097 afferre.

374 4726 439 4766 VOL.
457 4726 500 4766 ΙΙΙ.
