3700 5667
711 1539 1309 1640 ANNOTATIONES

531 1838 596 1921 IN
626 1842 664 1921 S.
688 1838 1004 1922 VICTORINI
1036 1835 1487 1921 FRAGMENTUM.

871 2165 1142 2207 ...φ-..-

527 2430 565 2493 Ρ.
588 2443 662 2513 455.
686 2426 760 2510 ¹·7·
787 2425 969 2489 Terminus
993 2426 1154 2489 Vrcronmr
1179 2448 1219 2490 nn
1245 2425 1384 2491 annrcn
1411 2431 1535 2513 moreni]

482 2526 742 2597 Commentarioli
771 2526 886 2591 edendi
915 2525 966 2590 his
995 2526 1099 2591 verbis
1127 2527 1284 2592 rationem
1311 2525 1420 2592 reddit
1444 2528 1535 2593 Guil.

482 2631 599 2697 Gavius
617 2631 651 2695 in
670 2631 758 2694 H'cet.
774 2629 840 2693 Lo.
857 2636 937 2693 tom.
954 2627 975 2694 i.
995 2651 1028 2713 p.
1049 2646 1120 2712 147.
1139 2651 1206 2694 occe
1221 2628 1408 2694 Victorinus
1430 2628 1535 2696 Peta-

481 2731 651 2797 vionensis.
696 2738 716 2768 “
731 2730 836 2795 Extat
850 2752 947 2814 penes
961 2750 1013 2793 me
1028 2728 1182 2795 Victorini
1200 2732 1361 2796 diodotus
1374 2730 1534 2798 hactenus

484 2832 657 2897 “ineditus
685 2832 723 2896 de
750 2830 890 2895 Fabricc
917 2830 1047 2908 Moci,
1074 2853 1169 2916 quem
1196 2854 1237 2897 ex
1265 2839 1393 2899 vetusto
1421 2834 1534 2900 codice

483 2944 504 2968 “
518 2932 720 2996 bibliotheca
753 2932 987 2997 Lambethanae
1024 2933 1191 3019 descripsit
1223 2933 1272 2999 vir
1303 2934 1342 2999 cl.
1369 2932 1533 3000 Henricus

483 3045 504 3070 ‘⁸
521 3032 705 3112 Mauritius,
727 3034 759 3098 S.
771 3031 811 3098 Τ.
824 3033 864 3096 Ρ.
881 3032 1021 3097 Domino
1040 3034 1290 3122 Archiepiscopo
1311 3056 1333 3100 a
1353 3034 1452 3100 saofis
1474 3036 1533 3101 do·

483 3145 504 3169 ⁴‘
519 3133 669 3213 mesticis,
683 3154 869 3219 mecumque
883 3133 1019 3219 benigne
1033 3137 1286 3203 communicavit.
1331 3137 1377 3202 Et
1390 3138 1532 3202 secunda

483 3248 503 3270 ‘⁸
515 3237 585 3322 jam
598 3236 666 3302 vioe
680 3237 723 3301 ad
737 3236 833 3300 finem
848 3235 919 3300 MS.
936 3235 1054 3300 codicis
1067 3238 1251 3324 recognovit
1265 3239 1313 3303 vir
1327 3237 1532 3305 doctissimus

483 3349 503 3371 ‘⁶
518 3336 823 3421 candidissimaeque
840 3335 865 3400 J
866 3336 1008 3400 ohannes
1029 3335 1191 3424 Batteley‚
1214 3340 1327 3404 doctor
1348 3339 1532 3426 Theologus

483 3448 503 3472 '⁸
518 3437 660 3524 ejusdem
682 3436 924 3523 Arohiepiscopi
946 3437 1131 3504 sacellanos.
1176 3440 1255 3521 Quis
1273 3440 1370 3505 fuerit
1389 3441 1441 3506 hio
1456 3442 1531 3507 Vio-

482 3550 503 3574 “
517 3540 651 3619 torinus,
673 3541 707 3604 in
729 3541 800 3605 cod.
824 3540 895 3605 MS.
918 3560 984 3604 non
1005 3538 1132 3605 dicitur.
1177 3540 1336 3606 Nostrum
1359 3564 1434 3607 vero
1459 3565 1532 3609 esse

482 3651 502 3674 ‘'
517 3646 586 3705 tum
601 3639 715 3725 stylus,
727 3648 797 3705 tum
811 3661 863 3703 res
877 3640 948 3723 ipsa
961 3646 1073 3723 aperte
1088 3639 1246 3715 clamaut;
1263 3642 1441 3727 prasertim
1455 3665 1530 3708 cum

482 3742 552 3805 “in
576 3763 615 3806 eo
641 3741 867 3806 chiliastarum
895 3762 985 3805 error
1009 3741 1177 3806 manifeste
1206 3742 1406 3823 defendatur,
1432 3765 1530 3829 quem

347 3852 350 3859 '
482 3841 717 3906 uVictorinum
752 3848 898 3906 nostrum
932 3841 1046 3907 fovisse
1081 3843 1183 3909 tradit
1215 3843 1432 3931 Hieronymus
1463 3845 1530 3932 (De

481 3949 502 3981 “
515 3944 630 4028 Smpt.
649 3941 705 4007 Ill.
724 3964 752 4006 c.
770 3943 835 4027 18.)
860 3941 997 4007 Videtur
1017 3965 1087 4009 esse
1108 3944 1160 4009 hic
1180 3944 1304 4010 libellus
1325 3948 1528 4028 ἀποσπασμά·

481 4056 501 4080 “
517 4070 583 4110 τιον
604 4044 764 4130 quoddam
785 4066 826 4109 ex
849 4045 1009 4110 Omnem.
1027 4044 1076 4110 vel
1097 4045 1132 4109 in
1153 4046 1303 4124 Genesin,
1319 4046 1369 4112 vel
1389 4047 1424 4111 in
1444 4049 1528 4133 Apo-

481 4157 501 4181 ''
516 4145 654 4232 eclypsin
681 4146 878 4231 decerptum,
904 4145 990 4231 quod
1019 4145 1152 4231 proinde
1180 4152 1250 4211 tum
1278 4153 1410 4233 propter
1433 4169 1529 4214 rene-

480 4258 500 4282 “
515 4249 649 4313 randam
668 4247 904 4334 antiquitatem,
919 4254 991 4312 tum
1009 4253 1141 4333 propter
1159 4246 1354 4313 celeberrimi
1373 4250 1529 4334 martyris

480 4356 501 4388 '‘
515 4348 634 4414 famam
655 4348 707 4413 hic
729 4348 928 4435 subjungam.
974 4347 1027 4414 Sic
1048 4370 1124 4434 ergo
1146 4349 1245 4415 habet
1266 4350 1367 4413 codex
1390 4349 1528 4416 Lambe-

480 4460 500 4482 “
515 4451 644 4527 thamus,
659 4449 772 4514 vitiose
793 4449 921 4535 quidem
940 4448 973 4513 in
991 4449 1157 4527 nonnuliis,
1173 4470 1244 4535 quae
1264 4470 1391 4514 sensum
1410 4450 1527 4515 alicubi

480 4561 500 4583 '‘
515 4548 620 4614 minus
652 4548 774 4614 ciarum
806 4550 956 4614 reddunt.
1011 4550 1220 4635 conjecturas
1249 4551 1414 4633 quasdam,
1445 4571 1528 4634 quas
