3700 5667
477 656 542 723 100
774 666 1023 745 annromn
1050 668 1228 732 saona.

476 836 610 900 seruato
624 835 739 900 racadu
753 846 822 901 caat
835 838 968 901 munda.
1013 838 1080 902 Nec
1094 839 1208 924 aliquis
1224 846 1369 903 nostrum
1383 838 1416 903 id
1431 839 1527 905 debet

477 946 608 1010 horrere
627 948 713 1032 quod
731 947 818 1011 Deus
839 947 1059 1033 dignatusest
1080 949 1193 1013 lacere.
1239 948 1322 1012 Nam
1342 949 1403 1013 etsi
1422 950 1527 1014 adhuc

477 1057 581 1121 inians
595 1080 615 1120 a
631 1064 727 1142 partu
749 1079 848 1122 novus
870 1065 930 1136 est,
946 1080 1010 1121 non
1031 1059 1079 1123 ita
1100 1065 1150 1123 est
1171 1066 1280 1123 tamen
1303 1067 1340 1123 ut
1360 1059 1527 1144 quisquam

474 1167 562 1231 illum
591 1168 625 1230 in
652 1167 760 1252 gratia
796 1168 903 1232 danda
931 1176 1029 1253 atque
1058 1169 1090 1232 in
1119 1191 1198 1254 pace
1227 1169 1373 1233 facienda
1398 1169 1528 1233 horrere

477 1278 595 1342 debeat
609 1277 753 1355 osculari,
770 1279 898 1362 quaudo
912 1278 945 1341 in
960 1278 1067 1342 osculo
1082 1279 1213 1344 infantis
1228 1280 1441 1364 unusquisque
1455 1298 1552 1358 nos-5

477 1395 564 1452 trum
588 1410 646 1473 pro
670 1409 727 1452 sua
753 1387 904 1473 religione
930 1387 1016 1472 ipsas
1037 1389 1142 1452 adhue
1163 1397 1307 1453 recentes
1330 1389 1391 1454 Dei
1414 1412 1527 1455 manus

477 1498 593 1562 debeat
613 1497 766 1583 cogitare,
782 1519 862 1582 quas
880 1498 914 1561 in
935 1498 1064 1561 homine
1086 1500 1180 1562 modo
1203 1499 1342 1564 formato
1363 1507 1396 1564 et
1418 1522 1528 1564 recens

477 1615 554 1672 nato
580 1607 717 1693 quodam
743 1609 837 1671 modo
861 1609 1092 1687 exosculamur,
1119 1611 1301 1695 quandoid
1329 1612 1414 1696 quod
1440 1611 1527 1674 Deus

477 1718 552 1784 fecit
575 1719 806 1804 amplectimur.
851 1719 940 1784 Nam
965 1720 1049 1804 quod
1073 1720 1106 1783 in
1128 1721 1268 1785 Judaica
1291 1720 1527 1786 circumcisione

475 1830 595 1894 'carnali
624 1838 755 1894 octavus
792 1830 859 1894 dies
887 1830 1125 1906 observabatur,
1152 1838 1386 1895 sacramentum
1416 1838 1465 1895 est
1494 1829 1575 1893 iuro

477 1942 591 2007 umbra
613 1949 712 2027 atque
737 1942 770 2005 in
798 1942 936 2028 imagine
965 1949 1042 2006 ante
1067 1942 1275 2027 praemissum,
1301 1941 1357 2006 sed
1381 1942 1528 2005 veniente

478 2052 606 2119 Ghristo
629 2052 765 2117 veritate
794 2052 994 2137 completum.
1042 2052 1127 2115 Nam
1154 2052 1208 2137 qui
1231 2059 1363 2117 octavus
1389 2052 1469 2128 dies,
1495 2051 1528 2114 id

478 2171 540 2240 est,
554 2169 628 2247 post
642 2162 812 2226 sabbatum
826 2162 956 2246 primus,
974 2161 1041 2226 dies
1060 2161 1187 2226 iuturus
1202 2170 1273 2226 erat
1293 2185 1356 2248 quo
1372 2163 1528 2227 Dominus

478 2278 659 2356 resurgeret
678 2277 712 2334 et
733 2293 790 2334 nos
805 2270 978 2336 vivificaret
993 2279 1027 2336 et
1049 2271 1318 2336 circumcisionem
1333 2271 1424 2335 nobis
1439 2270 1529 2356 spiri·

478 2382 575 2446 talem
590 2382 692 2457 daret,
707 2381 758 2444 hic
774 2381 841 2444 dies
856 2389 996 2458 octavus,
1013 2382 1045 2445 id
1061 2390 1122 2460 est,
1133 2390 1207 2465 post
1222 2382 1393 2447 sabbatum
1409 2381 1528 2467 primus
1540 2400 1573 2460 15

478 2499 513 2556 et
527 2491 723 2569 Dominicus‚
739 2492 901 2577 praecessit
916 2493 950 2556 in
971 2493 1117 2578 imagine.
1162 2492 1241 2573 Quae
1264 2493 1368 2577 imago
1393 2493 1528 2557 cessavit

477 2602 718 2687 superveniente
735 2604 939 2687 postmodum
956 2604 1093 2668 veritate
1116 2610 1149 2668 et
1175 2604 1254 2667 data
1276 2603 1368 2668 nobis
1391 2604 1528 2690 spiritali

478 2712 722 2778 circumcisione.
768 2714 906 2798 Propter
926 2714 1011 2799 quod
1034 2713 1190 2776 neminem
1209 2723 1360 2798 putamus
1382 2736 1403 2777 a
1421 2715 1527 2799 gratia

478 2823 700 2907 consequenda
724 2822 958 2908 impediendum
980 2844 1049 2886 esse
1072 2845 1111 2886 ea
1131 2823 1200 2907 lege
1222 2845 1292 2908 quae
1310 2823 1380 2909 jam
1402 2830 1528 2888 statuta

478 2939 537 3010 est,
565 2954 622 2996 nec
651 2931 827 3017 spiritalem
853 2931 1124 2995 circumcisionem
1153 2932 1298 3018 impediri
1324 2934 1443 2998 carnali
1469 2934 1575 2998 cir-20

479 3042 668 3106 cumcisione
692 3042 816 3118 debere,
841 3043 898 3106 sed
920 3064 1046 3106 omnem
1072 3042 1199 3106 omnino
1224 3044 1383 3107 hominem
1407 3045 1526 3109 admit·

478 3153 611 3217 tendum
625 3174 695 3217 esse
709 3154 751 3216 ad
768 3153 907 3238 gratiam
923 3152 1052 3229 Christi,
1069 3153 1196 3237 quando
1212 3161 1245 3218 et
1262 3153 1378 3217 Petrus
1396 3153 1428 3216 in
1446 3155 1528 3218 actis

478 3264 695 3349 apostolorum
715 3264 865 3349 loquatur
884 3271 918 3329 et
939 3264 1044 3328 dicat:
1069 3262 1232 3327 ¹Domiaus
1249 3264 1325 3327 aridi
1338 3263 1420 3326 dicit
1434 3263 1528 3326 nansi·

477 3396 546 3440 ncm
570 3375 716 3439 docuinam
741 3397 921 3439 cornrauacm
947 3375 1106 3438 dbcrrdma
1128 3383 1156 3438 ct
1181 3374 1378 3437 immundum.
1426 3373 1528 3438 Oaete·

478 3508 549 3550 rum
565 3487 590 3551 si
606 3487 748 3551 homines
765 3486 918 3572 impedire
938 3484 1063 3569 aliquid
1075 3486 1117 3548 ad
1139 3485 1394 3548 consecutionem
1413 3484 1527 3568 gratiae
1539 3501 1574 3560 25

479 3603 596 3681 posset,
617 3597 718 3681 magis
741 3597 868 3661 adultos
890 3605 923 3660 et
948 3603 1115 3681 provectos
1139 3603 1172 3658 et
1195 3594 1332 3680 majores
1355 3600 1434 3657 natu
1458 3615 1529 3678 poe

478 3712 551 3768 sent
576 3705 728 3788 impedire
753 3713 885 3790 peccata
913 3706 1069 3789 graviora.
1117 3707 1219 3768 Porro
1242 3712 1350 3769 autem
1374 3703 1401 3767 si
1428 3703 1529 3767 etiam

476 3815 671 3898 gravissimis
691 3815 894 3879 delictoribus
916 3815 998 3878 etin
1014 3815 1119 3879 Deum
1141 3815 1276 3878 multum
1298 3825 1374 3877 anto
1392 3835 1526 3897 peccan-

479 3923 574 4000 tibus,
599 3945 670 3986 cum
693 3931 805 4008 postea
826 3924 1027 3999 crediderint,
1043 3924 1174 3987 remissa
1196 3930 1399 4007 peccatorum
1421 3922 1528 3998 datur,

479 4042 512 4098 et
537 4057 557 4096 a
582 4033 741 4117 baptismo
765 4041 863 4118 atque
889 4057 909 4097 a
931 4036 1038 4119 gratia
1064 4058 1156 4098 nemo
1182 4034 1380 4118 prohibetur,
1407 4039 1528 4118 quanto
1538 4050 1577 4106 30

477 4146 578 4231 magis
606 4143 765 4228 prohiberi
788 4166 851 4207 nou
873 4144 969 4207 debet
991 4144 1106 4219 inians,
1123 4144 1177 4228 qui
1199 4166 1309 4207 reeens
1330 4151 1425 4207 natus
1450 4142 1528 4205 nihil

479 4256 630 4341 peccavit,
646 4256 706 4319 nisi
728 4256 813 4340 quod
836 4256 1008 4318 secundum
1023 4255 1131 4317 Adam
1153 4254 1325 4317 carnaliter
1339 4260 1434 4316 natus
1456 4273 1529 4315 con-

479 4367 601 4453 tagium
620 4368 733 4432 inertis
747 4367 888 4451 antiquae
911 4367 1014 4451 prima
1036 4366 1205 4430 nativitate
1226 4363 1399 4440 contraxit,
1417 4361 1472 4446 qui
1486 4361 1528 4425 ad

741 4603 755 4641 k
769 4601 848 4649 Titi.
864 4616 901 4663 ¹5·
1100 4601 1106 4640 l
1122 4601 1177 4648 Act.
1189 4617 1212 4646 x.
1228 4598 1266 4646 28.
