3700 5667
485 671 535 735 IN
559 671 779 735 DIONYSll
806 673 922 735 ROM.
946 671 1266 736 EXCERPTUM.
1336 672 1400 735 385

398 839 435 900 P.
451 856 523 923 373.
539 838 559 901 l.
579 858 627 922 13.
649 837 739 901 αὐτὸν
753 837 806 901 τὸν
820 837 886 901 viria
902 838 978 902 εἶναι
993 839 1092 918 λέγων
1107 837 1160 901 τὸν
1175 837 1301 920 πατέρα]
1325 837 1400 901 Uno

354 940 449 1004 verbo
467 941 549 1005 hono
570 940 697 1004 Sobollii
715 939 859 1004 haeresim
879 939 1047 1004 enuntiant
1063 939 1175 1003 Ariani
1194 940 1279 1024 apud
1295 940 1400 1004 Atha·

353 1042 475 1105 nasium
489 1042 543 1105 lib.
559 1043 599 1105 de
620 1041 849 1126 Synod.n.16.
870 1040 1011 1104 diceutes
1031 1039 1297 1122 illumgoloadropa
1317 1063 1398 1125 prae-

353 1142 466 1219 dicarc,
483 1145 567 1227 quod
585 1144 728 1206 Hilarius
743 1142 796 1205 lib.
813 1141 852 1203 iv.
869 1141 908 1203 de
924 1140 1011 1203 Trin.
1028 1162 1059 1203 n.
1077 1159 1121 1203 ra.
1140 1141 1253 1205 Latine
1269 1163 1399 1206 conver-

353 1243 406 1317 tit,
421 1245 521 1328 ipsura
534 1244 615 1307 dian
631 1244 750 1307 Filiam
764 1265 850 1327 qaam
866 1244 1004 1305 Patron.
1028 1240 1199 1305 (iousrxxr.

396 1343 433 1404 P.
449 1360 523 1427 374.
543 1343 563 1405 l.
582 1363 611 1423 9.
636 1343 812 1421 Μαρκίωνος
835 1343 891 1420 γὰρ
916 1341 987 1422 lto]
1014 1339 1128 1403 Notior
1150 1349 1200 1406 cst
1224 1342 1399 1409 Marcionis

351 1443 488 1518 baeresis,
506 1466 569 1526 qua
589 1444 652 1505 dno
674 1441 840 1525 principia,
857 1463 954 1504 unum
974 1442 1061 1518 boni,
1075 1443 1210 1506 alterum
1225 1444 1300 1507 mali
1315 1467 1398 1508 som-

352 1543 463 1607 niavit.
505 1543 640 1627 Cyrillus
655 1551 762 1607 tamen
777 1542 801 1604 J
803 1541 914 1605 erosol.
931 1541 1004 1606 licet
1020 1542 1141 1608 catech.
1159 1546 1189 1607 ό.
1205 1566 1236 1608 n.
1250 1547 1300 1608 16.
1316 1546 1398 1610 hano

351 1645 419 1727 ejus
442 1646 620 1709 doctrinam
644 1654 771 1720 notans,
794 1643 880 1707 dicat
902 1665 974 1707 eum
997 1643 1127 1707 divorsos
1149 1647 1229 1709 Deos
1249 1648 1396 1721 starem,

351 1746 480 1809 alteram
500 1745 617 1821 baram,
631 1756 657 1809 et
677 1746 806 1810 alterma
818 1745 947 1827 justam,
963 1744 1022 1807 hoc
1042 1756 1092 1809 est
1112 1767 1209 1808 unum
1230 1748 1344 1812 durum
1364 1757 1398 1813 et

351 1870 457 1912 severe
477 1848 671 1932 punientem,
684 1849 820 1911 alterum
841 1845 1011 1931 benignum
1033 1854 1067 1909 et
1086 1847 1128 1910 ad
1150 1847 1398 1914 misericordiam

351 1972 553 2034 propensum,
568 1949 689 2013 catech.
710 1951 758 2012 16.
774 1970 804 2011 n.
820 1968 850 2023 4.
871 1949 910 2010 de
934 1947 1095 2031 discipulis
1116 1948 1198 2011 illius
1218 1951 1398 2033 praemittit,

351 2054 495 2115 Nostros
513 2053 592 2115 Deos
611 2051 838 2121 annuntiamus,
857 2050 969 2112 aibant
988 2050 1210 2126 Marcionistoe,
1226 2059 1296 2115 tum
1317 2074 1348 2117 n.
1366 2071 1395 2135 7.

352 2156 391 2218 de
416 2155 484 2239 ipso
508 2154 662 2240 magistro
685 2152 822 2237 subjicit,
846 2152 1051 2236 Impiissimus
1073 2153 1218 2216 Marcion
1239 2163 1298 2217 tres
1319 2157 1398 2220 Dea

350 2279 407 2321 esso
420 2259 544 2342 peinana
558 2257 697 2319 assentit.
743 2258 814 2332 Qua
830 2261 938 2318 autem
954 2253 1077 2316 rationo
1092 2254 1151 2317 hoc
1167 2255 1209 2318 ab
1224 2277 1261 2318 eo
1276 2279 1396 2320 assere·

350 2367 450 2432 retur,
468 2356 665 2441 Epiphanius
684 2356 759 2418 lraer.
775 2374 827 2435 42.
846 2376 876 2417 n.
893 2373 924 2438 3.
940 2354 1081 2437 exponit.
1128 2356 1245 2418 Verum
1261 2357 1397 2420 Rhodon

351 2459 478 2541 quidam
500 2456 657 2521 Marcioni
677 2478 795 2540 suppar
812 2454 896 2539 apud
915 2454 1088 2517 Eusebium
1104 2453 1156 2517 lib.
1174 2477 1202 2518 v.
1218 2477 1244 2518 o.
1265 2476 1313 2540 13.
1335 2456 1397 2540 pri-

349 2582 435 2622 murn
451 2559 574 2635 scribit,
589 2558 660 2621 Alii
672 2557 804 2641 periodo
818 2578 856 2619 aa
870 2555 1017 2618 Marcion
1034 2554 1093 2617 dac
1113 2555 1261 2619 indiscunt
1275 2558 1398 2641 princi.

346 2663 425 2744 pia,
449 2684 487 2725 ao
509 2660 604 2745 paulo
626 2668 699 2744 post
721 2659 878 2744 adjungit,
892 2657 965 2720 Alii
986 2678 1092 2720 rursus
1113 2656 1151 2720 ab
1173 2657 1221 2721 aa
1242 2668 1395 2743 taruqaam

349 2772 517 2847 terapestalo
536 2763 570 2824 ia
584 2761 673 2846 pejus
693 2760 831 2845 adrepti‚·
855 2781 915 2823 non
936 2760 1014 2821 duas
1035 2758 1140 2834 solam,
1158 2759 1211 2823 sed
1229 2769 1288 2823 tres
1307 2769 1396 2824 nata-

348 2887 401 2928 ras
413 2874 581 2949 porra-rant
593 2888 603 2925 .·
626 2884 752 2947 quoram
768 2862 957 2947 princepsa
971 2862 1185 2945 antesignanos
1203 2870 1244 2924 art
1259 2861 1394 2942 Synaos.

349 2962 550 3047 Augustinus
570 2982 642 3024 vero
663 2961 715 3024 lib.
736 2961 776 3023 de
797 2960 873 3024 hacr.
896 2984 922 3025 o.
945 2979 993 3027 22.
1010 2960 1182 3045 Epiphanii
1203 2959 1396 3044 Eusebiique

349 3066 523 3128 sententias
541 3065 585 3128 sic
605 3064 809 3149 perstringit:
835 3064 979 3143 ρααςηααζς
993 3064 1190 3148 Epiphanius
1208 3084 1276 3126 eum
1290 3062 1395 3145 (Mar-

349 3166 484 3246 cionem)
516 3167 579 3229 tria
609 3166 692 3229 dicat
724 3167 882 3230 mertanne
908 3165 1085 3249 principia,
1120 3165 1239 3239 bonam,
1264 3164 1393 3246 justam,

342 3289 500 3350 prauam:
523 3267 575 3329 scd
593 3266 739 3330 Eusebius
759 3269 909 3348 Syriarum
928 3264 1098 3347 qrwmdam,
1112 3286 1171 3327 aaa
1192 3265 1393 3337 Marcionem,

349 3369 443 3430 triam
472 3367 702 3450 principiorum
737 3376 827 3449 atque
869 3375 1055 3427 naturarum
1094 3362 1199 3426 scr-ibit
1235 3373 1393 3425 ardorem.

350 3468 523 3531 Oousrxnr.
571 3466 663 3545 Quod
687 3466 738 3529 hic
764 3487 784 3528 a
807 3464 961 3547 Dionysio
988 3463 1028 3526 de
1052 3463 1218 3528 Marcione
1243 3463 1393 3539 refertur,

349 3576 414 3631 tres
436 3567 523 3630 illum
546 3566 734 3650 principales
756 3567 859 3632 οὐσίας
882 3565 1035 3639 docuisse,
1057 3565 1088 3627 id
1110 3565 1220 3629 itidem
1243 3563 1393 3627 Narcisso

349 3669 470 3732 Ariana
488 3668 703 3751 exprobrabat
719 3666 892 3731 Marcellus
908 3665 1099 3749 Ancyranus
1113 3665 1288 3749 episcopus.
1317 3663 1392 3728 Vid.

352 3769 557 3833 Marcelliano
574 3769 770 3854 Fragmenta
789 3792 809 3833 a
824 3769 862 3833 cl.
876 3767 1060 3852 Rettburgo
1075 3766 1217 3845 collecta,
1230 3767 1394 3852 Gottingae

354 3890 443 3952 1794.
468 3872 595 3957 Fragm.
613 3889 665 3953 70.
682 3884 713 3935 et
730 3890 780 3950 71.

393 3974 476 4036 Ibid.
500 3973 519 4036 l.
543 3995 589 4037 10.
614 3978 663 4052 τῆς
686 3973 862 4056 μοναρχίας]
889 3971 1041 4055 Superius
1068 3971 1195 4055 quidem
1222 3970 1393 4056 Dionysius

347 4081 414 4139 tres
429 4097 580 4159 personas
596 4075 717 4137 divinas
737 4074 780 4137 sic
796 4072 974 4156 distinguit,
991 4079 1027 4135 ut
1042 4072 1104 4134 Da·
1118 4071 1324 4134 cainaeorum
1338 4093 1394 4155 ap·

349 4177 550 4260 pellationem
574 4176 665 4239 Patri
688 4175 827 4238 tribuere
851 4174 1013 4237 videatur:
1041 4182 1077 4235 at
1099 4171 1232 4235 subinde
1254 4180 1393 4235 mentem

349 4300 438 4341 suam
461 4276 633 4360 explicans,
651 4274 789 4338 divinam
811 4274 1001 4337 Trinitatem
1026 4273 1057 4334 in
1080 4271 1236 4334 unitatem
1260 4278 1395 4346 naturae,

349 4402 412 4462 qua
438 4380 475 4441 fit
500 4386 537 4441 ut
563 4398 645 4439 unus
670 4376 878 4438 cainaeorum
904 4377 990 4438 Dara
1017 4373 1068 4449 sit,
1094 4372 1259 4436 convenire
1284 4380 1395 4457 aperte

349 4482 453 4543 docet.
499 4478 591 4558 Quod
612 4498 683 4539 cum
706 4476 753 4540 ita
773 4476 825 4551 sit,
841 4497 975 4558 cumque
996 4475 1079 4538 idern
1101 4480 1232 4537 sanctus
1251 4472 1394 4557 pontifex

350 4582 414 4645 tria
429 4581 593 4664 principia
613 4583 762 4660 respust;
785 4576 861 4659 quid
881 4576 1064 4640 monarchia
1083 4574 1209 4639 nomine
1229 4574 1288 4637 sibi
1308 4575 1396 4651 velit,

394 4705 458 4743 von.
476 4704 519 4742 m.
845 4697 900 4759 3o
