3700 5667
395 652 500 717 SYN.
519 653 750 717 ANTIOCH.
767 653 877 717 ADV.
895 654 1103 719 PAULUM
1124 656 1291 720 SAMOS.
1337 658 1402 727 999

348 830 587 924 πνευματικῆς
612 825 795 925 πέτρας,ἡ
823 823 861 903 δέ
887 825 1001 928 πέτρα
1024 823 1069 924 ἦν
1095 829 1114 905 ὁ
1140 827 1313 927 Χριστός.
1341 831 1400 907 καὶ

348 959 473 1055 πάλιν,
498 979 516 1034 P
531 957 635 1056 Μηδὲ
653 957 907 1060 ἐκπειράζωμεν
925 959 990 1038 τὸν
1011 958 1155 1061 Κύρων,
1175 959 1292 1044 καθώς
1310 994 1401 1044 τινες

349 1095 457 1175 αῦτὸν
483 1095 727 1199 ἐξεπείρασαν,
750 1096 810 1171 καὶ
835 1092 903 1172 ῦπὸ
929 1100 1002 1172 τῶν
1026 1093 1145 1196 ὄφεων
1168 1094 1397 1175 ἀπώλλυντο·

349 1232 408 1309 καὶ
433 1231 515 1331 περὶ
542 1228 738 1310 Μωυσέως·
777 1225 964 1328 (ίΜείζονα
987 1235 1147 1307 πλοῦτον
1172 1228 1401 1329 ἡγησάμενος

323 1372 421 1450 5τεῦν
435 1363 621 1465 Αἰγύπτου
641 1368 834 1464 θησαυρῶν
847 1361 910 1441 τὸν
924 1360 1127 1460 ὀνειδισμὸν
1140 1371 1204 1443 τοῦ
1219 1368 1396 1465 Χριστοῦ.

348 1503 406 1578 καὶ
435 1501 455 1577 ὁ
483 1499 633 1599 Πέτρος·
674 1498 792 1597 ΓΠερὶ
819 1495 861 1594 ἧς
888 1497 1067 1598 σωτηρίας
1095 1493 1313 1601 ἐξεζήτησαν
1340 1501 1399 1577 καὶ

349 1631 591 1739 ἐξηρεῦνησαν
613 1633 809 1736 προφῆται,
828 1635 861 1709 οἱ
885 1633 1048 1731 περὶτῆς
1069 1635 1118 1713 είς
1139 1630 1231 1729 ἡμᾶς
1254 1631 1398 1734 χάριτος

347 1766 673 1874 προφητεύσαντες·
703 1767 909 1866 ἐρευνῶντες
931 1770 979 1847 είς
999 1765 1089 1861 τίνα,
1108 1762 1131 1862 ἢ
1153 1773 1257 1845 ποῖον
1275 1767 1398 1870 καιρὸν

348 1900 476 2001 ἐδήλου
494 1899 536 1980 τῦ
553 1909 692 1998 πνεῦμα
710 1904 875 2000 Χριστοῦ
892 1901 930 1978 ἐν
948 1899 1078 1981 αὐτοῖς.
1106 1904 1135 1977 εὶ
1154 1898 1192 1978 δέ
1211 1899 1397 2003 ’Χριστὸς

307 2042 445 2117 10θεοῦ
472 2037 629 2135 δύναμις,
655 2040 713 2115 καὶ
742 2040 838 2114 Θεοῦ
863 2036 991 2141 σοφία,
1016 2032 1087 2137 πρὸ
1117 2035 1254 2114 αἰώνων
1282 2039 1396 2116 ἐστίν·

349 2174 441 2252 οὕτω
460 2173 520 2250 καὶ
543 2168 632 2251 καθὸ
651 2166 824 2272 Χριστὸς,
843 2166 882 2248 ἐν
901 2171 959 2247 καὶ
978 2167 1019 2247 τῦ
1038 2165 1124 2248 αὐτὸ
1143 2167 1194 2248 εῦν
1211 2175 1256 2274 τῇ
1274 2172 1395 2277 οὐσίᾳ·

348 2313 377 2385 εί
396 2309 453 2386 καὶ
473 2306 519 2385 τὰ
536 2307 701 2403 μάλιστα
718 2310 875 2385 πολλαῖς
894 2304 1061 2386 ἐπινοίαις
1080 2305 1280 2384 ἐπινοεῖται.

402 2449 529 2522 Ταῦτα
552 2440 624 2521 ἀπὸ
648 2441 833 2519 πλείστων
856 2439 965 2539 ὀλίγα
983 2436 1282 2537 σημειωσόμευοι,
1301 2449 1390 2535 βου·

347 2575 484 2674 λόμεθα
507 2583 643 2676 μαθεῖν,
662 2581 692 2655 εὶ
717 2574 763 2653 τὰ
789 2572 880 2653 αὐτὰ
905 2579 1048 2679 φρονεῖς
1073 2575 1157 2673 ἡμῖν
1181 2578 1239 2654 καὶ
1262 2575 1392 2655 διδοῖσ-

303 2747 312 2784 ι
321 2746 427 2809 5κεις,
445 2715 502 2791 καὶ
521 2709 870 2811 ῦποσημειοίσασθαί
883 2743 939 2803 σε,
957 2714 987 2787 εὶ
1005 2709 1140 2814 ἀρέσκῃ
1159 2717 1233 2792 τοῖς
1256 2745 1390 2813 προγε-

345 2845 569 2949 γραμμέυοις,
594 2843 615 2944 ἢ
644 2846 697 2924 οῦ.
743 2859 837 2918 Extat
858 2861 919 2919 hoec
941 2859 1078 2938 Epistola
1098 2881 1165 2919 cum
1186 2861 1255 2920 alibi
1277 2874 1341 2921 tum
1363 2862 1394 2922 in

348 2983 484 3042 Ανοιατίο
507 2983 644 3040 Duceano
662 2982 795 3041 Biblioth.
811 2982 878 3040 ΡΡ.
900 2984 985 3041 Tom.
1001 2985 1026 3043 1.
1047 3005 1076 3064 p.
1092 2986 1162 3044 302.
1182 2996 1212 3044 et
1233 2986 1264 3044 in
1284 2986 1393 3047 Concil.

346 3088 431 3146 Tom.
447 3088 472 3146 Ι.
488 3108 518 3166 p.
533 3086 604 3145 843.
620 3085 667 3144 ed.
682 3086 811 3144 stbaei.

344 3352 509 3431 postolum:
535 3353 677 3411 Bibebani
694 3362 786 3411 autem
806 3376 840 3413 es
890 3355 1019 3430 nificare!
1032 3354 1114 3411 ineis
1130 3353 1258 3432 Spiritus
1272 3353 1390 3413 Christi.

300 3433 471 3511 ²0spiritali
483 3442 583 3511 petra:
604 3442 689 3511 petra
704 3442 799 3491 autem
811 3455 838 3493 e·
892 3434 925 3492 si
944 3443 1041 3491 autem
1060 3432 1194 3492 Christus
1214 3433 1271 3491 Dei
1289 3434 1390 3503 virtus,

345 3522 391 3570 rat
409 3512 553 3571 Christus.
588 3516 627 3571 Et
641 3534 753 3572 rursus:
779 3515 838 3572 Ne·
891 3523 917 3572 et
940 3512 998 3571 Des'
1018 3513 1172 3591 sapientia,
1194 3524 1262 3571 unte
1287 3514 1393 3574 saeculs

345 3613 398 3669 que
422 3600 556 3651 tentemus
579 3594 741 3660 Βοτνίνιιιιν,
766 3594 840 3652 sicut
890 3603 954 3652 est:
976 3592 1019 3651 sic
1038 3603 1069 3651 et
1085 3604 1229 3668 quatenus
1247 3593 1391 3664 Christus,

344 3672 457 3745 quidam
472 3693 566 3731 eorum
579 3682 765 3740 tentaverunt.
782 3683 808 3732 et
822 3694 840 3731 α
890 3693 984 3731 unum
1006 3683 1036 3731 et
1055 3672 1132 3731 idem
1153 3684 1197 3731 est
1219 3674 1391 3743 substantia,

342 3753 519 3830 serpeniibus
541 3754 698 3833 perierunt.
740 3755 780 3813 Et
803 3755 840 3812 de
890 3752 1022 3830 quamvis
1038 3752 1139 3811 multis
1153 3753 1322 3812 notionibus
1341 3774 1391 3813 co-

298 3844 333 3904 25
343 3831 466 3910 Moyse:
488 3835 622 3913 Majores
636 3833 751 3892 divitias
764 3838 838 3892 cesti·
889 3834 1011 3912 gitetur.

342 3933 421 3970 mans
431 3916 564 3973 thesauro
573 3913 774 3992 AEgypls'orum
787 3915 835 3972 ι’νι.
932 3913 1006 3972 Hoec
1028 3933 1064 3971 ex
1079 3912 1212 3992 plurimis
1232 3934 1324 3992 psuea
1337 3935 1391 3974 no·

339 3993 504 4070 properium
520 3993 637 4053 Christi.
660 3994 700 4051 Et
715 3994 835 4052 Petrus:
889 3992 1026 4051 tavimus.
1056 3993 1137 4052 Scire
1148 3992 1282 4051 volumus
1293 4015 1329 4052 an
1341 4015 1390 4053 ea-

340 4074 387 4131 De
398 4094 454 4152 qua
465 4074 557 4133 salute
568 4074 760 4152 exquisierant
769 4095 838 4151 pro-
889 4073 955 4132 dem
980 4073 1129 4130 nobiscum
1153 4073 1260 4130 sentias
1283 4083 1313 4132 et
1337 4074 1389 4131 do·

338 4154 438 4230 phetoe,
461 4157 508 4229 qui
528 4153 685 4231 defutura
708 4157 736 4211 iu
759 4154 838 4212 nobis
888 4174 971 4212 sess:
1001 4164 1032 4211 et
1059 4152 1142 4211 nobis
1170 4152 1323 4230 significes.
1352 4173 1388 4211 sn

294 4235 439 4311 3ogratia
446 4235 695 4311 prophetaverunt,
705 4242 836 4291 scrutan-
888 4233 934 4303 iis,
959 4252 1024 4309 quae
1048 4233 1182 4310 superius
1210 4232 1387 4310 scripsimus,

341 4321 383 4372 tes
394 4314 422 4373 in
434 4315 509 4394 quod
519 4315 563 4374 vel
570 4314 653 4388 quale
661 4322 769 4392 tempus
777 4313 838 4391 sig.
888 4312 1065 4379 assentiaris,
1080 4332 1117 4370 an
1132 4331 1201 4370 non.

504 4546 518 4582 ν
534 4549 542 4581 ι
558 4532 613 4581 Cor.
626 4550 650 4581 x.
663 4547 686 4595 ι).
1036 4542 1049 4578 q
1062 4531 1126 4580 Heb.
1137 4530 1171 4578 xi.
1186 4531 1225 4578 ss.

503 4627 514 4656 r
529 4631 538 4664 1
553 4615 604 4664 Pes
617 4615 634 4662 i.
649 4629 684 4664 ιο.
1038 4622 1050 4650 ⁸
1064 4625 1073 4659 1
1086 4613 1142 4660 Cor.
1154 4611 1170 4659 i.
1186 4624 1223 4672 ²⁴·

821 4713 911 4778 sqz
